3768 5736
514 425 591 476 Αυιι
610 425 745 476 υτυιιυι
763 424 949 476 mouns
967 425 1020 475 ιυι.
1040 423 1141 476 PflYs.
1154 421 1197 476 ου.
1210 422 1243 480 νο
1492 425 1553 490 461

192 594 226 657 τό
249 593 339 677 μηδὲν
367 591 451 656 οὐδέν
478 592 539 656 ἐστι
561 593 667 678 πέρας,
693 593 786 663 οὕτως
808 591 950 656 οὐδὲτοῦ
973 592 1106 677 μηδενός,
1129 591 1190 657 υίόν
1212 591 1272 656 ἐστι
1295 592 1329 654 τὸ
1351 593 1444 658 κενόν.
1481 594 1556 658 κατὰ

191 695 246 780 γὰρ
268 696 321 778 τὴν
343 696 433 760 αὑτοῦ
457 696 613 760 ὑπόστασιν
642 695 760 780 ἀπειρόν
787 696 864 772 ἐστι,
890 701 1064 780 περατοῦται
1086 693 1113 758 δ’
1141 693 1178 758 ai
1201 699 1287 758 τοῦτο
1309 695 1555 780 ἐκπληροόμενον·

192 801 244 861 τοῦ
267 797 300 861 δέ
321 801 499 883 πληροῦντας
524 797 663 882 ἀρθέντος
686 797 739 862 οὐκ
762 795 838 862 έστιν
860 797 950 862 αίιτόὖ
972 801 1075 883 νοῆσαι
1098 797 1198 882 πέρας.

853 1088 873 1153 2

254 1193 340 1246 stob.
358 1197 406 1246 ecl.
419 1193 461 1248 18
479 1193 514 1246 40
535 1191 570 1246 42
589 1211 613 1260 ρ.
627 1191 687 1246 θ54.
701 1088 895 1247 iis—2621?

277 1294 397 1380 Ζήνων
424 1295 517 1382 ἔφησε
545 1295 650 1381 χρόνον
679 1293 751 1358 εἶναι
772 1295 914 1378 κινήσεως
936 1295 1096 1377 διάστημα,
1122 1297 1208 1358 τοῦτο
1236 1293 1268 1358 δὲ
1298 1294 1347 1358 καὶ
1376 1292 1478 1378 μέτρον
1505 1296 1554 1360 καί

192 1401 336 1482 κριτήριον
358 1401 467 1485 τάχους
488 1423 519 1464 τε
540 1399 589 1462 καὶ
612 1397 798 1484 βραδύτητας,
821 1397 901 1464 όπως
922 1393 1049 1480 ἔχει**
1060 1394 1079 1436 *
1091 1397 1166 1460 κατὰ
1187 1400 1287 1460 τοῦτον
1311 1397 1344 1460 δὲ
1365 1395 1495 1480 γίνεσθαι
1517 1399 1583 1464 τόν

191 1500 328 1583 γινόμενοι
350 1503 398 1566 καὶ
420 1503 456 1566 τά
477 1501 671 1587 περαινόμενα
693 1500 806 1562 ἅπαντα
828 1499 876 1563 καὶ
898 1498 935 1562 τὰ
957 1497 1026 1564 ὄντα
1047 1498 1129 1563 εἶναι.

273 1601 536 1690 Ἀπολλόδωρος
558 1602 584 1667 δ’
606 1605 636 1668 ἐν
659 1608 696 1685 τῇ
721 1602 838 1684 Φυσικῇ
861 1600 953 1686 τέχνη
976 1602 1069 1672 οὕτως
1090 1601 1215 1686 ὁρίζεται
1236 1601 1285 1666 τόν
1306 1601 1426 1686 χρόνον·
1449 1603 1555 1688 χρόνος

191 1703 216 1768 δ’
244 1705 304 1770 ἐστὶ
326 1712 379 1791 τῆς
401 1711 452 1770 τοῦ
482 1707 593 1790 κόσμου
620 1707 761 1796 κινήσεως
783 1705 943 1788 διάστημα,
974 1705 1067 1774 οὕτως
1093 1702 1119 1768 δ’
1147 1704 1223 1768 ἐστίν
1250 1703 1368 1790 ἄπειρος
1396 1707 1437 1776 ὡς
1459 1707 1475 1770 ό
1498 1711 1554 1778 πᾶς

192 1808 318 1892 ἀριθμός
344 1808 462 1893 ἄπειρος
489 1809 600 1892 λέγεται
627 1807 715 1872 εἶναι·
744 1808 778 1870 τὸ
801 1807 853 1889 μὲν
874 1808 928 1892 γάρ
951 1807 1027 1870 ἐστιν
1049 1806 1139 1871 αὐτοῦ
1162 1807 1365 1891 παρεληλυθὸς
1386 1807 1420 1870 τὸ
1442 1809 1475 1870 δέ
1497 1808 1554 1872 ἐνε-

192 1913 297 1994 στηκὸς
323 1914 357 1976 τὸ
385 1913 418 1976 δὲ
445 1911 560 1996 μέλλον.
596 1910 742 1974 ἐνεστάναι
770 1910 803 1974 δέ
825 1911 874 1973 τόν
896 1911 989 1972 πάντα
1011 1909 1131 1993 χρόνον,
1154 1913 1195 1979 ὡς
1216 1911 1266 1972 τὸν
1289 1910 1417 1974 ἐνιαυτὸν
1440 1911 1552 1996 ἐνεστη-
1573 1937 1595 1976 ιι

191 2011 272 2077 κέναι
301 2013 438 2098 λέγομεν,
472 2015 546 2078 κατὰ
573 2015 692 2097 μείζονα
717 2015 910 2098 περιγραφήν,
940 2012 989 2075 καὶ
1016 2014 1156 2097 ὑπάρχειν
1186 2015 1202 2076 ό
1228 2016 1285 2082 πᾶς
1313 2011 1418 2098 χρόνος
1443 2013 1555 2097 λέγεται

192 2113 308 2186 οὐθενὸς
330 2115 421 2180 αὐτοῦ
443 2120 502 2180 τῶν
525 2121 621 2202 μερῶν
645 2116 825 2200 ὑπάρχοντος
847 2113 1071 2198 ἀπαρτιζόντως.

278 2217 527 2289 Ποσειδώνιος·
550 2219 587 2283 τὰ
607 2219 659 2302 μέν
682 2218 742 2281 ἐστι
765 2219 839 2282 κατὰ
861 2221 918 2280 πᾶν
940 2217 1056 2300 ἄπειρα,
1078 2219 1119 2286 ὡς
1141 2219 1157 2281 ό
1180 2217 1295 2301 σόμπας
1318 2218 1436 2304 χρόνος·
1464 2219 1500 2284 τά
1523 2219 1555 2284 δὲ

192 2321 267 2383 κατά
289 2321 327 2397 τί,
351 2325 391 2390 ὡς
414 2323 430 2384 ό
453 2321 664 2405 παρεληλυθὼς
687 2320 791 2406 χρόνος
813 2321 862 2384 καί
885 2322 901 2384 ό
925 2319 1054 2402 μέλλων·
1077 2319 1151 2382 κατὰ
1172 2319 1227 2404 γάρ
1248 2322 1297 2384 τὸν
1320 2321 1449 2406 παρόντα
1468 2321 1555 2403 μόνον

194 2423 330 2507 ἑκάτερος
352 2423 536 2507 πεπέρανται.
559 2423 607 2486 τόν
630 2423 664 2486 δέ
685 2422 789 2508 χρόνον
805 2423 897 2492 οὕτως
919 2421 1054 2504 ὁρίζεται,
1077 2423 1222 2505 διάστημα
1244 2425 1385 2508 κινήσεως
1407 2425 1426 2508 ή
1451 2423 1553 2509 μέτρον
1572 2451 1596 2490 ιι

193 2525 302 2609 τάχους
317 2549 348 2589 τε
364 2527 411 2590 καί
435 2527 621 2612 βραδότητος,
645 2525 725 2594 ὅπως
740 2523 803 2610 ἔχει
819 2526 852 2588 τό
867 2523 1082 2606 ἐπινοοόμενον·
1105 2523 1180 2608 (καὶ)
1196 2526 1270 2590 κατὰ
1286 2527 1319 2589 τό
1335 2526 1407 2590 πότε
1420 2530 1472 2590 τοῦ
1487 2526 1555 2611 χρό-

194 2651 244 2691 νου
266 2629 315 2692 τθν
338 2629 390 2712 μὲν
413 2628 485 2692 εἶναι
508 2629 745 2712 παρεληλυθότα,
772 2629 820 2691 τὸν
843 2628 876 2690 δὲ
899 2626 1056 2709 μέλλοντα,
1085 2627 1134 2690 τόν
1156 2628 1189 2690 δὲ
1210 2628 1349 2713 παρόντα,
1371 2630 1404 2700 ὃς
1425 2626 1460 2692 ἐκ
1480 2653 1555 2700 τινος

194 2731 299 2816 μέρους
320 2735 372 2795 τοῦ
394 2730 630 2816 παρεληλυθότος
652 2731 701 2794 καί
723 2734 774 2794 τοῦ
798 2730 952 2813 μέλλοντος
973 2730 1038 2814 περὶ
1053 2730 1103 2792 τόν
1118 2731 1265 2814 διορισμὸν
1280 2730 1368 2796 αὐτὸν
1384 2731 1553 2816 συνέστηκε·

192 2835 242 2897 τόν
269 2834 302 2897 δέ
328 2835 475 2919 διορισμὸν
503 2835 656 2918 σημειώθη
683 2833 766 2897 εἶναι.
802 2834 836 2897 τὸ
866 2833 899 2896 ii
924 2837 973 2896 νῦν
1001 2832 1048 2896 καὶ
1074 2832 1110 2896 τά
1137 2832 1223 2915 όμυια
1254 2834 1284 2898 ἐν
1316 2836 1418 2899 πλάτει
1450 2834 1555 2920 χρόνον

193 2937 241 3001 καί
264 2937 332 3022 οὐχί
353 2935 417 3002 κατ’
445 2938 626 3022 ἀπαρτισμὸν
648 2937 788 3001 νοεῖσθαι.
823 2935 959 3019 λέγεσθαι
982 2936 1014 2998 θέ
1036 2937 1069 2998 τὸ
1091 2939 1141 2998 νῦν
1162 2939 1211 3001 καί
1233 2937 1307 3000 κατὰ
1329 2938 1378 3001 τὸν
1399 2938 1553 3024 ἐλάχιστον
1571 2963 1596 3002 νο

193 3040 265 3124 πρὸς
297 3038 433 3124 αἴσθησιν
468 3041 573 3125 χρόνον
611 3040 676 3124 περὶ
703 3040 753 3103 τὸν
786 3040 933 3124 διορισμὸν
965 3042 1017 3102 τοῦ
1051 3037 1205 3120 μέλλοντος
1238 3041 1286 3104 καὶ
1319 3042 1556 3126 παρεληλυθότος

194 3145 408 3226 συνιστάμενον.

274 3242 310 3310 Ὁ
337 3245 370 3308 δὲ
398 3243 605 3328 Χρύσιππος
633 3243 738 3328 χρόνον
764 3241 837 3306 εἶναι
859 3245 1001 3329 κινήσεως
1024 3244 1184 3328 διάστημα,
1213 3243 1283 3310 καθ’
1312 3247 1423 3311 θποτέ
1443 3245 1556 3329 λέγεται

194 3349 297 3432 μέτρον
319 3349 428 3432 τάχους
449 3347 550 3411 τεκαὶ
574 3346 760 3433 βραδύτητος,
783 3345 802 3429 ή
825 3347 858 3409 τό
881 3347 1120 3431 παρακολουθοῦν
1143 3347 1289 3431 διάστημα
1310 3355 1347 3431 τῇ
1371 3353 1423 3412 τοῦ
1443 3348 1555 3431 κόσμου

193 3453 316 3536 κινήσει·
339 3449 388 3514 καί
410 3448 485 3513 κατὰ
507 3449 559 3532 μέν
582 3451 630 3512 τὸν
653 3448 758 3534 χρόνον
781 3449 923 3512 κινεῖσθαί
944 3472 976 3512 τε
990 3448 1100 3512 έκαστα
1114 3450 1162 3512 καί
1177 3448 1265 3514 εἶναι·
1287 3451 1313 3514 εί
1329 3453 1370 3536 μὴ
1386 3451 1443 3536 ἀρα
1459 3452 1552 3520 διττός
1568 3473 1593 3512 τι

192 3553 305 3636 λέγεται
328 3555 344 3617 ό
366 3552 486 3638 χρόνος,
508 3552 642 3636 καθάπερ
664 3553 684 3636 ή
707 3574 739 3614 τε
759 3556 797 3636 γῆ
820 3551 868 3614 καὶ
892 3553 911 3635 ἡ
935 3551 1065 3614 θάλαττα
1087 3552 1190 3614 καὶτὸ
1214 3553 1295 3616 κενὸν
1318 3555 1355 3617 τά
1375 3575 1407 3617 τε
1429 3553 1484 3617 όλα
1506 3553 1554 3616 καὶ

192 3657 228 3720 τὰ
251 3655 326 3740 μέρη
348 3655 385 3718 τὰ
406 3653 512 3718 αὐτῶν.
536 3655 635 3739 ὥσπερ
657 3655 690 3718 δέ
711 3655 745 3717 τό
767 3654 849 3716 κενὸν
871 3657 928 3716 πᾶν
950 3652 1068 3737 ἄπειρον
1090 3653 1162 3717 εἶναι
1186 3656 1292 3738 πάντη,
1314 3654 1363 3718 καί
1385 3656 1435 3718 τὸν
1450 3655 1555 3741 χρόνον

191 3759 285 3822 πάντα
311 3756 428 3840 ἄπειρον
456 3755 528 3820 εἶναι
557 3755 603 3842 ἐφ’
631 3756 770 3840 ἑκάτεροι·
792 3755 840 3820 καὶ
867 3756 922 3840 γὰρ
949 3757 998 3819 τὸν
1025 3756 1249 3840 παρεληλυθότα
1272 3757 1391 3820 καὶτὸν
1414 3758 1555 3840 μέλλοντα

192 3859 309 3946 ἄπειρον
333 3858 416 3924 εἶναι.
438 3859 637 3946 ἐκφανέστατα
660 3859 693 3922 δὲ
713 3863 798 3922 τοῦτο
819 3857 906 3942 λέγει,
929 3859 972 3922 ότι
988 3858 1086 3928 οὐθείς
1102 3860 1178 3930 όλως
1192 3859 1335 3924 ἐνίσταται
1351 3860 1468 3945 χρόνος·
1492 3861 1554 3925 ἐπεὶ

191 3963 246 4049 γὰρ
268 3963 309 4032 εἰς
331 3961 449 4047 άπειρον
471 3965 490 4047 ἡ
513 3961 589 4044 τομὴ
611 3963 670 4024 τῶν
692 3960 872 4046 συνεχόντων
895 3961 967 4040 ἐστι’,
988 3961 1063 4025 κατά
1084 3962 1137 4046 τήν
1159 3963 1295 4048 διαίρεσιν
1310 3962 1417 4048 ταύτην
1432 3965 1480 4028 καὶ
1495 3967 1552 4034 πᾶς
1571 3993 1595 4032 κο

72 4089 77 4098 ·
191 4065 296 4151 χρόνος
324 4065 365 4135 εἰς
393 4063 510 4148 ἄπειρον
538 4060 602 4148 ἔχει
629 4063 682 4146 τὴν
695 4065 815 4147 Ιτομήν·
850 4063 926 4127 ὥστε
954 4061 1069 4147 μηθένα
1095 4062 1159 4127 κατ’
1193 4066 1374 4150 ἀπαρτισμὸν
1407 4067 1554 4132 ἐνεστάναι

192 4167 309 4254 χρόνον,
331 4166 407 4232 ἀλλὰ
429 4167 503 4230 κατὰ
525 4165 632 4234 πλάτος
654 4164 801 4248 λέγεσθαι.
833 4165 920 4248 μόνον
942 4166 975 4230 δέ
994 4167 1135 4252 ὑπάρχειν
1157 4167 1229 4252 φησί
1251 4169 1301 4231 τὸν
1323 4168 1483 4248 ἐνεστῶτα,
1505 4171 1554 4233 τόν

192 4335 277 4390 Ιοίιόέ
294 4337 366 4390 1sz
385 4336 411 4390 iv
430 4335 497 4402 (aiii
516 4339 578 4401 om.)
601 4335 649 4406 Oli
665 4333 746 4395 οὕτως
763 4335 789 4389 ii
807 4341 844 4390 λι
897 4341 998 4390 correxi
1017 4335 1033 4406 ΙΙ
1057 4339 1086 4392 16
1105 4337 1149 4389 καί
1168 4353 1224 4396 πως
1242 4339 1298 4402 [καὶ
1317 4345 1373 4398 πῶς
1391 4341 1424 4407 C]
1442 4341 1495 4411 ίχει
1512 4340 1554 4394 τὸν

191 4439 256 4476 corr.
275 4427 383 4478 Usener.
403 4423 484 4484 οὕτως
502 4427 546 4478 καὶ
565 4429 625 4479 Vat.
648 4435 674 4477 et
697 4428 765 4490 Aug.
789 4421 803 4492 ΙΙ
829 4424 845 4476 θ
897 4421 1069 4493 ἐπινουόμενον
1081 4427 1118 4476 A:
1138 4441 1204 4476 corr.
1224 4428 1325 4479 Ηεειειι
1346 4424 1359 4495 ΙΙ
1374 4427 1417 4479 καὶ
1436 4429 1523 4479 αάἀίσί
1539 4425 1552 4494 ΙΙ

191 4509 238 4579 τὴν
257 4509 333 4564 αὑτοῦ
352 4517 444 4580 vulgo:
464 4517 564 4565 correxi
581 4557 591 4571 ,
899 4513 931 4566 19
943 4511 1033 4582 χρόνου
1046 4516 1083 4563 A:
1103 4529 1167 4564 οοιτ.
1182 4514 1290 4566 Usener.
1303 4517 1407 4566 seclusit
1420 4517 1522 4566 Ηεετειι
1537 4511 1552 4582 ΙΙ

227 4599 244 4652 4
262 4599 814 4668 deff.260f.1’r01.p.73sqq.1v1vnx
830 4595 844 4668 ΙΙ
896 4599 930 4653 23
948 4595 1006 4650 καθ’
1028 4597 1055 4650 όν
1073 4602 1111 4652 Δι
1129 4615 1195 4651 corr.
1215 4602 1316 4654 Ηοειειι
1337 4598 1350 4668 ii
1372 4599 1406 4654 24
1424 4603 1493 4652 idem
1513 4619 1553 4654 τε·

191 4689 311 4739 Ιειιιυιεια
334 4685 453 4758 Ζήνωνος
475 4685 662 4757 Ἀπολλοδώρου
682 4682 847 4739 Ποσειδωνίου
898 4691 992 4754 petitur
1010 4703 1026 4739 ιι
1044 4688 1157 4739 Stobneo
1176 4703 1202 4754 ρ.
1215 4685 1307 4741 θόθΗ.
1329 4698 1388 4754 post
1406 4691 1465 4740 Αέτ.
1476 4692 1487 4739 1
1498 4686 1554 4740 222

190 4771 337 4843 Χρυσίππου
361 4780 387 4828 in
406 4793 486 4843 marg.
504 4781 597 4828 iterata
615 4785 681 4826 sunt.
712 4784 771 4840 ροει
788 4773 848 4826 εἶναι
898 4775 988 4844 μέτρον
1001 4771 1182 4844 βραθότητοςή
1200 4775 1293 4843 τάχους
1311 4774 1363 4826 εῐπι
1382 4771 1525 4844 Χρόσιππος
1540 4771 1552 4841 ii

191 4881 215 4914 v.
229 4864 245 4916 6
263 4865 434 4929 interponitur
451 4869 563 4916 Hermae
581 4867 653 4916 locus
666 4859 680 4930 ΙΙ
696 4861 784 4928 θροκι
796 4861 848 4930 ἐχιι
899 4859 932 4914 29
948 4861 1120 4930 ἐκφανέστατα
1134 4864 1170 4911 A:
1191 4859 1366 4931 ἐμφανέστατα
1384 4865 1442 4913 eod.
1457 4865 1524 4927 Aug.
1540 4861 1553 4930 ΙΙ

189 4953 244 5003 hiat
267 4955 351 5003 oratio
374 4955 405 5004 ci.
430 4972 454 5004 v.
472 4953 501 5015 16
522 4949 535 5021 ii
560 4950 590 5004 12
611 4949 787 5019 ἀπαρτίζοντος
809 4955 847 5002 A:
898 4945 956 5007 όλος
984 4953 1020 5000 Αι
1051 4965 1117 5000 corr.
1145 4949 1201 5000 eod.
1231 4952 1300 5016 Aug.
1330 4947 1342 5016 ii
1372 4947 1405 5001 32
1433 4950 1493 5020 φησὶ
1521 4953 1554 5002 C:

189 5055 254 5091 corr.
278 5041 380 5092 Ηεετετι
400 5037 414 5108 ΙΙ
437 5039 469 5093 15
492 5039 618 5109 ίκατίροις
640 5038 791 5108 πεπόρισται
810 5041 847 5090 A:
899 5037 998 5106 φασὶθ
