3708 5732
330 382 392 445 170
701 387 764 435 xxv
802 387 851 436 nn
871 385 1086 439 consanum
1106 387 1314 441 ausemano

327 553 360 615 δὲ
382 553 431 615 καί
453 553 587 638 ἀκίνητον
609 554 657 617 καὶ
679 554 754 616 κατὰ
775 559 879 638 σχῆμα
898 575 979 638 σφαι-
1074 553 1238 639 Theophr.
1258 554 1334 621 fue
1367 555 1591 641 Παρμενίδης
1613 603 1621 620 .
1643 605 1651 620 .
1678 601 1685 616 .

327 656 435 737 ροειδὲς
457 657 597 741 ὑπάρχειν
620 656 797 737 έδογμάτιζε.
1031 655 1090 720 καί
1110 657 1251 742 ἀλήθειαν
1267 658 1318 741 μὶν
1333 657 1365 722 έν
1379 660 1413 722 τὸ
1428 662 1485 722 πᾶν
1507 660 1555 723 καὶ
1570 659 1686 745 ἀγέννη-

1030 782 1079 822 τον
1102 759 1150 823 καὶ
1173 760 1352 844 σφαιροειδὲς
1374 762 1598 847 ὑπολαμβάνων.

369 859 447 924 XIV
463 860 503 924 19
523 871 538 921 9
570 862 618 924 τδν
642 861 694 942 μὲν
716 859 766 924 οὖν
790 859 978 945 Μητρόδω-
1070 860 1405 946 Theophr.fr.80xtr.
1428 865 1478 927 καὶ
1494 862 1684 948 Μητρόδω-

327 987 383 1046 ρον
405 961 586 1046 Δημοκρίτου
609 959 720 1048 ἔφασαν
735 963 900 1045 ἀκηκοέναι.
929 965 977 1049 ἀρ·
1030 961 1198 1048 ροςδΧῖος
1210 964 1305 1050 ἀρχὰς
1316 965 1421 1050 σχεδόν
1429 987 1455 1027 τι
1467 965 1615 1036 τὰςαδτὰς
1623 971 1684 1035 τοῖς

326 1066 383 1150 χὰς
400 1066 433 1129 δὲ
455 1065 663 1150 ἀποφήνασθαι
688 1067 721 1128 τὸ
744 1067 852 1149 πλήρες
874 1067 921 1130 καὶ
944 1068 977 1129 τδ
1029 1067 1093 1151 περὶ
1108 1067 1288 1151 Δημόκριτον
1311 1069 1390 1129 ποιεῖ
1409 1067 1443 1129 τδ
1463 1070 1572 1153 πλῆρες
1586 1069 1635 1132 καὶ
1650 1069 1683 1131 rh

325 1169 417 1231 κενόν.
1028 1171 1109 1233 κενὸν
1131 1170 1183 1239 τὰς
1205 1171 1321 1253 πρώτας
1342 1167 1435 1238 αίτίας
1457 1169 1646 1252 ὑποθέμενος.

325 1267 423 1334 etiam
448 1267 504 1334 alii
527 1267 600 1333 aliis
622 1269 671 1334 usi
694 1276 768 1334 sunt
791 1269 976 1336 enchiridiis
1002 1271 1176 1356 scriptores
1204 1270 1429 1356 ecclesiastici,
1456 1291 1591 1354 quorum
1623 1272 1683 1339 etsi

326 1370 415 1453 origo
438 1371 556 1436 crassis
580 1370 721 1437 tenebris
737 1371 898 1437 occultata
912 1378 962 1438 est
984 1371 1059 1458 (nisi
1074 1373 1160 1457 quod
1175 1371 1411 1457 Theophrastei
1433 1393 1500 1438 non
1514 1371 1595 1437 nihil
1611 1393 1684 1440 con-

324 1473 469 1556 spicuum
491 1475 562 1556 est),
584 1480 693 1538 tamen
715 1479 750 1537 ut
772 1473 993 1540 incredibilem
1016 1475 1129 1540 harum
1150 1474 1330 1540 litterarum
1346 1473 1526 1542 ubertatem
1546 1474 1682 1561 mireris,

325 1575 514 1642 brevissime
537 1575 598 1642 hoo
621 1576 692 1640 loco
714 1575 909 1642 mentionem
931 1575 1039 1643 facere
1061 1597 1127 1643 non
1149 1576 1290 1642 alienum
1313 1583 1370 1643 est

409 1697 448 1743 ao
472 1677 738 1742 Theodoretus
760 1677 888 1760 quidem
911 1677 1009 1744 habet
1032 1678 1094 1744 hoc
1117 1677 1324 1744 summarium
1347 1677 1461 1745 Graec.
1484 1681 1538 1746 aff.
1561 1701 1627 1746 cur.
1650 1683 1682 1746 11

323 1781 427 1845 9-11
452 1779 569 1864 Θαλής
591 1779 642 1861 μέν
664 1780 718 1862 γὰρ
741 1783 800 1842 τῶν
823 1781 896 1844 ἑπτὰ
917 1781 1103 1864 καλουμένων
1126 1786 1226 1867 σοφῶν
1249 1783 1474 1868 ὁπρεσβὺτατος
1497 1784 1593 1870 ἀρχὴν
1613 1785 1681 1850 ποίν-

323 1905 381 1946 των
405 1884 439 1946 τὸ
464 1883 541 1966 ὕδωρ
564 1881 705 1966 ὑπέλαβεν
723 1877 859 1966 Ὁμήρῳ
882 1905 913 1964 γε
936 1881 1016 1966 οἶμαι
1038 1883 1165 1968 εἰρηκότι
1186 1884 1341 1954 πιστεύσας

523 1981 657 2047 Ὠκεανόν
679 2007 711 2046 τε
733 1983 812 2046 θεῶν
833 1983 941 2066 γένεσιν
964 1985 1012 2048 καὶ
1036 1986 1147 2070 μητέρα
1169 1983 1269 2070 Τηθύν

408 2085 674 2170 Ἀναξίμανδρος
696 2086 728 2148 δὲ
750 2089 850 2148 τοῦτον
874 2085 1074 2169 διαδεξάμενος
1096 2088 1191 2174 ἀρχὴν
1213 2085 1271 2173 ἔφη
1293 2089 1327 2152 τδ
1349 2087 1465 2172 άπειρον

404 2187 629 2271 Ἀναξιμένης
658 2188 691 2251 δὲ
719 2189 734 2250 6
761 2187 863 2251 τοὺτου
891 2189 1027 2274 διάδοχος
1055 2189 1103 2253 καί
1132 2189 1296 2274 Διογένης
1322 2193 1338 2254 6
1364 2189 1606 2276 Ἀπολλωνιάτης
1631 2194 1680 2255 τδν

322 2291 394 2376 ἀέρα
417 2290 576 2376 ξυμφώνως
597 2291 692 2376 ἀρχὴν
715 2293 984 2374 προσηγορευσαίτην

401 2389 561 2464 Ἵππασος
584 2394 616 2457 δὲ
638 2395 654 2456 6
677 2390 891 2463 Μεταποντῖνος
912 2394 960 2456 καί
978 2392 1201 2478 Ἡράκλειτος
1224 2396 1240 2458 6
1260 2389 1389 2479 Ἐφέσιος
1411 2401 1454 2482 τῷ
1477 2396 1544 2480 πυρὶ
1563 2397 1615 2482 τὴν
1631 2398 1679 2483 ἀρ

321 2495 379 2580 χὴν
401 2499 459 2559 τῶν
482 2496 596 2559 πάντων
619 2495 811 2578 άπενειμάτην

408 2600 424 2662 6
447 2597 480 2660 δὲ
502 2596 722 2682 Ἀκραγαντῖνος
744 2593 977 2680 Ἐμπεδοκλῆς
998 2597 1034 2661 τὰ
1057 2602 1187 2683 στοιχεῖα
1209 2597 1267 2683 ἔφη
1288 2599 1325 2661 τὰ
1346 2597 1467 2683 τέτταρα

407 2698 611 2784 Ξενοφάνης
633 2700 666 2762 δὲ
688 2703 704 2764 6
727 2697 914 2784 Κολοφώνιος
936 2701 969 2762 τδ
992 2703 1048 2762 πᾶν
1071 2700 1161 2763 ἀίδιον
1184 2701 1218 2764 ἐκ
1240 2701 1273 2764 δὲ
1294 2705 1346 2784 τῆς
1368 2705 1421 2785 γῆς
1441 2703 1478 2766 τὰ
1499 2702 1593 2766 πάντα

407 2801 454 2864 καί
478 2799 698 2886 Παρμενίδης
721 2803 753 2865 δὲ
776 2803 791 2866 6
813 2799 915 2864 τοὺτου
936 2802 1049 2886 ἑταῖρος
1068 2804 1084 2866 6
1100 2799 1236 2885 Ἐλεάτης
1258 2803 1398 2870 ὡσαύτως
1419 2802 1501 2866 τάνδε
1521 2805 1571 2868 τδν
1592 2805 1687 2888 λόγον·

321 2903 467 2986 ἐκράτυνε,
489 2905 591 2988 ψευδὲς
614 2905 646 2967 δὲ
668 2904 800 2989 ἀπέφηνε
822 2909 879 2968 τῶν
902 2903 1069 2988 αἰσθήσεων
1091 2906 1124 2968 τὸ
1147 2907 1290 2990 κριτήριον
1315 2907 1421 2990 ήκιστα
1442 2905 1534 2988 λέγων
1556 2907 1676 2991 ἐφικνεῖ-

319 3005 389 3068 σθαι
410 3011 495 3068 τοῦτο
517 3012 570 3089 τής
591 3005 731 3089 ἀληθείας

405 3109 623 3192 Δημόκριτος
645 3109 678 3171 δὲ
700 3111 715 3172 6
738 3105 912 3192 Ἀβδηρίτης
933 3108 1050 3192 ἄπειρον
1072 3109 1105 3171 τὸ
1128 3112 1184 3171 πᾶν
1207 3105 1304 3193 εἴρηκε
1326 3107 1374 3172 καί
1397 3107 1534 3192 ἀγένητον

404 3207 606 3294 Ἐπίκουρος
630 3210 662 3272 δὲ
684 3211 700 3273 6
724 3207 886 3279 Νεοκλέους
909 3211 925 3273 6
948 3207 1106 3293 Ἀθηναῖος
1128 3211 1161 3272 dx
1175 3214 1233 3274 τῶν
1249 3211 1367 3295 ἀτόμων
1382 3210 1412 3281 ἐξ
1428 3213 1525 3297 ἀρχῆς
1538 3217 1675 3296 συστῆναι

319 3313 351 3374 τὸ
374 3315 441 3388 πᾶν,
463 3309 535 3374 είναι
558 3313 654 3392 μέντοι
676 3310 803 3396 ἄναρχον
825 3313 873 3374 καὶ
896 3312 986 3376 ἀίδιον

405 3415 452 3476 καί
476 3413 717 3498 Μητρόδωρος
739 3415 772 3478 δὲ
795 3411 901 3484 ὑΧῖος
923 3415 971 3477 καὶ
986 3413 1089 3500 Ζήνων
1105 3418 1121 3480 6
1137 3413 1273 3499 Ἐλεάτης
1296 3417 1344 3479 καὶ
1366 3413 1534 3498 Διογένης
1552 3419 1568 3482 6
1583 3415 1676 3502 Σμυρ

317 3520 395 3584 ναῖος
417 3516 571 3600 διαφόρους
594 3519 688 3603 άρχὰς
711 3522 768 3580 τῶν
792 3517 867 3581 ὅλων
891 3517 1041 3580 ὑπέθεντο.

402 3637 468 3682 non
490 3619 581 3682 nulla
603 3619 775 3685 videantur
790 3617 935 3683 Actiacis
958 3623 1097 3700 cognata
1117 3619 1207 3684 velut
1229 3624 1359 3702 praeter
1374 3619 1522 3703 vulgaria
1536 3618 1673 3704 Hippasi

320 3738 392 3782 cum
413 3719 577 3786 Heraclito
601 3720 879 3803 Xenophanisque
901 3720 1032 3804 placita,
1055 3739 1138 3803 quae
1161 3741 1202 3786 ex
1224 3721 1288 3787 alio
1310 3720 1507 3787 Theodoreti
1529 3721 1600 3787 loco
1623 3719 1675 3808 [of.

318 3819 362 3885 ad
383 3821 454 3886 Act.
478 3822 493 3886 I
516 3824 536 3887 5
557 3829 572 3884 5
596 3823 665 3886 etl
687 3825 706 3887 3
732 3819 775 3908 la]
797 3821 956 3906 supplevi.
997 3821 1056 3888 sed
1077 3823 1280 3890 Parmenidis
1301 3825 1392 3890 locus
1414 3823 1468 3908 qui
1489 3822 1581 3888 initio
1604 3843 1677 3890 eon-

319 3923 429 4006 sentit,
457 3923 490 3988 in
517 3923 649 4005 reliquis
674 3925 707 3990 in
733 3925 831 4008 plane
858 3922 925 3988 alia
951 3923 1090 3989 excurrit
1117 3931 1215 4009 atque
1237 3925 1382 3992 Thaletis
1411 3925 1519 4010 opinio
1542 3925 1674 3990 Homeri

318 4025 422 4088 altero
445 4023 501 4089 illo
525 4045 619 4090 versu
644 4025 696 4108 [cf.
717 4045 815 4111 supra
830 4048 861 4110 p.
875 4027 930 4110 95]
953 4025 1167 4111 confirmatur,
1189 4033 1224 4092 ut
1245 4025 1427 4094 Aristotelis
1452 4025 1676 4112 metaphysica

318 4126 358 4208 [A
375 4127 394 4192 3
410 4147 441 4210 p.
454 4127 535 4192 983b
549 4129 592 4193 20
603 4130 686 4212 sqq.]
703 4129 710 4160 ¹
735 4127 844 4194 nescio
867 4149 930 4212 quo
953 4129 1174 4196 intercedente
1196 4149 1351 4214 expressa
1367 4149 1440 4196 esse
1454 4133 1576 4214 pateat.
1599 4148 1675 4193 nam

317 4227 361 4293 ibi
377 4228 539 4296 Homerici
555 4229 641 4296 illius
656 4251 768 4296 versus
784 4232 940 4297 memoria
959 4237 991 4297 et
1005 4229 1224 4297 Anaximenes
1245 4252 1317 4297 cum
1332 4233 1490 4315 Diogene,
1512 4231 1676 4315 Hippasus

316 4349 388 4394 cum
408 4331 572 4398 Heraclito
595 4333 755 4398 coniuncti
778 4333 994 4398 inveniuntur.
1028 4332 1233 4416 Empedoclis
1255 4353 1383 4420 quoque
1405 4335 1551 4401 similiter
1567 4333 1675 4418 opinio

315 4432 481 4516 stringitur
502 4455 533 4516 p.
550 4433 630 4500 984·
645 4435 675 4499 8.
709 4441 817 4500 cetera
840 4435 881 4500 de
903 4433 1145 4500 Anaximandro
1167 4435 1373 4521 Xenophane
1395 4435 1589 4504 Parmenide
1613 4436 1675 4502 De·

315 4533 448 4599 mocrito
475 4535 615 4620 Epicuro
641 4535 826 4601 Metrodoro
849 4535 930 4601 Ohio
953 4536 1084 4602 Zenone
1112 4536 1226 4603 Eleate
1253 4537 1401 4622 Diogene
1428 4537 1609 4623 Smyrnaeo
1631 4537 1674 4604 ab

313 4633 488 4703 Aristotele
515 4637 692 4705 abhorrent
725 4643 758 4702 et
785 4635 937 4702 ridentur
969 4657 1010 4703 ex
1043 4637 1119 4703 exili
1152 4639 1292 4722 quodam
1323 4639 1562 4706 successionum
1590 4661 1675 4706 oom-

315 4739 435 4821 pendio
458 4739 576 4805 hausta
597 4739 763 4824 ipsiusque
784 4739 838 4805 vel
860 4737 1007 4804 doctriua
1030 4741 1083 4806 vel
1105 4741 1297 4808 ariolatione
1319 4743 1450 4828 expleta
1472 4762 1554 4809 esse.
1593 4747 1628 4807 ut
1646 4739 1674 4806 si

386 4965 391 4995 ¹
413 4967 528 5019 indidem
546 4968 631 5018 hausit
648 4965 796 5020 Chalcidica
814 4970 841 5018 in
860 4968 927 5018 Tim.
947 4984 971 5032 p.
985 4965 1036 5020 378
1055 4971 1152 5022 Maura.
