3768 5736
321 378 387 441 410
764 374 866 424 Amin
884 371 987 422 νιοο.
1001 373 1038 420 ιν
1052 368 1134 420 κοτε
1152 366 1182 418 ει
1198 377 1238 418 ιι

428 434 1400 532 mmmmm.
1414 472 1427 519 1
1440 466 1473 520 ιι
1493 468 1552 532 [ιο]

367 618 557 702 καθέστηκεν·
586 619 685 701 ὥσπερ
708 617 755 680 ἐπὶ
778 621 830 699 τῆς
852 637 978 697 καμπτο-

368 721 456 804 μένης
478 721 586 806 ῥάβδου
607 721 627 803 i)
651 720 702 802 μὲν
722 717 872 804 ἐπιφάνεια
894 717 978 781 οῦδὲν

366 825 490 908 πάσχει,
516 824 536 906 ἡ
564 823 596 884 δὲ
625 821 680 905 ύλη
707 820 783 884 ἐστίν
811 823 978 904 ἡκαμπτο-

367 925 450 1009 μόνη.

346 1049 358 1086 ι
409 1025 447 1092 Οἱ
462 1027 495 1090 δὲ
509 1024 664 1089 Στωικοὶ
686 1029 774 1108 σῶμα
793 1025 845 1109 τὴν
867 1022 976 1108 φωνήν·
997 1031 1012 1082 2

366 1134 423 1194 πᾶν
445 1130 499 1214 γὰρ
521 1129 554 1192 τδ
574 1129 650 1212 δρῶν
666 1128 685 1212 ἢ
701 1129 750 1192 καλ
765 1131 866 1191 ποιοῦν
882 1128 978 1207 σῶμα·

368 1234 388 1315 ἡ
411 1231 444 1294 δὲ
466 1229 550 1314 φωνὴ
573 1234 653 1292 ποιεῖ
673 1231 721 1295 καὶ
744 1231 812 1314 δρᾷ·
836 1227 980 1309 ἀκούομεν

370 1334 424 1418 γὰρ
446 1332 537 1416 αὐτῆς
559 1333 608 1395 καλ
634 1332 838 1414 αἰσθανόμεθα
862 1349 979 1414 προσπι-

370 1435 498 1518 πτούσης
508 1436 548 1516 τῇ
559 1435 637 1516 ἀκοῇ
652 1435 700 1498 καὶ
716 1434 895 1516 ἐκτυπούσης
910 1432 980 1496 καθ-

338 1538 445 1621 ιοάπερ
477 1538 630 1601 δακτυλίου
656 1537 697 1606 είς
725 1535 824 1620 κηρόν.
859 1532 901 1598 ἔτι
923 1537 979 1597 πᾶν

366 1641 400 1703 τὸ
427 1644 522 1702 κινοῦν
549 1639 598 1702 καὶ
625 1637 764 1724 ἐνοχλοῦν
794 1638 882 1720 σῶμά
908 1636 978 1700 ἐστι·

367 1745 440 1806 κινεῖ
466 1742 499 1805 δὲ
527 1742 606 1825 ἡμᾶς
635 1743 655 1824 ἡ
684 1739 839 1823 εὐμουσία,
866 1738 982 1824 ἐνοχλεῖ

368 1845 401 1907 δὲ
423 1845 443 1928 ἡ
466 1843 601 1925 ἀμουσία.
646 1841 689 1906 ἔτι
715 1846 773 1906 πᾶν
795 1842 828 1904 τδ
851 1840 980 1923 κινούμε-

368 1969 415 2009 νον
438 1944 526 2026 σῶμά
548 1944 623 2038 ἐστι·
658 1947 776 2008 κινεῖται
799 1943 831 2006 δὲ
853 1945 873 2027 ἡ
896 1943 980 2027 φιονὴ

336 2049 418 2112 ιικαὶ
435 2047 607 2132 προσπίπτει
628 2046 668 2117 είς
684 2047 751 2115 τοὺς
766 2045 860 2115 λείους
875 2045 981 2114 τόπους

367 2150 415 2213 καί
448 2151 657 2214 ἀντανακλᾶται
688 2148 822 2231 καθάπερ
852 2147 900 2210 ἐπὶ
928 2149 981 2229 τῆς

369 2253 492 2336 σφαίρας
519 2256 571 2336 τῆς
600 2250 780 2336 βαλλομένης
809 2248 849 2318 είς
871 2252 979 2332 τοῖχον·

368 2353 398 2416 ἐν
430 2357 497 2435 γοῦν
531 2357 593 2422 ταῖς
625 2352 688 2417 κατ’
721 2351 865 2435 Αἴγυπτον
893 2372 980 2433 πυρα-

370 2455 446 2538 μίσιν
469 2451 549 2517 ἔνδον
573 2455 625 2536 μία
645 2454 729 2539 φωνὴ
746 2453 906 2538 ῥηγνυμένη
922 2452 980 2515 τέτ-

333 2576 456 2640 οοταρας
489 2556 509 2639 ἢ
543 2557 592 2620 καὶ
625 2555 709 2620 πέντε
735 2555 828 2641 ἤχους
859 2554 980 2638 ἀπεργά-

369 2663 456 2731 ζεται.

371 2919 420 2980 κἀ.
454 2913 571 2979 Πόθεν
590 2913 788 2999 αἰσθητικὴ
807 2915 941 2998 γίνεται
961 2916 981 2998 ἡ
1119 2911 1160 2976 Τί
1181 2911 1290 2993 αὐτῆς
1313 2911 1351 2973 τὸ
1374 2907 1602 2994 ἡγεμονικόν.

371 3019 468 3103 ψυχὴ
504 3017 561 3080 καὶ
592 3017 625 3078 τί
649 3017 759 3101 αὐτῆς
785 3018 823 3080 τὸ
854 3017 982 3101 ἡγεμο-

537 3118 642 3182 νικόν.
686 3127 774 3181 6102

336 3277 360 3315 ει
415 3254 452 3321 Οἱ
474 3253 629 3318 Στωικοί
655 3276 741 3338 φασιν
763 3253 835 3317 εἶναι
857 3259 910 3338 τῆς
932 3260 981 3339 ψυ·
1001 3269 1015 3322 1

372 3363 429 3444 χῆς
452 3358 598 3422 ἀνώτατον
626 3357 712 3442 μέρος
739 3357 772 3418 τὸ
801 3357 984 3439 ἡγεμονικόν,

370 3461 404 3524 τό
437 3463 537 3523 ποιοῦν
569 3459 621 3529 τὰς
653 3459 810 3544 φαντασίας
843 3461 892 3524 καὶ
920 3481 983 3542 συγ-

371 3561 541 3630 καταθέσεις
567 3561 615 3624 καὶ
638 3560 790 3646 αἰσθήσεις
811 3562 859 3625 καὶ
883 3563 983 3646 όρράς·

371 3665 420 3729 καί
442 3668 528 3728 τοῦτο
551 3663 687 3746 λογισμόν
709 3665 856 3727 καλοῦσιν.

336 3789 361 3826 νο
412 3764 483 3830 Ἀπὸ
506 3765 539 3828 δέ
553 3770 605 3828 τοῦ
624 3767 797 3849 ἡγεμονικοῦ
813 3766 886 3830 ἐπτά
908 3767 982 3851 μέρη
1001 3777 1018 3830 2

373 3871 433 3934 ἐστὶ
459 3873 511 3952 τῆς
539 3872 637 3952 ψυχῆς
663 3867 846 3951 ἐκπεφυκότα
868 3870 916 3932 καὶ
933 3861 983 3932 ἐκ·

374 3971 524 4054 τεινόμενα
550 3969 591 4040 τίς
620 3971 653 4032 τὸ
683 3974 771 4052 σῶμα
793 3971 926 4057 καθάπερ
954 3972 984 4035 αἱ

373 4075 431 4138 ἀπδ
459 4076 511 4136 τοῦ
540 4073 703 4142 πολύποδος
729 4073 892 4136 πλεκτάναι·
926 4077 985 4136 τῶν

373 4178 406 4242 δὲ
428 4175 502 4239 ἑπτά
525 4177 620 4260 μερῶν
640 4178 693 4258 τῆς
707 4179 804 4260 ψυχῆς
826 4176 910 4240 πέντε
933 4175 985 4268 μέν

368 4363 435 4417 ύάε
454 4362 497 4427 §2
516 4365 571 4414 dixi
589 4364 660 4415 Prol.
679 4381 704 4428 p.
720 4361 771 4415 178
792 4359 805 4430 ΙΙ
830 4360 930 4430 6δρῶν
949 4365 986 4417 G:

331 4449 458 4522 δρώμενον
487 4449 581 4513 (Α)Βο
606 4444 619 4514 Η
647 4448 678 4501 10
701 4447 834 4501 δακτυλίου
856 4451 917 4501 ΑΒι
945 4448 987 4501 δα-

331 4537 431 4591 κτύλιον
450 4540 471 4590 C
488 4539 500 4605 Ιλ
514 4535 545 4590 15
564 4534 710 4605 προσπίπτει
722 4537 783 4588 AB:
803 4534 918 4603 ἐμπίπτει
936 4533 985 4604 Cli

331 4627 364 4679 19
384 4624 428 4693 μία
446 4625 519 4694 φωνὴ
539 4625 623 4676 ABG:
647 4626 736 4676 ordine
755 4627 858 4676 inverso
877 4627 955 4690 vulgo
970 4619 984 4692 Η

331 4713 365 4766 20
376 4713 454 4781 ἤχους
464 4713 568 4776 (A)Bc:
581 4727 615 4763 an
626 4709 722 4779 ὴχοῦςῖ
732 4713 762 4761 ci.
772 4713 859 4762 titulus
872 4707 886 4778 ΙΙ
899 4709 932 4762 23
942 4710 986 4762 καὶ

330 4801 355 4852 τί
373 4798 451 4869 αῦπῆς
469 4797 498 4850 τό
516 4796 662 4868 ἡγεμονικόν
681 4798 761 4861 (A)B:
781 4797 825 4848 καὶ
842 4797 866 4850 τί
881 4796 910 4849 τὸ
927 4795 985 4849 ταύ-

331 4907 377 4957 της
395 4887 476 4956 ηγ.ὒ
502 4883 515 4954 ΙΙ
540 4885 573 4938 27
597 4885 641 4937 καὶ
659 4887 696 4936 A:
719 4883 763 4937 καλ
786 4883 829 4943 τάς
852 4887 898 4938 BC
918 4882 932 4953 ΙΙ
952 4884 985 4938 31

332 4975 383 5029 ἐστί
402 4975 488 5029 GAB:
507 4973 592 5026 είσὶΟ
