3708 5732
678 429 954 482 Puouucomuuu
1456 434 1498 498 85

134 595 252 656 liures
273 596 477 658 animorum
497 605 703 660 vestrorum
724 607 850 675 motus,
873 601 986 663 dedisti
1008 617 1135 681 operum
1157 623 1195 665 uc
1218 605 1293 684 quid
1314 614 1392 666 esset
1414 605 1497 684 quod

132 698 166 758 in
200 707 228 759 tc
262 699 423 780 ρκίιρνσικ
453 699 698 778 reprehenderet.
742 705 852 766 cetera
884 700 996 767 omitto
1029 721 1113 785 quae
1143 702 1177 767 in
1210 702 1293 768 tritis
1326 712 1497 771 versantur

132 797 327 882 praeceptis.
357 817 441 881 quas
456 817 534 863 vero
550 799 691 884 exhibui,
706 799 847 868 dilucide
861 808 897 866 ut
910 801 991 868 nihil
1006 803 1109 887 possit
1123 804 1238 870 melius
1249 804 1318 870 Arii
1332 827 1448 872 munus
1463 815 1496 874 et

130 897 387 967 familiaritatem
403 900 675 967 circumscribunt.
696 921 736 967 ac
750 896 811 968 init
830 903 868 988 is,
884 903 935 969 cui
953 912 1019 971 tam
1035 904 1157 971 blanda
1173 907 1348 974 severitate
1364 908 1495 974 nimium

131 999 239 1067 Iuliae
259 1002 381 1068 luctum
403 1001 563 1085 carigare
586 1021 774 1070 cencessum
796 991 971 1090 erat,ipsa
993 1013 1101 1076 aetate
1124 1009 1342 1092 grauissimus.
1377 1031 1453 1076 nam
1468 1011 1496 1076 si

130 1103 277 1170 calculos
297 1103 470 1190 subducas,
492 1105 656 1188 rigentem
678 1124 707 1171 a
725 1107 788 1172 724
808 1127 876 1174 nou
897 1107 1003 1174 minus
1025 1110 1196 1193 mxagiuta
1215 1131 1373 1178 annorum
1394 1113 1496 1180 habes

130 1223 163 1270 a.
193 1206 266 1272 745.
314 1212 391 1272 ante
427 1205 607 1290 Augustum
646 1206 740 1293 obiit,
781 1209 835 1293 qui
871 1229 1091 1278 successorem
1129 1215 1293 1280 constibrit
1329 1215 1494 1282 Thoonem

130 1305 290 1392 Stoicum,
318 1325 415 1391 quem
437 1327 536 1392 supra
558 1311 816 1378 commemoravi.
859 1332 936 1378 num
957 1311 1014 1378 filii
1037 1313 1250 1401 Dionysius
1272 1324 1305 1383 et
1325 1317 1495 1384 Nicanor

130 1408 232 1476 etiam
253 1414 328 1493 post
348 1409 451 1494 patris
472 1416 608 1476 mertem
635 1409 669 1476 in
698 1413 906 1480 contubernio
934 1413 1054 1482 suerint
1078 1418 1177 1501 plane
1204 1418 1370 1486 incertum.
1417 1419 1494 1504 quid

128 1531 210 1578 vero
233 1509 340 1578 dicam
362 1511 403 1578 de
417 1511 611 1578 Letrcunei¹
634 1511 777 1600 invento,
800 1535 865 1600 quc
887 1515 948 1583 sibi
962 1517 1032 1582 Arii
1053 1527 1205 1604 nepotem
1219 1521 1383 1589 invenisse
1404 1523 1494 1588 visus

128 1613 203 1680 est?
240 1614 438 1699 epigramma
463 1614 498 1679 in
523 1612 631 1680 iusrrla
652 1615 754 1681 Philia
779 1623 943 1700 repertum
970 1622 1193 1690 acrostichidis
1220 1631 1253 1690 et
1279 1623 1493 1690 telostichidis

129 1715 305 1784 coniuncte
327 1715 462 1782 artificio
485 1721 634 1782 ornatum
656 1724 707 1782 est
729 1715 868 1784 Κατιλίοο
890 1725 942 1784 τοῦ
965 1721 1136 1809 Νικάνορος.

333 1816 386 1884 Ka
408 1819 445 1902 μὲ
467 1819 516 1881 τὸν
538 1818 677 1904 εὐτέχνοο
699 1821 797 1904 φωτὸς
819 1821 929 1907 στίχον,
953 1823 978 1887 ὦ
1002 1826 1078 1910 φίλε,
1102 1829 1196 1914 βῆμα

331 1921 365 1985 τί
408 1943 472 2003 μιον
495 1921 651 2002 ἀμπαύσας
673 1920 785 2005 lupulis
807 1925 855 1987 καὶ
877 1926 1008 2010 χάρισαι

331 2027 363 2088 λι
405 2026 468 2092 ταῖς
490 2023 626 2106 ἱστορίαις
647 2025 726 2086 λιτὸν
747 2025 835 2090 πίνον
856 2026 905 2090 οία
925 2027 1096 2114 κίτται-(μαι

332 2127 370 2191 ob
407 2125 486 2202 κενά,
509 2123 626 2208 μηνίων
648 2124 738 2210 οὗπερ
761 2125 831 2212 ἔφυν
854 2129 983 2213 γενέταν

314 2231 390 2294 ζτοῦ
406 2229 439 2292 ui
461 2229 553 2291 καλοῦ
574 2229 708 2307 πλώσας,
731 2229 813 2314 φησί,
836 2230 906 2310 ξένε,
929 2233 1063 2317 χεύματα
1087 2235 1211 2300 Νείλου

330 2355 387 2396 και
410 2332 458 2416 pbr
480 2328 544 2414 ἔχω
566 2334 687 2413 φωνεῖν·
710 2332 827 2416 χαίρετε
848 2335 953 2412 πολλοί,
977 2336 1081 2400 Φθιαι

334 2459 365 2499 νι
409 2437 506 2516 κῶμαι
527 2431 645 2516 πέτραις
666 2455 698 2496 τε
719 2435 768 2498 καὶ
790 2433 903 2519 οὔρεσιν
926 2436 952 2498 ὦ
974 2441 1162 2524 καταράκται

331 2539 374 2602 κά
409 2539 452 2620 γὼ
474 2532 539 2620 ἔχον
560 2535 674 2621 τεύχειν
697 2537 843 2622 ἱστορικὴν
865 2537 975 2602 σελίδα

331 2663 367 2703 νο
411 2640 519 2722 στήσας
541 2636 589 2699 καὶ
612 2637 682 2701 ἰδὼν
706 2635 853 2723 Νικάνορα
875 2640 923 2703 καί
945 2639 1026 2722 γένος
1048 2640 1133 2706 ἄλλο

333 2744 390 2826 di}
412 2741 585 2804 κατολοιπον
608 2737 681 2824 ἔχοι.
725 2744 810 2804 τοῦτο
832 2742 886 2825 γάρ
909 2741 970 2806 ἐστι
992 2743 1042 2806 etl
1055 2742 1110 2812 ος’.

124 2843 216 2910 idem
239 2842 375 2910 Catilius
396 2843 451 2926 qui
473 2847 506 2908 et
524 2839 667 2906 Nicanor
688 2839 859 2909 Nicanoris
880 2842 964 2910 filius
986 2844 1052 2910 alia
1074 2845 1138 2910 duo
1157 2845 1235 2912 iecit
1254 2847 1489 2931 epigrammata

123 2946 161 3012 in
178 2945 293 3013 eadem
307 2945 415 3012 insula
429 2949 559 3028 reperta
581 2942 671 3039 [021.
689 2943 728 3010 (i.
744 2946 839 3011 4923.
853 2945 963 3029 4924}
996 2946 1060 3012 iam
1082 2967 1153 3014 cum
1176 2947 1313 3033 primurn
1336 2949 1490 3034 scriptum

123 3048 171 3114 sit
186 3048 213 3113 1.
227 3049 264 3135 ιἰῐ
278 3046 426 3132 Καίσαρος
447 3046 592 3133 peperoli
615 3049 643 3132 ιβ
665 3047 708 3130 [a.
724 3047 754 3112 d
770 3047 848 3112 VIII
862 3047 905 3116 id.
922 3056 1014 3115 mart.
1035 3069 1064 3114 a.
1082 3049 1168 3135 7471,
1191 3049 1377 3116 Letronneo
1397 3050 1492 3116 Nica-

122 3169 241 3216 norem
256 3149 365 3216 Catilii
380 3155 505 3235 patrem
520 3167 592 3214 cum
607 3148 676 3214 Arii
690 3147 757 3214 lilio
773 3169 968 3234 componere
982 3151 1113 3236 placuit.
1145 3158 1326 3235 temporum
1348 3152 1491 3218 rabones

122 3271 194 3318 non
209 3251 349 3320 obstant.
382 3271 459 3318 nam
473 3250 706 3334 sexagenarius
721 3251 964 3319 adulescentem
986 3253 1108 3319 habere
1130 3259 1237 3337 potest
1258 3259 1422 3337 nepotem.
1457 3260 1491 3319 et

121 3353 188 3419 fuit
210 3355 385 3421 admodum
406 3353 677 3437 adulescentulus,
700 3353 755 3436 qui
776 3355 918 3438 pueriles
939 3355 1020 3422 istos
1042 3357 1131 3422 lusus
1152 3356 1186 3421 in
1208 3375 1288 3422 saxu
1311 3353 1489 3438 insculpsit

122 3463 160 3522 at
190 3457 352 3540 quomodo
385 3455 556 3522 Nicanoris
585 3454 686 3520 filium
711 3455 898 3541 Aegyptum
930 3458 1123 3522 hunslatum
1155 3463 1267 3542 putas,
1299 3463 1492 3540 cumpater

122 3559 267 3642 Augusti
289 3557 498 3626 coutubernio
521 3558 643 3624 Rornae
665 3557 830 3624 utereturi
861 3577 967 3642 neque
989 3559 1075 3625 enirn
1098 3559 1272 3642 quidquam
1293 3557 1491 3643 Aegyptium

122 3661 293 3728 Nicanore
313 3683 380 3729 non
401 3660 501 3727 fuisse
524 3659 670 3726 suadet’
701 3659 747 3725 ibi
769 3661 963 3744 pervulgare
983 3661 1201 3727 illudnumen
1223 3659 1490 3727 ahlaccdcnibus

122 3765 360 3831 Alexandriam
381 3767 610 3830 transvectum.
654 3779 756 3844 quare
777 3768 902 3828 tantum
924 3763 1026 3848 abest,
1050 3770 1085 3829 ut
1107 3765 1229 3828 doctam
1250 3775 1279 3828 ct
1300 3765 1391 3828 valde
1406 3783 1490 3847 ρνο-

121 3865 260 3932 babilem
289 3866 464 3935 Letrunuei
495 3864 711 3930 coniecturam
740 3865 941 3950 praedicem,
974 3867 1061 3950 qued
1093 3873 1144 3933 est
1169 3866 1302 3950 Hauptii
1335 3867 1487 3932 iudicium

121 3969 237 4036 Herm.
253 3969 282 4036 V
298 3971 350 4052 21,
372 3973 408 4032 ut
429 3986 471 4033 ne
492 3965 639 4032 umbram
661 3965 791 4048 quidem
812 3967 881 4033 veri
904 3969 1122 4036 similitudinis
1143 3970 1251 4036 inesse
1273 3967 1464 4035 existimem.

198 4143 207 4174 ¹
235 4143 333 4209 Syllog.
352 4113 467 4208 inebript
491 4143 582 4194 Graec.
605 4148 631 4190 et
653 4141 711 4190 Lat.
730 4142 842 4204 Aegypt.
860 4147 879 4190 t.
892 4145 920 4194 11
938 4161 963 4209 p.
977 4143 1037 4196 155.
1061 4144 1175 4196 Kaibelii
1193 4145 1272 4208 epigr.
1292 4141 1344 4194 979
1363 4170 1397 4178 -
1415 4159 1489 4196 acro-

121 4231 241 4284 stichidis
266 4231 402 4284 mtilldnm
425 4245 478 4281 non
501 4231 663 4292 incognitum
686 4229 881 4280 Alexandrinis.
922 4233 1105 4282 commentario
1131 4232 1306 4281 astronomiae
1330 4233 1405 4282 annis
1429 4240 1488 4282 aute

121 4321 187 4371 Chr.
202 4317 343 4371 193-190
361 4321 502 4383 composito
516 4309 628 4373 Είιδόξου
646 4312 723 4382 cipe]
742 4317 931 4380 praescribitur.
963 4329 1025 4369 uota
1043 4328 1082 4369 est
1099 4319 1250 4382 Dionysii
1269 4315 1488 4383 Calliphontis

119 4409 171 4459 lilii
194 4409 297 4459 astuda
323 4408 354 4458 ci.
373 4413 506 4470 praetcrea
527 4405 614 4454 Laert.
632 4401 656 4452 V
676 4399 710 4454 93
731 4403 840 4454 Anthol.
859 4403 1043 4458 rauracus
1067 4405 1180 4455 Kaibelii
1204 4407 1283 4469 epigr.
1303 4421 1329 4470 p.
1343 4401 1402 4459 679.
1439 4421 1486 4457 nec

120 4499 211 4548 miuus
230 4482 354 4548 caverunt
372 4495 416 4557 qui
435 4493 541 4544 oracula
559 4492 699 4554 antiquitus
717 4489 856 4566 linxerunt.
893 4495 924 4544 cl.
943 4494 996 4544 (lic.
1015 4495 1047 4544 de
1066 4494 1146 4544 divin.
1165 4489 1248 4546 1154.
1272 4493 1383 4558 Dionys.
1402 4495 1486 4544 Halia.

120 4588 189 4636 Ant.
200 4585 242 4636 1v
254 4581 297 4636 62.
316 4583 408 4646 Phleg.
427 4584 483 4631 mir.
503 4577 546 4630 10.
566 4605 600 4614 -—
617 4579 663 4629 Br.
681 4579 713 4628 ‹le
732 4579 821 4629 Presle
840 4579 912 4642 (Not.
929 4589 955 4632 et
973 4589 1039 4632 extr.
1058 4577 1310 4631 d.man.XV1112
1328 4597 1353 4646 p.
1366 4578 1412 4643 43)
1430 4597 1488 4632 eam

123 4673 344 4726 consuetudinem
363 4686 379 4721 a
396 4669 500 4720 ludaeis
517 4668 722 4734 psalmographis
740 4667 928 4719 Alexandriam
947 4677 1117 4720 transvectam
1136 4671 1287 4734 suspicatur.

197 4757 208 4791 ²
236 4773 316 4824 quare
333 4767 403 4809 recte
422 4760 449 4808 in
467 4759 548 4822 epigr.
562 4752 648 4818 eiua
661 4755 739 4805 liuib.
758 4757 935 4808 Alexandriae
954 4759 1053 4821 patriae
1071 4761 1196 4808 memoria
1214 4759 1333 4822 suppletu
1350 4765 1395 4808 est.
1432 4752 1486 4810 Ka·

119 4847 200 4906 τίλιος
224 4844 296 4917 ἁγνὸν
318 4842 398 4916 tinae
416 4841 422 4915 l
439 4839 559 4914 [ngdpp'
581 4839 626 4895 ἀπ’
647 4837 816 4914 [Ἀλεξάνδρον
839 4841 922 4915 δ]ιῦρο
945 4841 1057 4913 μο[λ]ὼν
1079 4843 1172 4905 πόλιος.
1209 4847 1280 4911 quod
1304 4848 1415 4911 Augusti
1438 4847 1487 4898 hoc

120 4941 283 5006 epigramma
301 4937 391 4988 laudas
409 4934 530 4997 celebrat,
549 4935 724 4984 Letruuneum
742 4936 852 4986 maxime
871 4937 982 4986 οιονίεεο
1001 4935 1110 4988 videtur.
1138 4939 1184 4990 sed
1204 4939 1260 5001 quis
1280 4935 1368 4987 credat
1385 4936 1486 5002 nepotis

119 5031 246 5098 piatam
265 5028 309 5080 ari
327 5040 384 5076 cum
402 5027 517 5092 principe
535 5025 736 5076 familiaritatem
754 5026 906 5076 ombsuram
924 5025 1019 5076 luisse?
