3710 5730
730 361 1005 411 PROLEGOnrnNA

229 529 307 613 περί
327 552 358 592 τε
380 535 432 612 τῆς
454 527 581 596 τάξεως
603 533 661 591 τοῦ
685 529 816 609 κόσμου
985 527 1044 592 XV
1068 528 1109 592 38

229 633 277 696 καί
298 633 348 701 τίς
371 633 390 714 ή
413 629 507 694 αίτιά
529 631 588 694 τοῦ
610 627 714 693 αδτδν
737 630 943 714 ἐγκλιθῆναι
986 629 1046 694 XV
1069 631 1111 694 39

228 735 306 818 περί
319 737 416 796 τετοῦ
439 733 537 802 ἐκτδς
560 736 611 815 τῆς
633 735 691 795 τοῦ
714 733 846 815 κόσμου
868 755 943 816 περι·
986 732 1046 796 XV
1069 733 1113 796 40

290 837 406 920 nereus

228 940 276 1002 καί
298 940 373 1000 τίνα
394 939 434 1001 τὰ
456 935 542 1006 δεξιὰ
564 937 622 1001 καὶ
644 936 864 1020 τὰάριστερόι
886 939 944 1000 τοῦ
987 936 1047 1001 XV
1068 937 1109 1001 41

295 1042 426 1122 κόσμου
450 1038 534 1122 μέρη.

228 1142 305 1226 περί
326 1165 362 1205 τε
383 1141 530 1224 ούρανοῦ
982 1139 1042 1204 XV
1064 1141 1106 1204 42

227 1246 275 1308 καὶ
294 1247 366 1328 πρὸς
381 1245 472 1306 άπασι
486 1243 596 1311 τούτοις
620 1241 697 1323 περί
717 1263 749 1304 τε
770 1240 943 1323 δαιμόνων
988 1241 1048 1306 XV
1069 1243 1112 1307 43

291 1347 347 1410 καὶ
370 1346 493 1428 ἡρώων

225 1449 303 1530 περί
323 1471 355 1512 τε
377 1449 460 1529 ὕλης
984 1444 1045 1510 XV
1066 1447 1109 1511 44

225 1550 273 1612 καὶ
296 1549 372 1632 περὶ
394 1548 495 1610 ἰδεῶν
982 1546 1043 1611 XV
1064 1549 1107 1614 45

225 1652 303 1735 περὶ
325 1656 385 1735 τῆς
407 1653 457 1712 τοῦ
479 1651 585 1718 παντὸς
607 1648 733 1718 τάξεως
980 1649 1041 1713 XV
1065 1651 1107 1716 46

225 1753 268 1818 ἔτι
287 1755 344 1836 μὴν
367 1753 519 1836 περὶτῆς
540 1755 606 1814 τῶν
629 1749 762 1834 ἄστρων
785 1754 893 1834 φορᾶς
908 1773 942 1813 τε
984 1751 1045 1816 XV
1067 1754 1107 1818 47

288 1856 344 1920 καί
366 1857 536 1938 κινήσεως

224 1960 273 2022 καὶ
295 1960 366 2042 πρὸς
387 1958 497 2026 τούτοις
520 1956 649 2020 όπόθεν
675 1955 885 2040 φωτίζονται
907 1957 938 2017 oi
981 1954 1041 2020 XV
1063 1957 1106 2020 48

292 2061 410 2144 ἀστέρες

1206 548 1246 592 err
1259 528 1341 591 Plut.
1355 529 1387 591 II
1400 529 1416 588 7

1208 649 1248 694 ex
1272 630 1308 694 P.
1323 630 1354 693 ΙΙ
1398 630 1419 692 8

1208 750 1248 796 ex
1270 731 1307 796 P.
1323 730 1355 794 11
1399 732 1419 794 9

1209 935 1422 1000 fflRssffl

1204 1160 1245 1206 ox
1267 1141 1304 1206 Ρ.
1320 1139 1352 1204 ΙΙ
1377 1140 1413 1204 11

1209 1241 1353 1307 exP.I
1397 1242 1417 1306 8

1206 1467 1247 1512 ex
1269 1447 1305 1511 Ρ.
1335 1447 1350 1510 Ι
1394 1448 1415 1510 9

1205 1569 1246 1614 εκ
1269 1548 1307 1613 P.
1337 1547 1352 1612 I
1376 1549 1417 1611 10

1204 1669 1246 1716 ex
1267 1650 1304 1714 P.
1320 1648 1351 1712 II
1376 1649 1416 1712 15

1206 1751 1417 1818 unum

1204 1977 1245 2022 ex
1267 1957 1305 2022 P.
1319 1955 1351 2020 II
1375 1956 1413 2020 17

1204 2159 1415 2226 fflRssffl

223 2165 270 2227 καὶ
291 2164 367 2248 περὶ
389 2167 456 2226 τῶν
479 2161 702 2242 καλουμένων
718 2159 938 2242 Διοσκούρων
982 2159 1042 2224 XV
1063 2161 1105 2226 49

223 2267 301 2350 περί
322 2287 353 2329 τε
373 2263 561 2348 ἐκλείψεως
583 2261 683 2346 ἡλίου
706 2263 753 2326 καὶ
777 2263 924 2344 σελήνης
984 2262 1044 2327 XV
1067 2263 1119 2328 50.
1136 2264 1176 2327 51
1201 2281 1241 2328 ex
1264 2262 1300 2327 P.
1319 2261 1428 2326 1124.
1447 2262 1489 2326 29

222 2368 369 2451 καὶπερὶ
396 2365 578 2450 ἐμφάσεως
605 2365 711 2448 αὐτῆς
739 2364 797 2426 καὶ
823 2363 879 2426 διὰ
905 2362 937 2426 τί
978 2364 1039 2430 XV
1062 2365 1103 2430 52
1202 2382 1243 2429 ex
1266 2363 1350 2429 Ρ.Π
1373 2363 1415 2428 30

295 2471 426 2552 γεώδης
448 2469 609 2552 φαίνεται

222 2573 269 2636 καὶ
292 2573 370 2654 περὶ
391 2576 457 2633 τῶν
481 2571 740 2652 ἀποστημάτων
763 2567 872 2650 αὐτῆς
979 2567 1039 2634 XV
1062 2568 1104 2634 53
1202 2587 1242 2633 ex
1265 2568 1301 2632 P.
1317 2566 1349 2631 Π
1372 2567 1411 2632 31

220 2677 269 2738 καί
291 2673 333 2737 ἔτι
356 2674 434 2756 περὶ
456 2674 626 2736 ἐνιαυτῶν
982 2669 1108 2735 xvo4
1204 2668 1424 2735 5191132.

264 2777 294 2841 9.
331 2780 423 2838 ταῦτα
445 2777 477 2838 δὲ
499 2777 592 2839 πάντα
613 2774 661 2837 διὰ
684 2773 793 2856 μυρίων
816 2777 874 2841 τοῖς
897 2773 960 2855 περὶ
985 2773 1026 2836 ὧν
1043 2776 1058 2836 ό
1073 2773 1157 2856 λόγος
1172 2772 1425 2854 κατεσκευασμένα
1439 2770 1540 2853 ἐπειδὴ

178 2883 275 2960 τεμὼν
288 2881 304 2942 ό
322 2877 547 2962 Πλούταρχος
562 2877 592 2940 ἐν
609 2875 713 2956 ὀλίγοις
729 2875 855 2937 συνεῖλεν
870 2875 916 2937 ἐπὶ
933 2873 1035 2938 ταύτόν
1051 2878 1126 2958 ὁμοῦ
1142 2879 1307 2957 συναγαγὼν
1320 2875 1480 2958 ἀποφάσεις
1493 2874 1541 2936 καί

178 2982 227 3049 τὰς
251 2979 407 3064 διαφωνίας
421 2979 526 3044 αὐτῶν
548 2980 675 3063 ήγούμαι
697 2957 755 3040 καί
769 2979 837 3059 ήμίν
860 2976 914 3040 οὐκ
940 2975 1075 3062 ἄχρηστα
1101 2978 1273 3062 γενήσεσθαι
1296 2973 1393 3063 [αὐτὰ]
1420 2999 1540 3060 παρατε·

179 3084 267 3147 θέντα
289 3083 331 3152 είς
352 3083 404 3164 τὴν
427 3079 544 3163 εὔλογον
566 3079 662 3144 αὐτῶν
686 3079 867 3164 παραίτησιν.
901 3077 961 3120 **
983 3079 1002 3122 *
1026 3127 1033 3144 .
1070 3083 1120 3148 10.
1155 3080 1316 3164 προσθήσω
1339 3080 1372 3142 δὲ
1394 3078 1460 3164 ἑξῆς
1481 3084 1541 3148 τοῖς

178 3184 340 3268 εἰρημένοις
363 3184 418 3247 ὅσα
440 3183 488 3246 καὶ
510 3183 655 3266 περὶτῶν
677 3183 903 3266 προσγειοτέρων
925 3181 1113 3268 ἐπήπόρησαν

178 3287 254 3369 περὶ
269 3291 330 3369 γῆς
347 3285 422 3364 (καὶ)
439 3285 618 3368 σχήματος
632 3286 680 3348 καί
696 3285 772 3368 περὶ
796 3284 927 3355 θέσεως
949 3285 1010 3350 XV
1021 3287 1073 3352 55.
1089 3287 1141 3351 56.
1156 3285 1208 3350 57.
1224 3285 1265 3349 58
1281 3303 1322 3348 ex
1337 3284 1372 3348 P.
1385 3284 1434 3348 III
1449 3286 1480 3349 9.
1501 3285 1543 3349 10

264 3388 313 3450 καὶ
335 3387 525 3470 ἐγκλίσεως
548 3387 654 3471 αὐτῆς
1282 3383 1413 3471 11.(12)
1430 3387 1470 3451 13

178 3492 227 3553 καὶ
250 3488 293 3552 ἔτι
314 3489 392 3572 περὶ
416 3490 595 3572 θαλάσσης
952 3489 1012 3556 XV
1025 3489 1066 3554 58
1256 3508 1297 3554 ex
1318 3487 1404 3553 Plut.
1418 3487 1468 3552 III
1490 3489 1540 3553 16.

179 3597 220 3661 ὡς
243 3591 277 3655 ἂν
299 3591 405 3673 εἰδείης
428 3591 472 3654 ὅτι
494 3592 535 3674 μή
558 3592 622 3675 περὶ
645 3591 742 3672 μόνων
763 3597 821 3656 τῶν
841 3596 995 3676 μετεώρων
1010 3593 1058 3656 καὶ
1075 3593 1236 3675 μεταρσίων
1252 3592 1279 3654 οί
1294 3593 1416 3673 γενναῖοι
1433 3590 1541 3673 διέστη-

180 3715 243 3770 σαν,
265 3693 324 3756 ἀλλ’
353 3695 396 3758 ότι
419 3695 467 3757 καὶ
490 3695 520 3757 ἐν
536 3698 595 3763 τοῖς
609 3693 761 3776 περιγείοις
776 3695 1038 3778 διαπεφωνήκασιν.
1073 3697 1119 3758 ἵνα
1139 3696 1171 3758 δὲ
1186 3699 1244 3757 τῶν
1260 3695 1359 3776 σοφῶν
1375 3690 1417 3756 ἔτι
1433 3695 1541 3776 μᾶλλον

180 3799 231 3880 τήν
256 3797 358 3881 σοφίαν
382 3797 609 3879 άποθαυμάσης,
631 3797 794 3880 προσθήσω
816 3799 864 3860 καὶ
881 3799 936 3861 ύσα
957 3799 1039 3880 περὶ
1061 3803 1176 3882 ψυχῆς
1199 3793 1270 3882 [XV
1285 3795 1327 3858 59
1350 3813 1390 3858 ex
1406 3794 1442 3859 P.
1452 3794 1498 3858 IV
1510 3791 1541 3880 4]

180 3901 228 3962 καὶ
254 3903 314 3964 τοῦ
341 3899 375 3962 έν
403 3897 490 3980 αὐτῇ
518 3900 728 3982 ἡγεμονικοῦ
751 3895 822 3984 [XV
837 3899 882 3962 60
902 3917 943 3964 ex
965 3900 1001 3964 P.
1017 3901 1061 3965 IV
1085 3897 1116 3986 5]
1139 3900 1354 3983 διεμαχήσαντο
1376 3897 1445 3960 οὐδὲ
1467 3901 1542 3982 σφᾶς

181 4001 287 4070 αύτούς
310 4002 463 4083 ἐπιγνῶναι
486 4003 549 4072 οίας
570 4001 627 4066 είεν
649 4003 764 4087 φύσεως
789 4002 984 4084 δεδυνημένοι.

265 4101 360 4181 Quod
382 4103 423 4168 de
445 4101 509 4168 fido
530 4102 661 4170 Eusebii
684 4123 783 4186 supra
803 4103 923 4169 dietum
945 4110 1004 4188 ost,
1027 4103 1144 4187 insigni
1167 4105 1308 4188 quodem
1330 4101 1479 4184 exemplo
1503 4120 1542 4166 ox

180 4205 287 4270 indies
306 4205 510 4288 eomproburi
525 4211 642 4289 potest.
675 4205 709 4270 in
724 4204 887 4271 nodieibus
909 4206 969 4272 XV
985 4207 1026 4272 58
1046 4214 1142 4291 eaput
1157 4205 1243 4290 quod
1259 4212 1309 4271 est
1323 4205 1387 4288 περὶ
1403 4207 1543 4287 κινήσεως

179 4313 232 4390 γῆς
247 4305 435 4390 inseripinm
455 4315 506 4372 est
520 4309 584 4392 περὶ
597 4308 754 4390 ἐγκλίσεως
768 4312 831 4390 γῆς.
864 4307 929 4372 ium
944 4329 1016 4373 oum
1032 4308 1065 4372 in
1081 4307 1255 4374 Eutaroho
1271 4328 1297 4372 o.
1310 4307 1374 4390 περὶ
1390 4306 1543 4388 ἐγκλίσεως

180 4409 333 4474 omissum
354 4408 435 4474 illud
457 4408 499 4474 ab
522 4409 664 4475 Eusebio
686 4409 877 4492 praesudat,
905 4409 985 4475 nihil
1008 4411 1151 4494 profesto
1173 4408 1348 4494 proelivius
1375 4417 1425 4476 est
1446 4429 1542 4492 quarn

181 4511 393 4595 posteriorum
415 4511 592 4576 scribarum
616 4511 821 4577 osoitnntistn
844 4513 993 4578 incusare
1009 4513 1095 4596 qnod
1111 4513 1205 4578 titulo
1224 4513 1339 4596 prioris
1355 4518 1484 4578 servato
1500 4511 1543 4576 od

180 4613 458 4679 transoribendum
475 4614 613 4679 altorum
631 4621 728 4698 oopnt
743 4616 1001 4698 properaverint.
1029 4635 1113 4698 qnue
1128 4615 1313 4682 oonieotura
1327 4614 1419 4680 sarrit.
1446 4613 1542 4678 immo

181 4715 250 4798 ipse
265 4715 425 4782 Eusebius
443 4717 611 4800 exemplar
633 4715 747 4782 habuit
763 4735 911 4782 maneum
928 4736 966 4782 oo
981 4723 1073 4783 tanto
1086 4717 1147 4782 init
1163 4716 1385 4783 Caesariensis
1400 4715 1542 4799 opisoopi

181 4816 250 4884 sivo
271 4817 385 4900 religio
407 4817 477 4884 sive
500 4818 667 4902 seouritos,
690 4826 726 4884 ut
744 4839 885 4885 errorem
907 4818 1113 4886 manifestum
1135 4837 1240 4902 neque
1262 4817 1295 4883 in
1311 4817 1416 4882 indioo
1438 4837 1543 4900 nequo

182 4918 214 4984 in
237 4919 399 5004 exoerptis
420 4920 606 5002 oorrigeret.
650 4919 843 4987 tralatioiom
869 4921 959 4987 illum
982 4921 1015 4986 in
1038 4921 1178 5004 antiquis
1201 4917 1365 4986 Plutorohi
1387 4919 1544 5003 exemplis
