3708 5732
693 423 969 477 11888888181
1447 423 1509 489 153

151 615 214 680 que
236 592 385 660 doctrina
406 587 575 680 81118188
598 591 754 675 scriptore
775 589 919 674 proiecta
941 590 983 656 sit
1004 591 1158 676 putanda.
1192 589 1411 679 [81Β81188811
1433 588 1509 678 18]

149 717 256 781 neque
277 695 372 761 aliter
392 692 462 760 fere
482 692 614 760 Diocles
640 692 731 758 citari
753 693 837 758 solet
862 691 1018 758 81818818
1044 693 1152 778 811818
1178 691 1370 778 compendio
1396 693 1509 759 relicto

150 799 194 866 ad
224 799 362 865 alterum
392 815 428 862 se
459 795 619 862 convertit
646 793 871 878 88188118181.ι
915 801 1014 878 atque
1038 793 1181 861 futurum
1208 811 1282 860 esse
1309 813 1449 877 auguror
1475 801 1511 860 ut

150 903 288 969 Dioclea
308 898 434 965 ratione
453 917 492 964 ac
511 897 687 982 praecipue
706 895 898 981 disponendi
919 917 1010 962 more
1024 903 1195 982 perspecte
1210 896 1377 980 aliquanto
1393 897 1511 964 certius

150 1003 231 1088 quid
246 1003 410 1084 Diogenes
432 999 558 1066 furatus
580 999 621 1065 sit
643 998 866 1083 perspiciatur.
900 997 1076 1064 modestior
1098 1018 1178 1065 8888
1197 999 1330 1065 81111118
1345 998 1510 1083 scrutatio,

150 1106 211 1174 ssd
232 1104 343 1188 utique
364 1102 557 1170 fructuosior
579 1121 676 1185 quam
696 1101 789 1168 181188
810 1103 956 1184 speciosa
977 1103 1138 1167 1111188818.

238 1205 304 1272 Sed
325 1205 523 1272 dimittamus
544 1202 768 1287 Nietscheum,
796 1210 832 1268 ut
854 1203 969 1270 eodem
991 1203 1047 1268 illo
1074 1205 1146 1270 lece
1174 1209 1301 1270 utamur
1327 1203 1370 1268 ad
1397 1201 1512 1268 mirum

151 1308 316 1392 quoddam
336 1307 517 1374 institutum
539 1305 695 1388 Diogenis
716 1305 951 1372 illustrandum.
986 1305 1117 1372 omnino
1139 1305 1224 1372 enim
1247 1305 1402 1388 dogmata
1423 1305 1513 1388 81188

152 1412 364 1496 καφαλιιιωδῶς
385 1416 452 1474 tum
475 1408 549 1473 κατὰ
572 1408 658 1493 μέρος
681 1406 844 1490 explicare
866 1407 959 1472 solet.
992 1426 1086 1490 quem
1103 1426 1225 1473 morem
1240 1404 1379 1472 affirmat
1394 1405 1455 1472 Vll
1470 1407 1512 1474 38

150 1515 189 1578 τὰ
211 1512 396 1595 δὲ’δύηματα
418 1516 521 1582 κοινῶς
540 1511 601 1576 ἐστι
622 1512 702 1574 τάδε.
724 1509 860 1596 λελέχθω
882 1506 903 1574 δ’
931 1508 978 1572 ἐπὶ
1001 1509 1167 1594 κεφαλαίων
1194 1509 1292 1594 ῶσπερ
1314 1509 1363 1574 καὶ
1385 1508 1512 1574 ἐπὶτῶν

151 1616 249 1680 ἄλλων
272 1617 363 1678 ποιεῖν
385 1613 543 1696 εἰῶθαμεν.
578 1617 611 1678 81
633 1617 740 1678 exstat
762 1609 919 1678 eiusmodi
940 1609 975 1675 in
997 1609 1106 1676 multis
1132 1611 1208 1676 vitis
1229 1609 1384 1694 bipartita
1405 1610 1513 1677 decre-

151 1725 259 1783 torum
274 1714 444 1801 expositio,
460 1713 519 1780 sed
533 1732 738 1796 nequaquam
753 1719 947 1778 constanter.
981 1713 1079 1780 immo
1095 1713 1198 1778 11141
1215 1719 1370 1795 tanquam
1384 1712 1512 1778 veniam

151 1819 236 1904 petit
263 1815 440 1901 singularia
466 1815 635 1882 omisurus.
684 1815 769 1880 hanc
794 1813 893 1896 igitur
923 1814 1003 1881 satis
1032 1814 1147 1880 miram
1181 1813 1445 1880 consuetudinem
1473 1834 1513 1881 ex

152 1921 290 1988 fontium
306 1918 495 1985 111181811818
511 1917 738 2002 explicandam
753 1935 826 1982 esse
841 1913 910 1982 iere
925 1917 1137 1983 consentiunt.
1170 1915 1340 1982 rideamus
1355 1923 1513 2000 quatenus

152 2029 268 2088 nostra
289 2021 434 2104 quaestio
456 2019 532 2086 huic
553 2011 757 2086 coniecturae
778 2015 898 2085 181881.

240 2123 290 2188 Fu
305 2121 621 2206 Theophrasteerum
644 2121 820 2188 electorum
841 2125 959 2185 natura
980 2119 1074 2186 111888
1094 2121 1283 2204 dogmatum
1297 2118 1514 2204 dignoscimus

155 2224 376 2290 seductiones:
399 2224 536 2290 alteram
558 2224 601 2290 ad
623 2220 798 2289 8818188118
819 2221 977 2287 8118811881
1000 2241 1072 2288 8881
1093 2221 1169 2290 vitis
1193 2222 1295 2288 artius
1310 2220 1514 2286 coniunctam

153 2326 337 2394 breviorem
351 2323 592 2409 confusaneam,
608 2325 743 2390 alteram
759 2321 973 2407 limpidiorem
989 2323 1202 2408 copiosiorem
1218 2321 1361 2408 physicis
1375 2321 1515 2388 decretis

154 2432 350 2493 contentam.
394 2426 529 2510 utquid
555 2423 682 2492 intersit
706 2423 809 2508 probe
835 2423 1022 2509 intellegas,
1048 2444 1168 2509 ponam
1197 2424 1372 2492 Heraclitei
1399 2423 1515 2510 8881118

153 2527 297 2614 priorem
318 2535 445 2613 partem

241 2631 323 2697 [xl
357 2631 452 2696 ἐδόκει
474 2631 508 2694 δὲ
529 2630 610 2716 αὐτῷ
633 2630 800 2699 καθολικῶς
822 2629 874 2711 μὲν
895 2630 974 2692 τάδε.
1007 2628 1042 2691 ts
1063 2629 1153 2711 πυρὸς
1174 2627 1210 2693 τὰ
1232 2629 1325 2694 πάντα
1347 2631 1515 2694 συνεστάναι

155 2733 204 2798 καὶ
227 2733 269 2804 sic
289 2737 375 2797 τοῦτο
397 2731 585 2797 ἀναλύεσθαι.
610 2733 704 2798 πάντα
724 2755 756 2796 τε
777 2729 906 2814 γίνεσθαι
921 2727 985 2794 καθ’
1006 2729 1182 2813 εἱμαρμένην
1196 2731 1245 2794 καί
1263 2732 1311 2796 διὰ
1325 2735 1377 2816 τῆς
1392 2731 1514 2795 ἐναντιο-

154 2841 266 2920 τρινιτῆς
287 2834 437 2920 ἡρμόσθαι
455 2833 493 2898 τὰ
514 2833 592 2899 ὄντα.
626 2835 674 2898 καὶ
696 2835 790 2899 πάντα
812 2837 915 2918 ψυχῶν
938 2830 1010 2895 εἶναι
1038 2833 1086 2896 1181
1109 2831 1254 2914 δαιμόνων
1275 2834 1383 2918 πλήρη.
1416 2831 1515 2917 εἴρηκε

154 2939 191 3002 δὲ
211 2939 260 3002 καί
281 2937 346 3022 aspi
367 2941 427 3000 τῶν
449 2937 480 3000 ἐν
502 2941 545 3022 τῷ
567 2936 671 3021 κόσμῳ
694 2935 906 3019 συνισταμένων
929 2929 1067 3019 [πάντων]
1089 2933 1194 2997 παθῶν
1214 2933 1514 3019 suarattaratae

154 3042 189 3104 τὸ
205 3039 328 3123 μέγεθος
350 3039 418 3110 ὅσος
439 3037 579 3124 φαίνεται.
613 3039 689 3122 λέγει
712 3040 746 3102 δὲ
767 3038 832 3101 καί·
854 3039 952 3120 ψυχῆς
972 3034 1094 3119 πείρατα
1116 3035 1170 3098 eda
1191 3033 1227 3098 ἂν
1249 3034 1358 3120 ἐξεύροι
1381 3038 1398 3100 ὁ
1419 3039 1515 3100 πᾶσαν

156 3141 399 3226 ἐπιπορευόμενος
421 3141 499 3218 cccv,
521 3141 598 3206 ούτω
621 3141 713 3226 βαθὺν
735 3137 820 3222 λύγον
842 3137 917 3224 ἔχει.
939 3139 992 3222 τήν
1016 3159 1047 3200 τε
1069 3135 1163 3221 οἴησιν
1178 3137 1257 3221 ἱερὰν
1272 3137 1356 3202 νύσον
1371 3135 1453 3220 ἔλεγε
1467 3137 1516 3201 καὶ

154 3245 209 3328 τὴν
225 3244 325 3328 ὅρασιν
348 3243 515 3328 ψεύδεσθαι.
538 3245 679 3326 λαμπρῶς
693 3263 726 3305 τε
739 3241 830 3306 ἐνίοτε
853 3241 882 3304 ἐν
904 3245 947 3325 τῷ
971 3240 1169 3324 συγγράμματι
1192 3240 1240 3302 καὶ
1259 3243 1361 3324 σαφῶς
1383 3239 1516 3326 ἐκβαλλει

156 3347 234 3410 ὥστε
256 3347 305 3409 sai
326 3345 375 3408 τὸν
396 3345 579 3409 νωθέστατον
602 3341 709 3429 ῥαδίως
730 3348 837 3427 γνῶναι
858 3343 907 3406 sal
922 3341 1030 3426 δίαρμα
1045 3347 1143 3427 ψυχῆς
1156 3342 1266 3426 λαβεῖν.
1287 3343 1356 3426 ἤτε
1370 3341 1517 3427 βραχύτης

157 3447 205 3510 καὶ
229 3447 265 3509 τὸ
288 3446 376 3531 βαρος
396 3452 449 3532 τῆς
471 3445 623 3532 ἑρμηνείας
645 3445 824 3530 ἀσύγκριτον.

242 3545 343 3613 Vides
365 3547 542 3614 miscellam
568 3541 843 3631 compositionem.
887 3545 997 3630 811818
1022 3562 1124 3626 usque
1151 3543 1195 3608 ad
1218 3543 1350 3629 φαίνεται
1381 3543 1519 3630 physica

156 3646 319 3731 quaedam
334 3649 478 3716 delibata
492 3647 679 3734 praemittit,
698 3667 870 3732 quaecum
885 3643 1037 3732 specialis
1051 3644 1155 3728 881118
1169 3645 1296 3711 ratione
1311 3646 1517 3712 concordant

157 3755 225 3814 tum
252 3755 405 3815 secuntur
430 3749 565 3834 pulchre
591 3749 678 3815 dicta
700 3770 741 3816 ox
762 3747 919 3816 Heracliti
941 3747 1023 3813 libro
1046 3747 1168 3830 electa,
1191 3747 1330 3830 donique
1353 3747 1521 3814 18888811-

157 3849 271 3935 pteris.
315 3851 397 3916 talia
418 3871 439 3916 8
461 3851 639 3936 biographo
662 3851 824 3918 mirabilia
845 3848 1005 3934 quaedam
1028 3853 1061 3914 81
1082 3849 1222 3932 insignia
1243 3855 1427 3935 aucupante
1449 3869 1521 3934 pro·

157 3951 257 4019 licisci
279 3953 397 4018 solent.
439 3961 559 4037 quante
582 3953 704 4020 distant
725 3951 881 4038 specialia
901 3951 979 4016 inde
1001 3970 1022 4016 a
1043 3952 1098 4035 §8
1120 3951 1164 4017 ad
1185 3953 1205 4036 §
1222 3954 1261 4016 11
1284 3953 1446 4017 καὶταῦτα
1468 3951 1521 4034 μὲν

156 4055 194 4141 ἦν
223 4055 305 4141 αὐτῷ
333 4056 370 4119 τὰ
401 4056 554 4120 δοκούντα1
593 4062 715 4138 quanta
746 4060 796 4120 est
827 4071 936 4118 181818
967 4053 1125 4138 grauitas,
1156 4051 1278 4119 ordinis
1309 4051 1522 4136 concinnitas,

157 4156 268 4222 iudicii
293 4156 464 4239 sagacitas.
510 4155 665 4224 88811811
695 4161 803 4242 881881
831 4153 909 4237 quin
938 4153 1026 4221 illico
1059 4154 1276 4239 Theophrasti
1305 4153 1397 4239 quasi
1426 4173 1523 4238 quen-

158 4258 235 4324 dam
258 4277 410 4342 saporem
432 4259 565 4327 sentias.
588 4258 599 4291 ¹
641 4256 870 4343 adgnoscimus
893 4256 1031 4324 eandem
1054 4256 1196 4342 capitum
1218 4256 1336 4324 seriem
1365 4275 1462 4340 quam
1489 4254 1525 4320 in
1658 4331 1661 4337 ,

231 4463 343 4514 ¹locnm
367 4466 545 4528 gravissimum
568 4464 638 4514 huuc
660 4464 807 4516 adscribam
825 4465 865 4515 VI
884 4461 917 4515 12
943 4459 1076 4531 ἀναγράφει
1098 4457 1118 4512 d’
1145 4459 1223 4514 atrei
1248 4461 1292 4514 1181
1314 4456 1524 4530 crassescere.

157 4553 292 4618 praeeedit
315 4551 478 4602 Antisthenis
502 4553 652 4615 dogmatum
674 4553 756 4602 altera
779 4552 907 4602 collectio.
936 4567 999 4616 erge
1028 4551 1051 4600 si
1067 4550 1238 4601 Nietsoheum
1253 4553 1395 4614 sequimur,
1413 4549 1524 4600 seribere

158 4639 273 4689 debebat
294 4639 413 4689 Laertius
437 4635 571 4705 ἀναγράφιι
594 4630 617 4685 δ’
638 4632 716 4687 adroic
738 4631 1006 4706 saleswicensis«.
1043 4636 1089 4687 sed
1110 4644 1179 4687 recte
1202 4639 1342 4703 explicarit
1362 4635 1525 4686 Bahaachius

158 4743 184 4790 p.
198 4723 242 4776 44.
269 4727 376 4776 omnine
399 4726 433 4776 ab
456 4725 583 4776 hocloco
606 4725 690 4774 acrius
717 4723 888 4788 ponderando
911 4725 1041 4789 proticisci
1060 4723 1137 4774 iubeo
1156 4738 1228 4787 eum,
1252 4726 1297 4788 qui
1321 4723 1354 4773 ds
1375 4722 1470 4772 Diocle
1493 4722 1527 4772 sit

160 4813 312 4876 scripturus.
1203 4809 1225 4824 ““

234 4893 245 4928 ²
262 4899 436 4964 integritatem
454 4905 483 4950 81
501 4899 598 4949 sentias
616 4897 698 4948 811818
716 4896 919 4948 vicissitudinem
935 4899 1015 4950 181818
1027 4899 1159 4948 8188188118
1172 4897 1233 4960 igne
1251 4908 1320 4958 aqua
1338 4902 1406 4946 18118
1425 4889 1527 4956 cantici,

160 4999 240 5048 quam
263 4984 344 5036 Stoici
366 4999 506 5048 eorumque
530 4985 642 5036 masclae
665 4991 756 5046 quarto
780 4998 840 5033 8818
863 4998 958 5048 angers
976 4985 1068 5035 solent.
1095 4984 1127 5032 ui.
1145 4983 1230 5032 Zeller
1247 4977 1276 5032 1⁴
1295 4977 1373 5042 61⁵⁴,
1393 4983 1436 5043 qui
1454 4986 1523 5030 18818

1251 5063 1323 5127 11*
