3710 5730
699 457 973 508 raonucouaus
1477 461 1517 524 γρ

157 624 297 689 Hillerus
311 625 391 689 Mus.
404 623 506 690 Rhcn.
519 624 628 690 XXVI
645 625 707 690 582
719 643 787 708 sqq.
803 625 879 691 furti
895 625 1011 709 arguit.
1042 625 1189 692 similiter
1204 627 1322 692 Sextus
1337 629 1518 712 Empiricus

155 733 303 792 versatus
325 733 385 811 est,
407 727 449 792 de
471 745 534 809 quo
557 726 778 812 inmodicam,
801 726 948 794 similiter
968 729 1118 794 Laertius
1140 729 1305 811 Diogenes
1324 731 1518 814 omninoque

155 831 301 914 plerique
322 830 410 895 illins
433 830 552 896 aetatis
574 829 767 912 scriptorum
788 827 1017 896 ferocissimae.
1056 829 1179 895 scilicet
1201 838 1268 897 tum
1291 852 1331 898 ca
1347 852 1411 916 ars,
1434 853 1517 914 quae

155 939 267 998 vetera
277 933 416 998 furando
432 952 519 997 nova
534 931 654 1015 scripta
669 929 825 1013 gignebat
838 951 904 996 non
919 933 1053 998 inventa
1068 933 1207 1018 quidem,
1223 934 1281 999 sed
1296 943 1517 1000 consummata

155 1055 228 1102 csse
250 1033 388 1102 videtur.
423 1053 528 1118 neque
549 1033 669 1098 frustra
692 1032 842 1098 Clemens
862 1034 1101 1100 Alexandrinus
1124 1035 1195 1118 ipse
1217 1034 1268 1100 fur
1291 1037 1518 1102 callidissimus
1610 1109 1612 1114 ⁸

157 1137 313 1203 sumerum
331 1137 513 1220 catalogum
529 1135 691 1217 congessit
706 1134 775 1200 sive
790 1134 898 1219 potius
920 1143 953 1201 et
975 1136 1080 1220 ipsum
1103 1137 1274 1222 descripsit
1297 1138 1413 1205 Strom.
1426 1141 1470 1205 Vl
1486 1143 1517 1206 ⁸2.

154 1241 275 1307 meculi
297 1240 395 1323 igitur
414 1259 537 1304 morem
559 1245 688 1303 secutus
713 1244 763 1303 est
784 1239 942 1322 Achilles,
972 1239 1026 1322 qui
1053 1245 1155 1305 toturn
1185 1242 1449 1306 commentarium
1477 1264 1517 1308 en

154 1343 270 1410 alienis
292 1343 467 1408 contexuit.
501 1340 745 1405 fundamentum
769 1347 839 1405 erat
854 1340 996 1406 Stoicum
1018 1341 1151 1424 aliquod
1171 1343 1395 1427 compendium
1418 1353 1518 1411 astro-

153 1447 293 1511 nomiae.
330 1445 404 1510 huic
426 1443 537 1509 variae
559 1442 708 1508 lectionis
731 1441 827 1508 flores
849 1443 1019 1525 diligentia
1042 1445 1164 1511 maiore
1185 1465 1281 1528 quam
1296 1445 1443 1512 doctrina
1465 1450 1518 1514 vel

153 1555 222 1613 arte
253 1547 366 1613 inserti
399 1553 483 1612 sunt.
535 1545 678 1612 Stoicam
710 1563 783 1610 csse
810 1545 1013 1628 disciplinam
1041 1565 1177 1630 amque
1203 1568 1223 1612 a
1251 1549 1425 1616 Posidonio
1452 1573 1517 1617 non

154 1651 256 1734 primo
285 1650 343 1714 sed
371 1650 562 1732 gravissimo
591 1647 679 1732 apud
702 1667 777 1712 suos
808 1646 1106 1713 mathematicorum
1135 1655 1267 1716 auctore
1296 1651 1517 1739 derivandam,

154 1753 214 1819 hoc
235 1753 283 1817 ita
304 1759 453 1836 apertum
475 1759 534 1836 cst,
556 1758 591 1816 ut
614 1749 813 1833 argumentis
835 1769 976 1835 parcam.
1019 1750 1124 1816 minus
1145 1758 1257 1817 notum
1280 1761 1330 1819 est
1351 1755 1516 1822 Posidonii

153 1855 332 1921 doctrinam
356 1855 457 1939 ipsius
480 1855 570 1922 libris
591 1875 658 1919 non
679 1852 783 1935 magis
805 1871 902 1935 quam
917 1852 1146 1937 discipulorum
1166 1855 1337 1923 sedulitate
1353 1860 1386 1922 in
1402 1859 1518 1940 vulgus

153 1959 272 2024 elatam
295 1963 394 2039 atque
417 1959 607 2041 popularem
631 1975 703 2022 esse
725 1954 855 2019 factam.
892 1955 938 2019 ita
961 1955 1120 2021 Senecam
1150 1976 1190 2022 ex
1212 1957 1442 2042 Asclepiodoto
1464 1960 1518 2024 Ni·

153 2061 281 2127 caeensi
305 2059 360 2146 (de
375 2081 439 2143 quo
454 2081 540 2126 nunc
556 2056 768 2143 Comparcttii
784 2055 882 2122 index
897 2057 1150 2124 Herculanensis
1165 2079 1196 2142 p.
1209 2059 1251 2123 98
1267 2063 1518 2148 comparandus)

153 2163 329 2228 Naturales
355 2163 563 2245 quaestiones
591 2159 818 2228 Posidonianis
850 2159 963 2225 rivulis
992 2161 1145 2243 irrigasse
1171 2161 1346 2228 verisimile
1377 2171 1440 2249 est,
1471 2165 1518 2231 ita

153 2265 309 2331 Geminus
332 2265 573 2332 sollertissimus
596 2265 666 2331 eius
688 2262 818 2328 auditor
831 2265 1084 2346 meteorologica
1099 2263 1132 2326 in
1149 2263 1312 2346 epitomen
1330 2274 1482 2349 coegerat
1499 2268 1517 2352 ¹,

151 2368 198 2432 ita
226 2367 370 2433 Phanias
398 2367 528 2433 scholas
559 2365 797 2434 Posidonianas
833 2365 979 2446 vulgavit
1011 2363 1117 2453 [Diog.
1140 2364 1286 2452 V1141].
1336 2387 1397 2432 nec
1425 2387 1519 2434 secus

154 2471 309 2536 Aelianus
324 2491 390 2536 non
402 2470 567 2535 Posidonii
584 2489 678 2553 quem
695 2474 751 2535 c.1
770 2477 786 2529 2
804 2468 960 2551 nominat,
977 2468 1035 2534 sed
1045 2466 1267 2551 asclepiodoti
1279 2468 1420 2554 Taetica,
1435 2489 1519 2552 quae

153 2580 310 2656 tenemus,
333 2573 456 2656 expilat
478 2569 586 2658 [paulo
607 2571 703 2636 aliter
725 2569 874 2655 Koechly
897 2570 1006 2654 script.
1029 2567 1119 2633 milit
1143 2569 1176 2632 II
1200 2571 1228 2634 1.
1253 2568 1313 2656 76].
1348 2571 1445 2654 plane
1468 2593 1520 2638 eo

149 2677 226 2742 dem
248 2674 346 2740 modo
369 2693 435 2739 non
451 2674 627 2739 Posidonio
650 2675 722 2757 ipso
745 2673 803 2739 sed
825 2671 977 2756 discipuli
999 2670 1191 2755 compendio
1207 2691 1284 2737 usus
1300 2679 1350 2738 cst
1363 2672 1518 2740 Achilles.

150 2779 224 2843 dico
252 2777 468 2842 Diodorum
495 2775 751 2842 Alexandnnum
780 2774 1058 2858 mathematicum,
1089 2773 1179 2838 cuius
1205 2775 1393 2840 memoriam
1422 2775 1519 2841 inter-

151 2888 315 2946 mortuam
337 2899 357 2944 a
379 2877 601 2944 diuturnitatis
624 2879 788 2945 oblivione
810 2875 977 2942 vindicare
999 2874 1088 2940 haud
1110 2875 1153 2940 ab
1175 2897 1211 2942 re
1233 2877 1353 2942 duco*

237 2985 287 3048 De
309 2987 419 3048 aetate
441 2979 511 3046 eius
527 2980 603 3047 inde
618 2979 872 3046 luculentissime
887 2983 1015 3044 constat
1036 2978 1122 3060 quod
1136 2977 1197 3044 fuit
1211 2978 1420 3046 Posidonium
1435 2978 1519 3045 inter

150 3092 185 3150 et
201 3084 339 3167 Augusti
361 3082 532 3166 aequalem
549 3083 713 3148 Eudorum
729 3082 770 3146 de
793 3101 856 3164 quo
878 3087 994 3164 postea
1015 3079 1186 3146 dicendum
1202 3084 1272 3148 erit.
1306 3081 1517 3148 aPosidonio

149 3188 268 3253 stellae
290 3185 509 3252 definitionem
541 3187 678 3269 sumpsit
709 3184 862 3267 eandem,
894 3202 990 3266 quam
1017 3181 1179 3249 Stohaeus
1206 3205 1246 3250 ex
1276 3184 1354 3249 Ario
1377 3181 1518 3267 Didymo

149 3287 315 3372 excerpsit

149 3389 428 3474 Achillesp.132s
442 3386 755 3475 περὶάστέρας[-έρων]
780 3405 783 3453 ι
808 3385 903 3451 Arius
925 3384 1056 3469 Didym.
1079 3385 1118 3450 fr.
1136 3387 1176 3450 32
1201 3391 1333 3452 nostrae
1358 3387 1518 3470 syllegae:

132 3496 137 3506 ’
194 3495 289 3578 ἀστήρ
305 3494 365 3556 ἐστι
379 3491 645 3575 κατὰΔιόδωρον
668 3495 756 3572 σῶμα
851 3485 955 3570 ἄστρον
984 3488 1016 3549 δὲ
1038 3487 1112 3550 εἶναί
1133 3510 1219 3573 φησιν
1247 3491 1262 3552 ό
1288 3489 1519 3557 Ποσειδώνιος

150 3597 231 3658 θεῖον
250 3595 382 3679 οὐράνιον
399 3600 451 3679 τῆς
468 3595 558 3676 αὐτῆς
576 3597 757 3678 μετειληφὼς
810 3593 897 3671 σῶμα
913 3589 992 3651 θεῖον
1008 3588 1037 3657 ἐξ
1053 3589 1170 3673 αἰθέρος
1186 3590 1369 3673 συνεστηκός,
1388 3591 1519 3674 λαμπρὸν

151 3697 351 3782 [φόςμόσίας
358 3703 399 3784 τῷ
413 3699 443 3762 ἐν
455 3695 481 3783 ᾧ
494 3698 553 3760 ἐστι
564 3697 658 3781 τόπερ,
670 3701 757 3777 σῶμα
782 3726 784 3751 ι
810 3692 857 3754 καὶ
880 3692 1012 3774 πυρῶδες
1027 3691 1167 3754 οὐδέποτε
1182 3692 1281 3755 στάσιν
1298 3689 1367 3776 ἔχον
1383 3689 1442 3753 ἀλλ’
1463 3691 1519 3753 olel

149 3801 283 3882 λαμπρὸν
293 3799 340 3862 καὶ
352 3799 492 3862 οὐδέποτε
503 3802 601 3864 στάσιν
614 3797 684 3884 ἔχον
692 3796 751 3862 ἀλλ’
782 3864 785 3876 Ι
809 3794 967 3878 φερόμενον
994 3793 1160 3876 ἐγκυκλίως.
1195 3793 1275 3863 ἰδίως
1301 3794 1334 3856 δὲ
1359 3795 1408 3856 τὸν
1437 3791 1519 3878 ἥλιον

225 3991 233 4021 ¹
253 3991 367 4057 Simplic.
387 3991 421 4041 ad
439 3991 511 4055 phys.
531 3992 547 4040 ί.
560 3989 613 4042 64ν
632 3989 702 4038 med:
726 3983 739 4036 ό
761 3984 788 4035 hl
811 3979 965 4050 Ἀλέξανδρος
989 3977 1129 4049 φιλοπόνως
1151 3979 1215 4040 λέξιν
1237 3981 1292 4033 τινὰ
1314 3983 1360 4032 τοῦ
1383 3977 1403 4032 Γ
1410 3981 1520 4048 εμίνοα

150 4073 318 4147 παρατίθησιν
341 4075 375 4128 ότι
397 4079 455 4144 τῆς
479 4075 631 4143 ἐπιτομῆς
653 4077 708 4126 τοῦ
732 4067 942 4124 Ποσειδωνίου
967 4066 1247 4137 μετεωρολογικῶν
1271 4065 1452 4138 ἐξηγήσεως
1475 4069 1520 4126 τὰς

151 4165 268 4234 ἀφορμὰς
286 4163 354 4232 παρὰ
373 4161 554 4232 Ἀρισταιίλαυς
572 4160 705 4230 λαβοῦσαν.
732 4161 859 4212 Priscian.
872 4158 937 4222 Lyd.
951 4166 1009 4222 post
1027 4157 1118 4206 Didoti
1136 4157 1233 4207 Plotin.
1254 4174 1278 4221 ρ.
1293 4153 1345 4209 553
1364 4173 1519 4208 cemmen-

150 4263 214 4303 τινα]
234 4253 368 4306 Gemini
386 4253 558 4305 Posidonii
577 4251 613 4300 dc
633 4245 809 4315 μετεώρων.

221 4337 480 4405 ²seutlt.p.124c
506 4333 630 4406 Διόδωρον
649 4333 690 4387 τόν
709 4331 865 4401 Ἀλεξανδρέα
884 4327 1073 4398 μαθηματικόν.
1093 4347 1125 4380 cx
1148 4329 1252 4380 Achille
1279 4333 1391 4381 innotuit
1415 4333 1521 4382 scholiis

150 4433 178 4480 in
197 4429 279 4478 Basil.
297 4427 354 4477 cod.
373 4427 525 4477 Barcccian.
545 4423 578 4476 85
597 4427 614 4475 f.
631 4422 679 4474 122
698 4422 795 4486 [Gram.
816 4424 848 4470 A.
868 4415 1045 4481 0.111413]
1069 4415 1091 4467 el
1116 4418 1171 4486 περὶ
1194 4411 1303 4475 Εὔδοξον
1327 4416 1370 4467 καὶ
1384 4412 1522 4486 Ἵππαρχον

150 4515 197 4566 καὶ
220 4511 345 4582 Διόδωρον
371 4513 414 4565 τόν
443 4509 601 4580 Ἀλεξανδρέα
627 4507 800 4578 μαθηματικοὶ
826 4503 975 4559 ίπλείισαντο
1003 4501 1054 4554 οἷον
1080 4501 1313 4572 ἐπραγματεύσαντο
1332 4503 1385 4569 [?].
1422 4507 1522 4568 integro

151 4605 257 4654 Achille
275 4617 349 4652 usum
368 4617 423 4652 esse
442 4600 608 4650 scholiastem
632 4607 658 4648 et
684 4597 788 4647 aliunde
808 4596 892 4646 discas
918 4601 945 4642 ct
966 4593 1037 4642 illinc
1055 4593 1125 4656 qnod
1143 4593 1263 4642 scholion
1282 4593 1347 4643 hcc:
1372 4588 1430 4642 ddi
1448 4588 1523 4648 αὐτὸς

150 4687 280 4759 ἑωσφόρος
298 4687 342 4739 acl
360 4685 470 4755 ἕσπερος.
489 4683 599 4752 καίτοιγε
617 4681 645 4734 τό
663 4681 768 4735 παλαιὸν
787 4679 862 4738 ἄλλος
881 4677 961 4731 ἐδόκει
979 4675 1039 4730 εἶναι
1057 4677 1071 4730 ὁ
1090 4679 1218 4748 ἑωσφόρος
1236 4679 1279 4730 acl
1299 4675 1374 4736 ἄλλος
1386 4675 1400 4728 ό
1414 4675 1523 4745 ἕσπερος.

150 4782 253 4846 πρῶπος
271 4773 290 4826 δ’
308 4770 407 4842 Ἴβυκος
425 4771 438 4824 ό
453 4769 566 4843 Ῥηγῖνος
585 4771 705 4840 συνήγαγε
723 4770 767 4826 τὰς
785 4765 950 4837 προσηγορίας
968 4783 1000 4817 ex
1020 4768 1115 4818 Achill.
1135 4785 1156 4819 c.
1172 4767 1203 4818 17
1222 4775 1370 4832 excerptum
1388 4775 1434 4828 est,
1453 4766 1523 4828 qued

150 4866 297 4915 mutilatum
313 4865 408 4926 legitur
424 4879 448 4926 p.
464 4858 540 4914 1360
559 4859 672 4925 πέμπτος
690 4855 703 4908 ό
721 4861 767 4926 τῆς
785 4853 929 4924 Ἀφροδίτης
946 4855 1014 4923 παρὰ
1032 4853 1077 4921 μίν
1091 4849 1212 4922 Ἕλλησιν
1231 4851 1358 4922 ἑωσφόρος
1377 4891 1383 4904 .
1404 4889 1410 4903 .
1430 4889 1437 4902 .
1455 4855 1523 4920 πρῶ-

150 4968 195 5007 τος
213 4948 239 5002 di
259 4945 358 5018 Ἰβοιιος
382 4947 416 5005 είς
440 4945 483 4998 ίνα
508 4943 642 4998 σανίστειλε
666 4945 710 5002 τὰς
731 4941 904 5012 προσηγορίας.
932 4944 1049 4992 lacunam
1069 4945 1188 5007 suppleas
1207 4941 1250 4993 τεαὶ
1269 4939 1377 5010 ἕσπερος.
1414 4939 1523 4988 Achillis

149 5041 224 5088 locas
243 5037 351 5100 Bergkli
370 5037 521 5086 memoriam
539 5035 604 5096 fugit
621 5035 650 5084 fr.
664 5031 698 5084 tt
725 5029 808 5084 ΡΙιίί3
824 5029 898 5082 1007.

1265 5113 1316 5176 2*
