3708 5738
341 413 405 476 466
656 415 731 466 siin
750 415 884 466 DIDYMI
904 415 1088 466 EPITOMES
1107 417 1158 468 FB.
1179 416 1280 466 PHYS.
1294 413 1336 466 31.
1353 413 1386 466 32

339 583 498 666 τμισδέντα
520 583 569 648 καὶ
591 583 799 669 περικεχύσθαι
821 587 992 669 σφαιρικῶς,
1014 584 1048 648 ἐκ
1070 585 1103 648 δὲ
1125 583 1228 648 τοότου
1249 586 1299 648 τὸν
1321 583 1428 669 αἰθέρα
1443 582 1616 670 ἀραιότατον
1638 579 1706 646 ἄντα

339 687 388 750 καὶ
417 684 666 770 εἰλικρινέστατον.
701 688 751 751 τδν
783 687 835 768 μὲν
866 686 916 751 οὖν
945 687 1020 752 κατά
1046 689 1098 771 τὴν
1126 687 1316 772 διακόσμησιν
1344 687 1497 770 λεγόμενον
1525 685 1639 767 κόσμον
1667 684 1708 754 εἰς

340 789 446 859 ταότας
475 789 676 873 διακεκρίσθαι
702 789 754 859 τάς
778 789 893 873 φόσεις,
926 791 959 853 τδ
986 791 1019 852 δὲ
1045 790 1268 876 περιφερόμενον
1295 791 1377 876 αὐτῷ
1408 789 1567 872 ἐγκυκλίως
1597 785 1708 871 αἰδέρα

341 891 428 970 εἶναι,
457 892 487 955 έν
514 889 540 977 ᾦ
569 891 605 954 τά
632 891 725 976 ἄστρα
751 892 920 976 καθίδρυται
947 892 984 956 τά
1009 915 1042 956 τε
1067 894 1182 978 ἀπλανῆ
1210 894 1258 957 καὶ
1285 894 1323 957 τά
1348 895 1539 975 πλανώμενα,
1561 891 1634 954 θεῖα
1654 890 1707 972 τὴν

313 994 427 1079 ιφόσιν
450 993 518 1058 ὄντα
539 995 588 1058 καὶ
610 991 729 1081 ἔμψυχα
751 995 799 1060 καὶ
822 995 1005 1079 διοικούμενα
1025 995 1101 1060 κατὰ
1122 996 1174 1080 τὴν
1196 995 1343 1080 πρόνοιαν.
1379 999 1438 1059 τῶν
1465 996 1517 1077 μὲν
1539 991 1591 1058 σόν
1615 993 1707 1057 ἀπλα·

339 1101 398 1160 νῶν
420 1095 534 1181 ἄστρων
556 1097 760 1180 ἀκαταληπτσν
789 1095 862 1162 εἶναι
884 1099 918 1161 τδ
939 1097 1067 1182 πλῆθος,
1093 1098 1130 1161 τά
1156 1098 1189 1160 δὲ
1210 1102 1385 1182 πλανώμενα
1406 1097 1480 1161 έπτά
1501 1097 1551 1160 τδν
1577 1097 1706 1182 ἀριθμόν

340 1200 425 1266 εἶναι·
448 1202 542 1264 πάντα
568 1201 601 1264 δὲ
627 1199 665 1264 τά
687 1202 861 1283 πλανώμενα
882 1200 1069 1285 ταπεινότερα
1095 1204 1154 1264 τῶν
1181 1202 1327 1284 ἀπλανῶν.
1364 1199 1507 1284 τετάχδαι
1535 1199 1630 1262 δὲτὰ
1654 1198 1706 1280 μὲν

339 1304 454 1387 ἀπλανῆ
483 1303 531 1366 ἐπὶ
559 1307 626 1386 μιᾶς
653 1301 835 1388 ἐπιφανείας,
862 1305 903 1372 ώς
928 1304 977 1366 καλ
1006 1304 1121 1387 ὁρᾶται·
1148 1303 1185 1366 τά
1211 1303 1244 1366 δὲ
1271 1305 1447 1386 πλανώμενα
1467 1299 1513 1365 ἐπ’
1540 1301 1637 1385 ἄλλης
1658 1301 1706 1364 καὶ

338 1407 428 1491 ἄλλης
443 1405 580 1492 σφαίρας·
603 1404 792 1490 περιέχεσθαι
808 1404 841 1468 δέ
855 1406 950 1475 πάσας
964 1406 1016 1475 τάς
1037 1409 1095 1468 τῶν
1117 1405 1315 1488 πλανωμένων
1337 1405 1395 1468 δπδ
1415 1409 1469 1489 τῆς
1490 1408 1548 1467 τῶν
1565 1405 1706 1468 ἀπλανῶν

299 1533 322 1573 ιι
340 1509 473 1595 σφαίρας.
510 1511 568 1570 τῶν
596 1507 629 1570 δὲ
656 1506 852 1589 πλανωμένων
882 1507 1066 1592 ὑψηλοτάτην
1093 1505 1165 1571 εἶναι
1192 1507 1265 1592 μετὰ
1292 1509 1345 1592 τὴν
1372 1505 1457 1590 (τῶν)
1483 1507 1623 1570 ἀπλανῶν
1653 1505 1706 1589 τήν
1822 1541 1823 1566 ι

337 1615 389 1675 τοῦ
412 1609 541 1696 Κρόνου,
569 1609 642 1692 μετὰ
664 1609 697 1676 δὲ
718 1609 825 1693 ταύτην
847 1611 899 1692 τὴν
921 1615 972 1674 τοῦ
995 1610 1076 1688 Διός,
1098 1610 1161 1676 εἶτα
1182 1612 1235 1696 τὴν
1258 1615 1310 1676 τοῦ
1326 1607 1441 1696 Ἄρεος,
1466 1607 1572 1693 έφεάής
1594 1609 1630 1672 δὲ
1652 1609 1705 1692 τὴν

337 1717 389 1778 τοῦ
407 1709 526 1798 Ἑρμοῦ,
548 1713 596 1776 καί
620 1710 681 1794 μετ’
709 1711 800 1796 αὐτὴν
821 1713 873 1796 τήν
895 1717 948 1798 τῆς
967 1710 1146 1798 Ἀφροδίτης,
1168 1713 1231 1778 εἶτα
1252 1715 1305 1799 τὴν
1327 1717 1379 1776 τοῦ
1400 1712 1496 1802 ἡλίου,
1519 1711 1567 1773 ἐπὶ
1582 1714 1657 1774 πᾶσι
1673 1710 1705 1772 δὲ
1822 1737 1823 1752 ι

337 1818 390 1901 τὴν
422 1821 474 1900 τῆς
503 1816 627 1901 σελήνης
660 1815 876 1898 πλησιάζουσαν
902 1821 946 1900 τῷ
976 1815 1050 1902 ἀέρι.
1092 1817 1136 1880 διδ
1164 1817 1212 1880 καὶ
1235 1815 1451 1902 ἀερωδεστέραν
1473 1814 1631 1898 φαίνεσδαι
1655 1813 1704 1876 καί

339 1921 464 2003 μαλιστα
486 1919 634 1983 διατείνειν
662 1917 716 2001 τήν
738 1914 788 1980 ἀπ’
815 1917 907 2002 αὐτῆς
928 1918 1048 2001 δύναμιν
1071 1919 1112 1988 εἰς
1133 1918 1169 1983 τά
1190 1919 1328 2003 περίγεια.
1367 1918 1423 1981 ὑπὸ
1446 1917 1479 1980 δὲ
1500 1917 1553 2000 τήν
1576 1917 1702 2002 σελήνην
1822 1933 1823 1982 i

297 2047 320 2085 ιε
337 2024 389 2107 τὴν
411 2019 557 2104 sonori
585 2019 675 2084 αὐτοῦ
697 2019 860 2105 φερομένου
882 2019 983 2105 ἀέρος,
1011 2019 1074 2084 εἶτα
1095 2021 1147 2105 τήν
1169 2019 1247 2106 (rori)
1270 2021 1382 2099 ὕδατος,
1404 2020 1570 2084 τελευταίαν
1592 2021 1628 2083 δὲ
1650 2021 1703 2104 τὴν

335 2131 388 2210 τῆς
410 2131 464 2210 γῆς
486 2125 551 2209 περὶ
573 2125 607 2187 τδ
631 2123 730 2206 μέσον
742 2125 862 2206 σημεῖον
883 2127 936 2186 τοῦ
958 2124 1069 2206 κόσμου
1092 2123 1237 2208 κειμένης,
1258 2123 1327 2208 δδή
1343 2129 1395 2188 τοῦ
1409 2122 1517 2192 παντός
1531 2123 1591 2186 ἐστι
1609 2123 1702 2199 κάτω,

335 2228 397 2292 ἄνω
420 2228 453 2292 δὲ
474 2229 508 2291 τδ
531 2225 581 2291 ἀπ’
609 2227 700 2290 αὐτοῦ
722 2225 763 2296 είς
784 2227 818 2289 τδ
839 2224 939 2310 κόκλιρ
961 2227 1067 2310 πάντη.

484 2639 489 2650 ·
994 2618 1013 2681 3

395 2723 480 2774 Stob.
500 2723 546 2772 sol.
559 2723 573 2772 1
591 2719 626 2772 24
643 2739 668 2786 μ.
682 2718 742 2772 518.
755 2718 846 2772 52οΗ.
1015 2617 1035 2682 2

412 2822 533 2908 Ἄστρυν
555 2822 588 2885 δὲ
610 2820 684 2886 εἶναί
705 2842 792 2907 φησιν
816 2823 832 2886 ό
856 2819 1094 2892 Ποσειδώνιος
1116 2827 1203 2906 σῶμα
1226 2822 1305 2886 θεῖον
1328 2821 1357 2892 ἐξ
1379 2823 1497 2908 αἰθέρος
1511 2823 1698 2908 συνεστηκός,
1822 2845 1823 2850 1

334 2927 467 3012 λαμπρὸν
495 2925 543 2988 καὶ
570 2927 715 3008 πυρῶδες,
744 2923 883 2987 οὐδέποτε
905 2925 1004 2988 στάσιν
1031 2923 1112 3012 ἔχον,
1146 2923 1211 2990 ἀλλ’
1245 2925 1302 2990 αἰεί
1329 2927 1488 3012 φερόμενον
1521 2927 1698 3010 ἐγκυκλίως·

293 3057 319 3096 ιο
337 3031 417 3101 ἰδίως
439 3029 472 3092 δὲ
494 3029 543 3090 τδν
565 3028 647 3112 ήλιον
669 3029 717 3092 καὶ
739 3029 792 3112 τὴν
814 3028 937 3111 σελήνην
960 3026 1051 3112 ἄστρα
1071 3028 1222 3113 λέγεσθαι·
1246 3029 1389 3115 διαφέρειν
1404 3031 1438 3093 δὲ
1452 3029 1560 3115 ἀστέρα
1575 3029 1697 3114 ἄστρου·
1822 3043 1823 3054 ³

334 3135 360 3198 εἰ
385 3135 437 3217 μὲν
459 3131 513 3215 γάρ
535 3131 578 3200 τίς
599 3129 675 3194 ἐστιν
697 3131 801 3214 ἀστήρ,
823 3129 872 3192 καλ
894 3127 998 3215 ἄστρον
1014 3130 1248 3216 δνομασδήσεται
1264 3133 1398 3212 δεόντως,
1419 3133 1454 3197 οὐ
1470 3133 1528 3216 μὴν
1543 3134 1697 3197 ἀνάπαλιν.

416 3233 572 3318 Ἀνατολὴν
594 3231 620 3296 δ’
649 3231 722 3296 είναί
742 3253 829 3316 φησιν
852 3234 868 3295 ό
891 3229 1099 3316 Χρόσιππος
1121 3234 1152 3297 ἐν
1173 3237 1236 3303 ταῖς
1258 3234 1400 3304 Φυσικαῖς
1414 3235 1530 3320 τέχναις
1545 3235 1696 3320 ὑπεροχὴν

332 3341 439 3424 ἄστρου
463 3337 535 3420 ὑπὲρ
557 3340 621 3420 γῆς,
643 3335 722 3400 δόσιν
746 3335 779 3398 δὲ
800 3334 902 3419 κρόψιν
924 3333 1030 3419 ἄστρου
1053 3336 1110 3399 όπδ
1132 3340 1194 3420 γῆν.
1233 3337 1362 3419 γίνεσθαι
1384 3335 1410 3400 δ’
1438 3335 1501 3419 ἄμα
1522 3341 1581 3401 τῶν
1596 3337 1695 3401 αὐτῶν

333 3441 476 3525 ἀνατολὴν
505 3439 553 3502 καὶ
580 3437 659 3501 δόσιν
687 3438 759 3522 πρὸς
785 3437 890 3506 ἀλλους
911 3459 943 3500 τε
964 3437 1012 3500 καί
1034 3435 1148 3507 ἄλλους.
1185 3439 1321 3523 ἐπιτολήν
1348 3437 1374 3502 δ’
1401 3438 1507 3524 ἄστρου
1530 3439 1592 3522 ἅμα
1616 3440 1692 3524 ἡλίῳ

290 3573 316 3612 ει
334 3545 496 3627 ἀνατολήν,
524 3539 603 3604 δόσιν
631 3539 664 3602 δὲ
690 3539 745 3623 τὴν
774 3539 836 3622 ἄμα
864 3539 940 3625 ήλίιρ
966 3539 1055 3604 δόσιν.
1094 3543 1187 3626 διχῶς
1207 3540 1262 3624 γὰρ
1284 3541 1419 3624 λέγεσθαι
1441 3543 1536 3606 δόσιν·
1565 3543 1620 3626 τήν
1644 3541 1695 3624 μὲν

331 3645 406 3709 κατὰ
433 3646 486 3728 τὴν
515 3642 672 3726 ἀνατολὴν,
701 3642 754 3725 τήν
782 3642 815 3704 δὲ
840 3642 915 3705 κατὰ
941 3643 993 3726 τήν
1019 3643 1166 3728 ἐπιτολήν.
1201 3643 1286 3714 κυνδς
1308 3642 1333 3708 δ’
1361 3645 1496 3729 ἐπιτολήν
1524 3645 1587 3728 ἅμα
1618 3643 1694 3729 ήλίιμ
1822 3677 1823 3748 r

330 3749 415 3818 κυνδς
442 3747 600 3830 ἀνατολήν,
629 3742 709 3806 δόσιν
736 3744 769 3806 δὲ
795 3744 881 3814 κυνδς
910 3744 972 3826 ἀμα
999 3747 1075 3831 ήλίιμ
1102 3746 1187 3816 κυνδς
1214 3745 1374 3830 ἀπόκρυψιν
1404 3748 1460 3812 ὑπὸ
1488 3752 1553 3833 γῆν.
1589 3747 1641 3810 τδν
1663 3742 1689 3808 δ’

331 3851 430 3933 όμοιον
453 3849 537 3932 λόγον
560 3845 632 3910 εἶναι
655 3845 703 3909 καί
725 3845 773 3908 ἐπὶ
794 3849 847 3929 τῆς
868 3849 1012 3918 πλειάδος.

1039 3997 1239 4007 —n———-.

333 4074 344 4124 l
366 4076 504 4142 σφαιρικῶς
515 4081 574 4138 port
587 4067 765 4138 ἀξατμισδίντα
776 4075 813 4122 A:
831 4074 987 4138 transposui,
1038 4074 1116 4125 bebst
1126 4070 1138 4142 ΙΙ
1150 4074 1167 4127 8
1177 4071 1222 4126 ἀπ’
1234 4071 1312 4144 ἀλλης
1322 4077 1360 4126 Αι
1374 4091 1438 4126 oorr.
1448 4077 1551 4128 Hoeren
1563 4073 1577 4145 ΙΙ
1589 4077 1604 4130 9
1616 4081 1693 4148 φορᾶς

331 4163 380 4210 nisi
398 4167 482 4211 tsmon
499 4175 532 4212 ox
553 4177 577 4226 p.
587 4157 649 4222 465,
659 4157 690 4210 21
708 4161 830 4210 insertum
844 4171 883 4211 est
899 4155 911 4227 li
927 4157 985 4211 όντα
1038 4163 1076 4212 A:
1089 4165 1190 4214 correxi
1201 4159 1214 4230 ii
1228 4161 1260 4214 lo
1269 4167 1321 4214 τῶν
1333 4163 1434 4214 addidit
1444 4163 1566 4216 Msineko
1579 4161 1592 4233 ΙΙ
1606 4165 1639 4219 15
1652 4160 1689 4215 ὑπ’

329 4246 374 4298 καὶ
386 4248 520 4299 Meinoke:
533 4261 560 4298 τι
572 4246 616 4298 καὶ
625 4249 650 4296 Α
663 4242 678 4313 Η
688 4244 705 4298 3
714 4243 792 4298 αὑτοῦ
802 4248 836 4298 F:
847 4245 937 4304 αδτάυς
950 4248 985 4299 C:
1038 4243 1115 4298 αδτυῦ
1138 4248 1275 4318 φερομένου
1296 4267 1350 4302 non
1368 4253 1498 4316 intellego.
1517 4255 1635 4318 suspicor
1653 4249 1691 4302 iri

331 4349 397 4385 corr.
410 4335 540 4397 Msinoko,
559 4337 603 4398 qni
616 4335 681 4386 olias
694 4331 891 4403 ὑπερφερόμινον
908 4333 986 4386 αὐτοῦ
1037 4331 1130 4386 ταύτοῦ
1142 4336 1279 4404 φερομένου
1297 4347 1326 4388 ui
1343 4342 1476 4406 oppositos
1493 4339 1527 4389 sit
1540 4335 1553 4389 δ
1566 4335 1691 4409 περιφορά

330 4425 464 4488 scripserat
478 4417 491 4490 ήΙ
506 4417 698 4491 4καδιδρῠσδαι
709 4424 810 4474 Usener
821 4417 833 4488 ii
846 4421 861 4474 6
874 4420 985 4490 ἀστέρων
1037 4437 1111 4489 μινυς
1132 4419 1209 4492 αἰδήρ
1234 4441 1312 4491 snpra
1336 4443 1361 4492 p.
1374 4424 1441 4488 465,
1463 4423 1497 4477 18
1517 4427 1549 4477 oi.
1573 4429 1642 4479 Plus
1660 4426 1691 4474 de

329 4513 365 4560 A:
377 4526 442 4562 corr.
453 4511 574 4562 Moinsks
586 4505 598 4576 11
612 4509 667 4562 8τά
676 4507 702 4561 δὲ
712 4507 863 4577 πλανώμενα
872 4507 934 4562 έπτά
943 4507 985 4562 τόν
1036 4511 1116 4562 Stoio.
1134 4527 1240 4576 repugn.
1257 4511 1292 4564 42
1315 4531 1339 4579 μ.
1356 4511 1448 4566 1053r
1470 4511 1483 4580 Η
1502 4515 1548 4564 τοῦ
1567 4515 1655 4566 addidi
1675 4506 1687 4578 Ιί

328 4593 432 4666 ἀριδμδν
450 4593 510 4648 εἶναι
527 4597 608 4649 πάντα
619 4595 646 4649 δέ
657 4597 690 4649 τά
702 4595 853 4665 πλανώμενα
865 4613 916 4649 om.
925 4598 983 4649 FC:
1039 4598 1070 4651 16
1088 4597 1205 4668 κειμένην
1224 4601 1263 4650 Αι
1282 4615 1347 4653 corr.
1366 4603 1469 4652 Ηεειειι

327 4694 492 4738 accesserunt
504 4703 538 4738 ox
550 4687 607 4738 eod.
620 4688 750 4748 Parisino,
769 4687 813 4737 sod
827 4689 848 4736 is
861 4701 982 4751 perverso
1073 4685 1105 4739 18
1118 4688 1150 4738 ds
1168 4690 1198 4739 ir.
1208 4685 1243 4740 32
1256 4689 1287 4738 ef.
1305 4690 1376 4740 Prol.
1395 4705 1420 4753 p.
1431 4687 1464 4740 73
1470 4703 1508 4753 sq.
1522 4703 1544 4740 rr
1558 4705 1587 4742 ιτ
1601 4705 1640 4742 vr.
1657 4688 1687 4738 de

327 4775 385 4826 loeo
404 4775 483 4826 verbs
495 4777 558 4825 olim
577 4775 672 4826 omissa
689 4782 749 4825 onto
761 4769 817 4824 δεῖα
835 4774 885 4826 ν.4
899 4776 981 4824 ineui-
1034 4773 1169 4825 Posidonii
1191 4777 1342 4827 definitione
1367 4777 1397 4827 of.
1420 4777 1492 4828 Prol.
1515 4793 1541 4842 p.
1561 4776 1593 4829 19
1618 4775 1630 4844 ΙΙ
1654 4772 1686 4826 23

328 4865 404 4915 eavit.
426 4865 583 4928 transposui.
618 4862 757 4912 violentius
784 4862 906 4914 Moinoko
929 4865 980 4914 Ρε-
1033 4859 1060 4913 δέ
1083 4861 1126 4913 καλ
1149 4859 1239 4932 κρόψιν
1262 4864 1296 4914 Gr
1325 4859 1351 4914 δὲ
1378 4861 1457 4932 κρίσιν
1479 4864 1500 4913 Ε·
1526 4860 1539 4931 Η
1566 4862 1600 4916 27
1624 4859 1687 4914 δόσιν

326 4954 397 5002 risini
416 4953 508 5003 ordino
530 4957 634 5002 sorroio
656 4945 720 5000 έπτά
737 4943 780 4999 τόν
798 4944 903 5018 ἀριδμδν
921 4948 981 5002 εἶναι
1033 4947 1152 5009 δὲκυνδς
1177 4954 1214 5002 sio
1235 4951 1270 5001 Fr
1293 4947 1535 5019 ἀνατολὴν-κυνὸς
1558 4969 1610 5004 om.
1633 4945 1683 5012 ΟΙλ

325 5047 351 5088 ot
361 5036 521 5106 ταπεινότερα
537 5041 589 5088 τῶν
602 5034 720 5089 ἀπλανῶν
738 5040 806 5090 vices
825 5049 923 5090 mutare
941 5043 980 5089 iu·
1032 5037 1066 5096 εἰς
1084 5041 1131 5107 γῆν
1149 5041 1187 5090 Αι
1207 5055 1272 5090 corr.
1291 5041 1412 5090 Moineko
