<?xml version="1.0" encoding="UTF-8"?>
<!DOCTYPE html PUBLIC "-//W3C//DTD XHTML 1.0 Transitional//EN"
    "http://www.w3.org/TR/xhtml1/DTD/xhtml1-transitional.dtd">
<html xmlns="http://www.w3.org/1999/xhtml" xml:lang="en" lang="en">
 <head>
  <title>
</title>
<meta http-equiv="Content-Type" content="text/html;charset=utf-8" />
  <meta name='ocr-system' content='tesseract 3.04.00' />
  <meta name='ocr-capabilities' content='ocr_page ocr_carea ocr_par ocr_line ocrx_word'/>
</head>
<body>
  <div class='ocr_page' id='page_1' title='image "./doxographigraec01dielgoog/doxographigraec01dielgoog_0068.png"; bbox 0 0 3710 5730; ppageno 0'>
   <div class='ocr_carea' id='block_1_1' title="bbox 705 403 1518 469">
    <p class='ocr_par' dir='ltr' id='par_1_1' title="bbox 705 403 1518 469">
     <span class='ocr_line' id='line_1_1' title="bbox 705 403 1518 469; baseline 0.002 -16"><span class='ocrx_word' id='word_1_1' title='bbox 705 403 980 455; x_wconf 76' lang='lat' dir='ltr'><strong>ruouasounus</strong></span> <span class='ocrx_word' id='word_1_2' title='bbox 1477 406 1518 469; x_wconf 80' lang='lat'><strong>53</strong></span> 
     </span>
    </p>
   </div>
   <div class='ocr_carea' id='block_1_2' title="bbox 154 571 1520 1575">
    <p class='ocr_par' dir='ltr' id='par_1_2' title="bbox 154 571 1520 1575">
     <span class='ocr_line' id='line_1_2' title="bbox 156 571 1520 658; baseline 0.002 -22"><span class='ocrx_word' id='word_1_3' title='bbox 156 571 259 640; x_wconf 83' lang='lat' dir='ltr'><strong>verba</strong></span> <span class='ocrx_word' id='word_1_4' title='bbox 285 573 455 655; x_wconf 78' lang='grc' dir='ltr'><strong>ἀνταύγειαν</strong></span> <span class='ocrx_word' id='word_1_5' title='bbox 479 571 626 636; x_wconf 69' lang='lat' dir='ltr'><strong>clausach</strong></span> <span class='ocrx_word' id='word_1_6' title='bbox 648 573 711 655; x_wconf 80' lang='grc' dir='ltr'>περὶ</span> <span class='ocrx_word' id='word_1_7' title='bbox 734 571 787 655; x_wconf 85' lang='grc' dir='ltr'><strong>τὴν</strong></span> <span class='ocrx_word' id='word_1_8' title='bbox 809 575 862 656; x_wconf 79' lang='grc' dir='ltr'><strong>γῆν</strong></span> <span class='ocrx_word' id='word_1_9' title='bbox 885 573 974 655; x_wconf 82' lang='grc' dir='ltr'>πυρὸς</span> <span class='ocrx_word' id='word_1_10' title='bbox 995 575 1045 637; x_wconf 85' lang='grc' dir='ltr'><strong>τὸν</strong></span> <span class='ocrx_word' id='word_1_11' title='bbox 1066 575 1149 658; x_wconf 82' lang='grc' dir='ltr'>ἥλιον</span> <span class='ocrx_word' id='word_1_12' title='bbox 1175 574 1319 656; x_wconf 75' lang='lat' dir='ltr'>neglexit</span> <span class='ocrx_word' id='word_1_13' title='bbox 1348 581 1456 656; x_wconf 82' lang='lat' dir='ltr'><strong>nequo¹</strong></span> <span class='ocrx_word' id='word_1_14' title='bbox 1475 581 1520 639; x_wconf 87' lang='lat' dir='ltr'><strong>ta-</strong></span> 
     </span>
     <span class='ocr_line' id='line_1_3' title="bbox 157 672 1519 759; baseline 0.001 -21"><span class='ocrx_word' id='word_1_15' title='bbox 157 692 233 740; x_wconf 91' lang='lat' dir='ltr'><strong>men</strong></span> <span class='ocrx_word' id='word_1_16' title='bbox 264 673 439 756; x_wconf 79' lang='lat' dir='ltr'>quidquam</span> <span class='ocrx_word' id='word_1_17' title='bbox 461 674 505 739; x_wconf 87' lang='lat' dir='ltr'><strong>ad</strong></span> <span class='ocrx_word' id='word_1_18' title='bbox 528 674 746 740; x_wconf 86' lang='lat' dir='ltr'><strong>excusandum</strong></span> <span class='ocrx_word' id='word_1_19' title='bbox 770 672 897 738; x_wconf 73' lang='lat' dir='ltr'><strong>Attium</strong></span> <span class='ocrx_word' id='word_1_20' title='bbox 920 675 1068 758; x_wconf 78' lang='lat' dir='ltr'><strong>profecit.</strong></span> <span class='ocrx_word' id='word_1_21' title='bbox 1104 681 1276 759; x_wconf 89' lang='lat' dir='ltr'><strong>praeterea</strong></span> <span class='ocrx_word' id='word_1_22' title='bbox 1298 675 1402 741; x_wconf 89' lang='lat' dir='ltr'><strong>eidem</strong></span> <span class='ocrx_word' id='word_1_23' title='bbox 1425 695 1519 758; x_wconf 90' lang='lat' dir='ltr'><strong>para·</strong></span> 
     </span>
     <span class='ocr_line' id='line_1_4' title="bbox 156 774 1519 860; baseline 0 -18"><span class='ocrx_word' id='word_1_24' title='bbox 156 775 283 860; x_wconf 77' lang='lat' dir='ltr'>grapho</span> <span class='ocrx_word' id='word_1_25' title='bbox 317 775 521 859; x_wconf 88' lang='lat' dir='ltr'><strong>turpissimus</strong></span> <span class='ocrx_word' id='word_1_26' title='bbox 553 775 762 842; x_wconf 90' lang='lat' dir='ltr'><strong>soloecismus</strong></span> <span class='ocrx_word' id='word_1_27' title='bbox 793 774 970 858; x_wconf 88' lang='lat' dir='ltr'><strong>antiquitus</strong></span> <span class='ocrx_word' id='word_1_28' title='bbox 1001 784 1050 844; x_wconf 89' lang='lat' dir='ltr'><strong>est</strong></span> <span class='ocrx_word' id='word_1_29' title='bbox 1081 778 1217 842; x_wconf 89' lang='lat' dir='ltr'><strong>inustus.</strong></span> <span class='ocrx_word' id='word_1_30' title='bbox 1269 778 1339 860; x_wconf 93' lang='lat' dir='ltr'><strong>quis</strong></span> <span class='ocrx_word' id='word_1_31' title='bbox 1369 798 1519 860; x_wconf 90' lang='lat' dir='ltr'><strong>umquam</strong></span> 
     </span>
     <span class='ocr_line' id='line_1_5' title="bbox 155 877 1519 964; baseline 0.001 -20"><span class='ocrx_word' id='word_1_32' title='bbox 155 878 283 944; x_wconf 82' lang='lat' dir='ltr'><strong>audivit</strong></span> <span class='ocrx_word' id='word_1_33' title='bbox 305 883 346 948; x_wconf 84' lang='grc' dir='ltr'>ιὺς</span> <span class='ocrx_word' id='word_1_34' title='bbox 373 879 508 963; x_wconf 80' lang='grc' dir='ltr'>βραχέως</span> <span class='ocrx_word' id='word_1_35' title='bbox 529 879 663 964; x_wconf 80' lang='grc' dir='ltr'>εἰρῆσθαι</span> <span class='ocrx_word' id='word_1_36' title='bbox 680 877 921 960; x_wconf 72' lang='grc' dir='ltr'>συντεμόνταθ</span> <span class='ocrx_word' id='word_1_37' title='bbox 942 879 1083 946; x_wconf 85' lang='lat' dir='ltr'><strong>debebat</strong></span> <span class='ocrx_word' id='word_1_38' title='bbox 1098 885 1185 944; x_wconf 83' lang='lat' dir='ltr'><strong>ceute</strong></span> <span class='ocrx_word' id='word_1_39' title='bbox 1201 882 1412 962; x_wconf 83' lang='grc' dir='ltr'>συντεμόντι,</span> <span class='ocrx_word' id='word_1_40' title='bbox 1434 879 1519 962; x_wconf 87' lang='lat' dir='ltr'><strong>quod</strong></span> 
     </span>
     <span class='ocr_line' id='line_1_6' title="bbox 157 977 1518 1063; baseline 0 -17"><span class='ocrx_word' id='word_1_41' title='bbox 157 977 302 1046; x_wconf 85' lang='lat' dir='ltr'><strong>Stobaeo</strong></span> <span class='ocrx_word' id='word_1_42' title='bbox 329 999 388 1045; x_wconf 89' lang='lat' dir='ltr'><strong>suo</strong></span> <span class='ocrx_word' id='word_1_43' title='bbox 415 980 484 1046; x_wconf 88' lang='lat' dir='ltr'><strong>iure</strong></span> <span class='ocrx_word' id='word_1_44' title='bbox 512 979 651 1046; x_wconf 75' lang='lat' dir='ltr'><strong>restituit</strong></span> <span class='ocrx_word' id='word_1_45' title='bbox 672 978 872 1045; x_wconf 76' lang='lat' dir='ltr'><strong>Meinalseus.</strong></span> <span class='ocrx_word' id='word_1_46' title='bbox 917 980 975 1046; x_wconf 89' lang='lat' dir='ltr'><strong>sed</strong></span> <span class='ocrx_word' id='word_1_47' title='bbox 1001 981 1220 1046; x_wconf 87' lang='lat' dir='ltr'><strong>accusativum</strong></span> <span class='ocrx_word' id='word_1_48' title='bbox 1242 981 1400 1063; x_wconf 77' lang='lat' dir='ltr'><strong>praebent</strong></span> <span class='ocrx_word' id='word_1_49' title='bbox 1421 981 1518 1046; x_wconf 89' lang='lat' dir='ltr'><strong>ctiam</strong></span> 
     </span>
     <span class='ocr_line' id='line_1_7' title="bbox 160 1080 1519 1165; baseline 0.001 -19"><span class='ocrx_word' id='word_1_50' title='bbox 160 1081 328 1147; x_wconf 75' lang='lat' dir='ltr'><strong>Plutarchi</strong></span> <span class='ocrx_word' id='word_1_51' title='bbox 352 1081 479 1147; x_wconf 84' lang='lat' dir='ltr'><strong>codices</strong></span> <span class='ocrx_word' id='word_1_52' title='bbox 502 1103 574 1148; x_wconf 90' lang='lat' dir='ltr'><strong>cum</strong></span> <span class='ocrx_word' id='word_1_53' title='bbox 595 1080 747 1148; x_wconf 85' lang='lat' dir='ltr'><strong>Eusebio.</strong></span> <span class='ocrx_word' id='word_1_54' title='bbox 791 1101 867 1146; x_wconf 91' lang='lat' dir='ltr'><strong>nam</strong></span> <span class='ocrx_word' id='word_1_55' title='bbox 890 1081 949 1148; x_wconf 88' lang='lat' dir='ltr'><strong>etsi</strong></span> <span class='ocrx_word' id='word_1_56' title='bbox 973 1102 994 1147; x_wconf 92' lang='lat' dir='ltr'><strong>a</strong></span> <span class='ocrx_word' id='word_1_57' title='bbox 1015 1082 1140 1165; x_wconf 85' lang='lat' dir='ltr'><strong>vulgari</strong></span> <span class='ocrx_word' id='word_1_58' title='bbox 1167 1102 1256 1147; x_wconf 88' lang='lat' dir='ltr'><strong>morc</strong></span> <span class='ocrx_word' id='word_1_59' title='bbox 1277 1084 1432 1149; x_wconf 87' lang='lat' dir='ltr'><strong>recedunt</strong></span> <span class='ocrx_word' id='word_1_60' title='bbox 1453 1105 1519 1148; x_wconf 89' lang='lat' dir='ltr'><strong>non</strong></span> 
     </span>
     <span class='ocr_line' id='line_1_8' title="bbox 156 1182 1518 1271; baseline 0.004 -25"><span class='ocrx_word' id='word_1_61' title='bbox 156 1184 260 1248; x_wconf 91' lang='lat' dir='ltr'><strong>solum</strong></span> <span class='ocrx_word' id='word_1_62' title='bbox 283 1182 483 1267; x_wconf 81' lang='lat' dir='ltr'><strong>Byzantinus</strong></span> <span class='ocrx_word' id='word_1_63' title='bbox 506 1184 639 1250; x_wconf 85' lang='lat' dir='ltr'><strong>Nicetas</strong></span> <span class='ocrx_word' id='word_1_64' title='bbox 662 1182 764 1250; x_wconf 82' lang='lat' dir='ltr'><strong>Obon.</strong></span> <span class='ocrx_word' id='word_1_65' title='bbox 787 1183 821 1249; x_wconf 95' lang='lat' dir='ltr'><strong>in</strong></span> <span class='ocrx_word' id='word_1_66' title='bbox 843 1183 944 1268; x_wconf 84' lang='lat' dir='ltr'><strong>praef.</strong></span> <span class='ocrx_word' id='word_1_67' title='bbox 969 1188 1011 1255; x_wconf 80' lang='grc' dir='ltr'>ὡς</span> <span class='ocrx_word' id='word_1_68' title='bbox 1033 1185 1264 1271; x_wconf 83' lang='grc' dir='ltr'>ἐπιτρέχοντοί</span> <span class='ocrx_word' id='word_1_69' title='bbox 1286 1210 1322 1268; x_wconf 82' lang='grc' dir='ltr'>με</span> <span class='ocrx_word' id='word_1_70' title='bbox 1344 1186 1433 1249; x_wconf 77' lang='grc' dir='ltr'>εἰπεῖν</span> <span class='ocrx_word' id='word_1_71' title='bbox 1461 1185 1518 1251; x_wconf 91' lang='lat' dir='ltr'><strong>scd</strong></span> 
     </span>
     <span class='ocr_line' id='line_1_9' title="bbox 155 1285 1518 1372; baseline 0.001 -22"><span class='ocrx_word' id='word_1_72' title='bbox 155 1285 255 1350; x_wconf 80' lang='lat' dir='ltr'><strong>etiam</strong></span> <span class='ocrx_word' id='word_1_73' title='bbox 271 1285 474 1369; x_wconf 79' lang='lat' dir='ltr'><strong>Hippolytus</strong></span> <span class='ocrx_word' id='word_1_74' title='bbox 489 1286 583 1352; x_wconf 81' lang='lat' dir='ltr'><strong>refut.</strong></span> <span class='ocrx_word' id='word_1_75' title='bbox 599 1287 643 1351; x_wconf 94' lang='lat' dir='ltr'><strong>VI</strong></span> <span class='ocrx_word' id='word_1_76' title='bbox 656 1287 698 1352; x_wconf 80' lang='lat'><strong>29</strong></span> <span class='ocrx_word' id='word_1_77' title='bbox 720 1307 750 1370; x_wconf 89' lang='lat' dir='ltr'><strong>p.</strong></span> <span class='ocrx_word' id='word_1_78' title='bbox 767 1289 840 1370; x_wconf 78' lang='lat'>270,</span> <span class='ocrx_word' id='word_1_79' title='bbox 853 1288 894 1352; x_wconf 78' lang='lat'><strong>25</strong></span> <span class='ocrx_word' id='word_1_80' title='bbox 910 1287 998 1352; x_wconf 79' lang='lat' dir='ltr'><strong>Gott.</strong></span> <span class='ocrx_word' id='word_1_81' title='bbox 1022 1291 1063 1356; x_wconf 88' lang='grc' dir='ltr'>ὑς</span> <span class='ocrx_word' id='word_1_82' title='bbox 1085 1289 1115 1351; x_wconf 82' lang='grc' dir='ltr'><strong>ἐν</strong></span> <span class='ocrx_word' id='word_1_83' title='bbox 1135 1289 1302 1372; x_wconf 77' lang='grc' dir='ltr'>κεφαλαίοις</span> <span class='ocrx_word' id='word_1_84' title='bbox 1318 1289 1406 1351; x_wconf 80' lang='grc' dir='ltr'>εἰπεῖν</span> <span class='ocrx_word' id='word_1_85' title='bbox 1422 1288 1518 1351; x_wconf 80' lang='grc' dir='ltr'>ἐπελ-</span> 
     </span>
     <span class='ocr_line' id='line_1_10' title="bbox 156 1385 1518 1476; baseline 0.003 -26"><span class='ocrx_word' id='word_1_86' title='bbox 156 1389 265 1452; x_wconf 81' lang='grc' dir='ltr'>θόντα</span> <span class='ocrx_word' id='word_1_87' title='bbox 292 1393 325 1452; x_wconf 88' lang='lat' dir='ltr'><strong>el</strong></span> <span class='ocrx_word' id='word_1_88' title='bbox 346 1385 531 1454; x_wconf 80' lang='lat' dir='ltr'><strong>Herodotus</strong></span> <span class='ocrx_word' id='word_1_89' title='bbox 553 1390 602 1454; x_wconf 80' lang='lat'><strong>111</strong></span> <span class='ocrx_word' id='word_1_90' title='bbox 624 1389 679 1454; x_wconf 78' lang='lat'><strong>82</strong></span> <span class='ocrx_word' id='word_1_91' title='bbox 709 1389 749 1452; x_wconf 82' lang='grc' dir='ltr'>ένὶ</span> <span class='ocrx_word' id='word_1_92' title='bbox 778 1391 810 1452; x_wconf 80' lang='grc' dir='ltr'><strong>δὲ</strong></span> <span class='ocrx_word' id='word_1_93' title='bbox 833 1386 896 1453; x_wconf 88' lang='grc' dir='ltr'>έπει</span> <span class='ocrx_word' id='word_1_94' title='bbox 918 1391 1011 1453; x_wconf 91' lang='grc' dir='ltr'>πάντα</span> <span class='ocrx_word' id='word_1_95' title='bbox 1034 1392 1250 1476; x_wconf 77' lang='grc' dir='ltr'><strong>συλλαβόντα</strong></span> <span class='ocrx_word' id='word_1_96' title='bbox 1276 1391 1383 1468; x_wconf 80' lang='grc' dir='ltr'>εἰπεῖν,</span> <span class='ocrx_word' id='word_1_97' title='bbox 1410 1397 1518 1456; x_wconf 84' lang='lat' dir='ltr'><strong>lamen</strong></span> 
     </span>
     <span class='ocr_line' id='line_1_11' title="bbox 154 1488 1519 1575; baseline 0.002 -21"><span class='ocrx_word' id='word_1_98' title='bbox 154 1489 226 1554; x_wconf 90' lang='lat' dir='ltr'><strong>siue</strong></span> <span class='ocrx_word' id='word_1_99' title='bbox 249 1488 328 1554; x_wconf 82' lang='lat' dir='ltr'><strong>vitio</strong></span> <span class='ocrx_word' id='word_1_100' title='bbox 349 1489 397 1554; x_wconf 91' lang='lat' dir='ltr'><strong>illi</strong></span> <span class='ocrx_word' id='word_1_101' title='bbox 420 1489 560 1572; x_wconf 91' lang='lat' dir='ltr'><strong>quidem.</strong></span> <span class='ocrx_word' id='word_1_102' title='bbox 597 1492 656 1557; x_wconf 91' lang='lat' dir='ltr'><strong>sed</strong></span> <span class='ocrx_word' id='word_1_103' title='bbox 679 1491 844 1575; x_wconf 86' lang='lat' dir='ltr'><strong>passivum</strong></span> <span class='ocrx_word' id='word_1_104' title='bbox 867 1491 1028 1575; x_wconf 89' lang='lat' dir='ltr'><strong>quomodo</strong></span> <span class='ocrx_word' id='word_1_105' title='bbox 1043 1491 1196 1557; x_wconf 87' lang='lat' dir='ltr'><strong>concilies</strong></span> <span class='ocrx_word' id='word_1_106' title='bbox 1218 1512 1289 1557; x_wconf 91' lang='lat' dir='ltr'><strong>cum</strong></span> <span class='ocrx_word' id='word_1_107' title='bbox 1311 1493 1519 1559; x_wconf 85' lang='lat' dir='ltr'><strong>accusativo?</strong></span> 
     </span>
    </p>
   </div>
   <div class='ocr_carea' id='block_1_3' title="bbox 154 1622 1564 2056">
    <p class='ocr_par' dir='ltr' id='par_1_3' title="bbox 155 1622 1520 1748">
     <span class='ocr_line' id='line_1_12' title="bbox 155 1622 1520 1748; baseline 0.004 -26"><span class='ocrx_word' id='word_1_108' title='bbox 155 1678 258 1742; x_wconf 87' lang='lat' dir='ltr'><strong>quare</strong></span> <span class='ocrx_word' id='word_1_109' title='bbox 284 1659 358 1724; x_wconf 82' lang='lat' dir='ltr'><strong>vide</strong></span> <span class='ocrx_word' id='word_1_110' title='bbox 386 1680 429 1726; x_wconf 90' lang='lat' dir='ltr'><strong>nc</strong></span> <span class='ocrx_word' id='word_1_111' title='bbox 451 1661 584 1744; x_wconf 88' lang='lat' dir='ltr'><strong>antiqua</strong></span> <span class='ocrx_word' id='word_1_112' title='bbox 605 1663 714 1744; x_wconf 83' lang='lat' dir='ltr'><strong>glossa</strong></span> <span class='ocrx_word' id='word_1_113' title='bbox 736 1622 873 1747; x_wconf 73' lang='grc' dir='ltr'>σοντεμάν</span> <span class='ocrx_word' id='word_1_114' title='bbox 895 1661 1032 1744; x_wconf 90' lang='lat' dir='ltr'><strong>margini</strong></span> <span class='ocrx_word' id='word_1_115' title='bbox 1054 1661 1096 1726; x_wconf 90' lang='lat' dir='ltr'><strong>ad</strong></span> <span class='ocrx_word' id='word_1_116' title='bbox 1112 1664 1246 1748; x_wconf 83' lang='grc' dir='ltr'>βραχέως</span> <span class='ocrx_word' id='word_1_117' title='bbox 1268 1663 1432 1747; x_wconf 86' lang='lat' dir='ltr'><strong>adscripta</strong></span> <span class='ocrx_word' id='word_1_118' title='bbox 1453 1683 1520 1728; x_wconf 88' lang='lat' dir='ltr'><strong>ocr-</strong></span> 
     </span>
    </p>

    <p class='ocr_par' dir='ltr' id='par_1_4' title="bbox 155 1761 1564 1956">
     <span class='ocr_line' id='line_1_13' title="bbox 155 1761 1392 1847; baseline 0.005 -23"><span class='ocrx_word' id='word_1_119' title='bbox 155 1767 253 1845; x_wconf 89' lang='lat' dir='ltr'><strong>rupta</strong></span> <span class='ocrx_word' id='word_1_120' title='bbox 275 1761 450 1846; x_wconf 86' lang='lat' dir='ltr'><strong>irrepserit.</strong></span> <span class='ocrx_word' id='word_1_121' title='bbox 474 1783 538 1847; x_wconf 92' lang='lat' dir='ltr'><strong>qua</strong></span> <span class='ocrx_word' id='word_1_122' title='bbox 559 1771 685 1830; x_wconf 88' lang='lat' dir='ltr'><strong>remota</strong></span> <span class='ocrx_word' id='word_1_123' title='bbox 707 1765 801 1830; x_wconf 91' lang='lat' dir='ltr'><strong>simul</strong></span> <span class='ocrx_word' id='word_1_124' title='bbox 824 1764 961 1831; x_wconf 89' lang='lat' dir='ltr'><strong>orationi</strong></span> <span class='ocrx_word' id='word_1_125' title='bbox 984 1765 1182 1830; x_wconf 89' lang='lat' dir='ltr'><strong>consulueris</strong></span> <span class='ocrx_word' id='word_1_126' title='bbox 1204 1765 1392 1833; x_wconf 82' lang='lat' dir='ltr'><strong>abundanti.</strong></span> 
     </span>
     <span class='ocr_line' id='line_1_14' title="bbox 242 1863 1564 1956; baseline 0.004 -28"><span class='ocrx_word' id='word_1_127' title='bbox 242 1863 366 1928; x_wconf 78' lang='lat'>11241</span> <span class='ocrx_word' id='word_1_128' title='bbox 393 1865 493 1950; x_wconf 77' lang='grc' dir='ltr'>Θαλῆς</span> <span class='ocrx_word' id='word_1_129' title='bbox 507 1870 622 1950; x_wconf 87' lang='grc' dir='ltr'>πρῶτος</span> <span class='ocrx_word' id='word_1_130' title='bbox 639 1865 697 1952; x_wconf 85' lang='grc' dir='ltr'><strong>ἔφη</strong></span> <span class='ocrx_word' id='word_1_131' title='bbox 713 1869 853 1932; x_wconf 82' lang='grc' dir='ltr'>ἐκλείπειν</span> <span class='ocrx_word' id='word_1_132' title='bbox 876 1872 927 1952; x_wconf 75' lang='grc' dir='ltr'><strong>τῆς</strong></span> <span class='ocrx_word' id='word_1_133' title='bbox 951 1869 1073 1952; x_wconf 76' lang='grc' dir='ltr'><strong>σελήνης</strong></span> <span class='ocrx_word' id='word_1_134' title='bbox 1096 1867 1182 1932; x_wconf 78' lang='grc' dir='ltr'>αὐτὸν</span> <span class='ocrx_word' id='word_1_135' title='bbox 1205 1869 1423 1954; x_wconf 77' lang='grc' dir='ltr'>ὑποτρεχούσης</span> <span class='ocrx_word' id='word_1_136' title='bbox 1445 1871 1519 1933; x_wconf 85' lang='grc' dir='ltr'>κατὰ</span> <span class='ocrx_word' id='word_1_137' title='bbox 1562 1951 1564 1956; x_wconf 68' lang='lat'>,</span> 
     </span>
    </p>

    <p class='ocr_par' dir='ltr' id='par_1_5' title="bbox 154 1966 1518 2056">
     <span class='ocr_line' id='line_1_15' title="bbox 154 1966 1518 2056; baseline 0.007 -28"><span class='ocrx_word' id='word_1_138' title='bbox 154 1967 280 2029; x_wconf 82' lang='grc' dir='ltr'>κάθετον</span> <span class='ocrx_word' id='word_1_139' title='bbox 303 1966 392 2051; x_wconf 81' lang='grc' dir='ltr'>οὔσης</span> <span class='ocrx_word' id='word_1_140' title='bbox 413 1969 499 2052; x_wconf 84' lang='grc' dir='ltr'>φύσει</span> <span class='ocrx_word' id='word_1_141' title='bbox 521 1971 656 2051; x_wconf 76' lang='grc' dir='ltr'>γεώδους</span> <span class='ocrx_word' id='word_1_142' title='bbox 685 1971 843 2054; x_wconf 72' lang='grc' dir='ltr'><strong>βλέπεσθαι</strong></span> <span class='ocrx_word' id='word_1_143' title='bbox 863 1971 895 2032; x_wconf 83' lang='grc' dir='ltr'><strong>δὲ</strong></span> <span class='ocrx_word' id='word_1_144' title='bbox 910 1974 994 2032; x_wconf 78' lang='grc' dir='ltr'>τοῦτο</span> <span class='ocrx_word' id='word_1_145' title='bbox 1017 1974 1255 2054; x_wconf 83' lang='grc' dir='ltr'>κατοπτρικῶς</span> <span class='ocrx_word' id='word_1_146' title='bbox 1278 1972 1518 2056; x_wconf 78' lang='grc' dir='ltr'>ὑποτιθεμένῳ</span> 
     </span>
    </p>
   </div>
   <div class='ocr_carea' id='block_1_4' title="bbox 151 2067 1523 5014">
    <p class='ocr_par' dir='ltr' id='par_1_6' title="bbox 151 2067 1521 4194">
     <span class='ocr_line' id='line_1_16' title="bbox 154 2067 1519 2154; baseline 0.008 -25"><span class='ocrx_word' id='word_1_147' title='bbox 154 2073 202 2152; x_wconf 83' lang='grc' dir='ltr'><strong>τῷ</strong></span> <span class='ocrx_word' id='word_1_148' title='bbox 226 2067 344 2154; x_wconf 82' lang='grc' dir='ltr'>δίσκῳ.</span> <span class='ocrx_word' id='word_1_149' title='bbox 376 2069 455 2134; x_wconf 85' lang='lat' dir='ltr'><strong>talia</strong></span> <span class='ocrx_word' id='word_1_150' title='bbox 470 2069 635 2135; x_wconf 90' lang='lat' dir='ltr'><strong>Plutarchi</strong></span> <span class='ocrx_word' id='word_1_151' title='bbox 650 2071 787 2136; x_wconf 85' lang='lat' dir='ltr'><strong>codices.</strong></span> <span class='ocrx_word' id='word_1_152' title='bbox 818 2077 963 2137; x_wconf 84' lang='lat' dir='ltr'><strong>extrema</strong></span> <span class='ocrx_word' id='word_1_153' title='bbox 981 2072 1097 2135; x_wconf 89' lang='lat' dir='ltr'><strong>insana</strong></span> <span class='ocrx_word' id='word_1_154' title='bbox 1116 2071 1310 2137; x_wconf 86' lang='lat' dir='ltr'><strong>videbantur</strong></span> <span class='ocrx_word' id='word_1_155' title='bbox 1327 2094 1393 2138; x_wconf 90' lang='lat' dir='ltr'><strong>non</strong></span> <span class='ocrx_word' id='word_1_156' title='bbox 1415 2075 1519 2140; x_wconf 90' lang='lat' dir='ltr'><strong>solum</strong></span> 
     </span>
     <span class='ocr_line' id='line_1_17' title="bbox 154 2171 1518 2260; baseline 0.005 -25"><span class='ocrx_word' id='word_1_157' title='bbox 154 2171 310 2254; x_wconf 85' lang='lat' dir='ltr'><strong>librariis,</strong></span> <span class='ocrx_word' id='word_1_158' title='bbox 339 2171 429 2236; x_wconf 88' lang='lat' dir='ltr'><strong>velut</strong></span> <span class='ocrx_word' id='word_1_159' title='bbox 459 2172 506 2237; x_wconf 95' lang='lat' dir='ltr'><strong>illi</strong></span> <span class='ocrx_word' id='word_1_160' title='bbox 533 2173 587 2255; x_wconf 93' lang='lat' dir='ltr'><strong>qui</strong></span> <span class='ocrx_word' id='word_1_161' title='bbox 615 2173 648 2238; x_wconf 95' lang='lat' dir='ltr'><strong>in</strong></span> <span class='ocrx_word' id='word_1_162' title='bbox 672 2173 697 2238; x_wconf 80' lang='lat' dir='ltr'>G</span> <span class='ocrx_word' id='word_1_163' title='bbox 721 2175 921 2258; x_wconf 76' lang='grc' dir='ltr'>ὑποτιθεμένῳ</span> <span class='ocrx_word' id='word_1_164' title='bbox 949 2172 1041 2254; x_wconf 90' lang='lat' dir='ltr'><strong>signo</strong></span> <span class='ocrx_word' id='word_1_165' title='bbox 1065 2173 1100 2238; x_wconf 92' lang='lat' dir='ltr'><strong>in</strong></span> <span class='ocrx_word' id='word_1_166' title='bbox 1127 2174 1272 2256; x_wconf 89' lang='lat' dir='ltr'><strong>margine</strong></span> <span class='ocrx_word' id='word_1_167' title='bbox 1293 2176 1432 2260; x_wconf 82' lang='lat' dir='ltr'><strong>notavit,</strong></span> <span class='ocrx_word' id='word_1_168' title='bbox 1461 2178 1518 2242; x_wconf 91' lang='lat' dir='ltr'><strong>sed</strong></span> 
     </span>
     <span class='ocr_line' id='line_1_18' title="bbox 154 2273 1518 2362; baseline 0.003 -24"><span class='ocrx_word' id='word_1_169' title='bbox 154 2273 254 2338; x_wconf 84' lang='lat' dir='ltr'><strong>etiam</strong></span> <span class='ocrx_word' id='word_1_170' title='bbox 282 2273 469 2340; x_wconf 88' lang='lat' dir='ltr'><strong>editoribus.</strong></span> <span class='ocrx_word' id='word_1_171' title='bbox 516 2275 786 2361; x_wconf 87' lang='lat' dir='ltr'><strong>Wyttenbacbius</strong></span> <span class='ocrx_word' id='word_1_172' title='bbox 813 2275 941 2358; x_wconf 88' lang='lat' dir='ltr'><strong>quidem</strong></span> <span class='ocrx_word' id='word_1_173' title='bbox 968 2275 1132 2359; x_wconf 87' lang='lat' dir='ltr'><strong>rescripsit</strong></span> <span class='ocrx_word' id='word_1_174' title='bbox 1157 2277 1315 2360; x_wconf 81' lang='grc' dir='ltr'><strong>βλέπεσθαι</strong></span> <span class='ocrx_word' id='word_1_175' title='bbox 1337 2279 1370 2342; x_wconf 82' lang='grc' dir='ltr'><strong>δὲ</strong></span> <span class='ocrx_word' id='word_1_176' title='bbox 1392 2280 1518 2362; x_wconf 83' lang='grc' dir='ltr'>ταύτην</span> 
     </span>
     <span class='ocr_line' id='line_1_19' title="bbox 154 2378 1518 2464; baseline 0.003 -24"><span class='ocrx_word' id='word_1_177' title='bbox 154 2382 356 2460; x_wconf 81' lang='grc' dir='ltr'>κατοπτρικῶς</span> <span class='ocrx_word' id='word_1_178' title='bbox 386 2378 606 2464; x_wconf 79' lang='grc' dir='ltr'>ὑποτιθεμένην</span> <span class='ocrx_word' id='word_1_179' title='bbox 628 2385 671 2464; x_wconf 82' lang='grc' dir='ltr'><strong>τῷ</strong></span> <span class='ocrx_word' id='word_1_180' title='bbox 702 2379 803 2462; x_wconf 86' lang='grc' dir='ltr'>δίσκῳ.</span> <span class='ocrx_word' id='word_1_181' title='bbox 850 2385 883 2443; x_wconf 88' lang='lat' dir='ltr'><strong>et</strong></span> <span class='ocrx_word' id='word_1_182' title='bbox 908 2379 1044 2461; x_wconf 85' lang='lat' dir='ltr'><strong>praebet</strong></span> <span class='ocrx_word' id='word_1_183' title='bbox 1071 2379 1176 2463; x_wconf 89' lang='lat' dir='ltr'><strong>ipsum</strong></span> <span class='ocrx_word' id='word_1_184' title='bbox 1201 2378 1281 2444; x_wconf 87' lang='lat' dir='ltr'><strong>illud</strong></span> <span class='ocrx_word' id='word_1_185' title='bbox 1308 2381 1518 2464; x_wconf 85' lang='grc' dir='ltr'>ὑποτιθεμένην</span> 
     </span>
     <span class='ocr_line' id='line_1_20' title="bbox 154 2477 1518 2564; baseline 0.004 -21"><span class='ocrx_word' id='word_1_186' title='bbox 154 2477 324 2544; x_wconf 82' lang='lat' dir='ltr'><strong>Eusebius.</strong></span> <span class='ocrx_word' id='word_1_187' title='bbox 360 2485 395 2542; x_wconf 90' lang='lat' dir='ltr'><strong>at</strong></span> <span class='ocrx_word' id='word_1_188' title='bbox 410 2478 570 2544; x_wconf 84' lang='lat' dir='ltr'><strong>Stobaeus</strong></span> <span class='ocrx_word' id='word_1_189' title='bbox 593 2481 844 2564; x_wconf 83' lang='grc' dir='ltr'>ὑποτιθέμενον</span> <span class='ocrx_word' id='word_1_190' title='bbox 868 2481 946 2562; x_wconf 88' lang='lat' dir='ltr'><strong>legit</strong></span> <span class='ocrx_word' id='word_1_191' title='bbox 969 2480 1173 2547; x_wconf 87' lang='lat' dir='ltr'><strong>consentiens</strong></span> <span class='ocrx_word' id='word_1_192' title='bbox 1196 2501 1267 2545; x_wconf 93' lang='lat' dir='ltr'><strong>cum</strong></span> <span class='ocrx_word' id='word_1_193' title='bbox 1287 2482 1462 2548; x_wconf 77' lang='lat' dir='ltr'><strong>Plutarcho</strong></span> <span class='ocrx_word' id='word_1_194' title='bbox 1484 2483 1518 2548; x_wconf 92' lang='lat' dir='ltr'><strong>in</strong></span> 
     </span>
     <span class='ocr_line' id='line_1_21' title="bbox 153 2580 1517 2666; baseline 0.003 -22"><span class='ocrx_word' id='word_1_195' title='bbox 153 2586 267 2645; x_wconf 83' lang='grc' dir='ltr'>τοῦτο.</span> <span class='ocrx_word' id='word_1_196' title='bbox 302 2600 403 2664; x_wconf 88' lang='lat' dir='ltr'><strong>quare</strong></span> <span class='ocrx_word' id='word_1_197' title='bbox 418 2580 473 2645; x_wconf 88' lang='lat' dir='ltr'><strong>diu</strong></span> <span class='ocrx_word' id='word_1_198' title='bbox 488 2581 686 2664; x_wconf 88' lang='lat' dir='ltr'><strong>multumque</strong></span> <span class='ocrx_word' id='word_1_199' title='bbox 701 2582 857 2648; x_wconf 88' lang='lat' dir='ltr'><strong>leniorem</strong></span> <span class='ocrx_word' id='word_1_200' title='bbox 872 2583 1031 2648; x_wconf 86' lang='lat' dir='ltr'><strong>rationem</strong></span> <span class='ocrx_word' id='word_1_201' title='bbox 1054 2582 1284 2666; x_wconf 83' lang='lat' dir='ltr'><strong>circumspexi.</strong></span> <span class='ocrx_word' id='word_1_202' title='bbox 1310 2583 1517 2649; x_wconf 85' lang='lat' dir='ltr'><strong>memineram</strong></span> 
     </span>
     <span class='ocr_line' id='line_1_22' title="bbox 155 2681 1517 2771; baseline 0.004 -23"><span class='ocrx_word' id='word_1_203' title='bbox 155 2690 286 2749; x_wconf 86' lang='lat' dir='ltr'><strong>veteres</strong></span> <span class='ocrx_word' id='word_1_204' title='bbox 313 2681 529 2749; x_wconf 88' lang='lat' dir='ltr'><strong>defectionem</strong></span> <span class='ocrx_word' id='word_1_205' title='bbox 555 2703 598 2748; x_wconf 90' lang='lat' dir='ltr'><strong>ne</strong></span> <span class='ocrx_word' id='word_1_206' title='bbox 624 2683 673 2748; x_wconf 92' lang='lat' dir='ltr'><strong>sol</strong></span> <span class='ocrx_word' id='word_1_207' title='bbox 700 2686 811 2751; x_wconf 90' lang='lat' dir='ltr'><strong>oculos</strong></span> <span class='ocrx_word' id='word_1_208' title='bbox 834 2687 1064 2768; x_wconf 84' lang='lat' dir='ltr'><strong>perstringeret</strong></span> <span class='ocrx_word' id='word_1_209' title='bbox 1086 2705 1127 2750; x_wconf 86' lang='lat' dir='ltr'><strong>ex</strong></span> <span class='ocrx_word' id='word_1_210' title='bbox 1153 2704 1259 2766; x_wconf 89' lang='lat' dir='ltr'><strong>aquae</strong></span> <span class='ocrx_word' id='word_1_211' title='bbox 1286 2685 1390 2750; x_wconf 86' lang='lat' dir='ltr'><strong>oleive</strong></span> <span class='ocrx_word' id='word_1_212' title='bbox 1420 2689 1517 2771; x_wconf 91' lang='lat' dir='ltr'><strong>pleno</strong></span> 
     </span>
     <span class='ocr_line' id='line_1_23' title="bbox 153 2786 1515 2869; baseline 0.003 -19"><span class='ocrx_word' id='word_1_213' title='bbox 153 2786 288 2851; x_wconf 86' lang='lat' dir='ltr'><strong>vasculo</strong></span> <span class='ocrx_word' id='word_1_214' title='bbox 310 2805 537 2868; x_wconf 85' lang='lat' dir='ltr'><strong>repercussam</strong></span> <span class='ocrx_word' id='word_1_215' title='bbox 559 2787 795 2869; x_wconf 75' lang='lat' dir='ltr'><strong>contemplatos</strong></span> <span class='ocrx_word' id='word_1_216' title='bbox 814 2807 895 2854; x_wconf 89' lang='lat' dir='ltr'><strong>esse.</strong></span> <span class='ocrx_word' id='word_1_217' title='bbox 923 2786 962 2852; x_wconf 89' lang='lat' dir='ltr'><strong>cl.</strong></span> <span class='ocrx_word' id='word_1_218' title='bbox 978 2787 1086 2852; x_wconf 84' lang='lat' dir='ltr'><strong>baert.</strong></span> <span class='ocrx_word' id='word_1_219' title='bbox 1101 2786 1162 2851; x_wconf 89' lang='lat' dir='ltr'><strong>VH</strong></span> <span class='ocrx_word' id='word_1_220' title='bbox 1179 2787 1250 2852; x_wconf 87' lang='grc'><strong>146.</strong></span> <span class='ocrx_word' id='word_1_221' title='bbox 1275 2787 1370 2852; x_wconf 89' lang='lat' dir='ltr'><strong>Plato</strong></span> <span class='ocrx_word' id='word_1_222' title='bbox 1393 2788 1515 2854; x_wconf 85' lang='lat' dir='ltr'><strong>Phaed.</strong></span> 
     </span>
     <span class='ocr_line' id='line_1_24' title="bbox 153 2885 1517 2973; baseline 0.003 -21"><span class='ocrx_word' id='word_1_223' title='bbox 153 2888 271 2970; x_wconf 85' lang='lat' dir='ltr'><strong>p.99n</strong></span> <span class='ocrx_word' id='word_1_224' title='bbox 299 2908 371 2953; x_wconf 92' lang='lat' dir='ltr'><strong>cum</strong></span> <span class='ocrx_word' id='word_1_225' title='bbox 393 2887 636 2973; x_wconf 88' lang='lat' dir='ltr'><strong>Wyttenbacbii</strong></span> <span class='ocrx_word' id='word_1_226' title='bbox 663 2896 751 2953; x_wconf 89' lang='lat' dir='ltr'><strong>nota.</strong></span> <span class='ocrx_word' id='word_1_227' title='bbox 790 2891 877 2954; x_wconf 91' lang='lat' dir='ltr'><strong>clare</strong></span> <span class='ocrx_word' id='word_1_228' title='bbox 905 2887 1032 2954; x_wconf 87' lang='lat' dir='ltr'><strong>Seneca</strong></span> <span class='ocrx_word' id='word_1_229' title='bbox 1059 2885 1302 2964; x_wconf 81' lang='lat' dir='ltr'><strong>u.ou.1121</strong></span> <span class='ocrx_word' id='word_1_230' title='bbox 1340 2890 1517 2972; x_wconf 91' lang='lat' dir='ltr'><strong>quotiens</strong></span> 
     </span>
     <span class='ocr_line' id='line_1_25' title="bbox 153 2988 1518 3076; baseline 0.004 -21"><span class='ocrx_word' id='word_1_231' title='bbox 153 2988 417 3055; x_wconf 84' lang='lat' dir='ltr'><strong>delectionem</strong></span> <span class='ocrx_word' id='word_1_232' title='bbox 458 2989 553 3054; x_wconf 91' lang='lat' dir='ltr'><strong>solis</strong></span> <span class='ocrx_word' id='word_1_233' title='bbox 595 2991 773 3056; x_wconf 87' lang='lat' dir='ltr'><strong>volumus</strong></span> <span class='ocrx_word' id='word_1_234' title='bbox 812 2990 1125 3074; x_wconf 82' lang='lat' dir='ltr'><strong>deprehendero,</strong></span> <span class='ocrx_word' id='word_1_235' title='bbox 1167 2989 1343 3072; x_wconf 90' lang='lat' dir='ltr'><strong>ponimus</strong></span> <span class='ocrx_word' id='word_1_236' title='bbox 1383 2994 1518 3076; x_wconf 89' lang='lat' dir='ltr'><strong>pelves</strong></span> 
     </span>
     <span class='ocr_line' id='line_1_26' title="bbox 153 3091 1518 3177; baseline 0.003 -21"><span class='ocrx_word' id='word_1_237' title='bbox 153 3111 252 3176; x_wconf 89' lang='lat' dir='ltr'><strong>quas</strong></span> <span class='ocrx_word' id='word_1_238' title='bbox 274 3097 341 3156; x_wconf 90' lang='lat' dir='ltr'><strong>aut</strong></span> <span class='ocrx_word' id='word_1_239' title='bbox 364 3092 450 3157; x_wconf 89' lang='lat' dir='ltr'><strong>cleo</strong></span> <span class='ocrx_word' id='word_1_240' title='bbox 473 3098 543 3158; x_wconf 89' lang='lat' dir='ltr'><strong>aut</strong></span> <span class='ocrx_word' id='word_1_241' title='bbox 565 3091 649 3174; x_wconf 88' lang='lat' dir='ltr'><strong>pice</strong></span> <span class='ocrx_word' id='word_1_242' title='bbox 672 3093 882 3176; x_wconf 89' lang='lat' dir='ltr'><strong>implemus.</strong></span> <span class='ocrx_word' id='word_1_243' title='bbox 917 3091 1003 3157; x_wconf 88' lang='lat' dir='ltr'><strong>unde</strong></span> <span class='ocrx_word' id='word_1_244' title='bbox 1018 3092 1234 3176; x_wconf 85' lang='lat' dir='ltr'><strong>explicabam:</strong></span> <span class='ocrx_word' id='word_1_245' title='bbox 1259 3094 1431 3177; x_wconf 91' lang='lat' dir='ltr'><strong>conspici</strong></span> <span class='ocrx_word' id='word_1_246' title='bbox 1448 3095 1518 3160; x_wconf 92' lang='lat' dir='ltr'><strong>boc</strong></span> 
     </span>
     <span class='ocr_line' id='line_1_27' title="bbox 153 3191 1518 3280; baseline 0.003 -22"><span class='ocrx_word' id='word_1_247' title='bbox 153 3192 329 3280; x_wconf 85' lang='lat' dir='ltr'><strong>[quomodo</strong></span> <span class='ocrx_word' id='word_1_248' title='bbox 359 3193 497 3258; x_wconf 84' lang='lat' dir='ltr'><strong>defectio</strong></span> <span class='ocrx_word' id='word_1_249' title='bbox 525 3191 591 3280; x_wconf 90' lang='lat' dir='ltr'><strong>liat]</strong></span> <span class='ocrx_word' id='word_1_250' title='bbox 629 3200 811 3276; x_wconf 87' lang='lat' dir='ltr'><strong>tanquam</strong></span> <span class='ocrx_word' id='word_1_251' title='bbox 851 3195 1010 3279; x_wconf 90' lang='lat' dir='ltr'><strong>speculo</strong></span> <span class='ocrx_word' id='word_1_252' title='bbox 1049 3194 1204 3259; x_wconf 88' lang='lat' dir='ltr'><strong>subdito</strong></span> <span class='ocrx_word' id='word_1_253' title='bbox 1244 3197 1414 3261; x_wconf 87' lang='lat' dir='ltr'><strong>vasculo.</strong></span> <span class='ocrx_word' id='word_1_254' title='bbox 1459 3197 1518 3262; x_wconf 89' lang='lat' dir='ltr'><strong>sed</strong></span> 
     </span>
     <span class='ocr_line' id='line_1_28' title="bbox 151 3295 1518 3391; baseline 0.003 -33"><span class='ocrx_word' id='word_1_255' title='bbox 151 3315 307 3378; x_wconf 87' lang='lat' dir='ltr'><strong>graecum</strong></span> <span class='ocrx_word' id='word_1_256' title='bbox 330 3302 400 3360; x_wconf 89' lang='lat' dir='ltr'><strong>erat</strong></span> <span class='ocrx_word' id='word_1_257' title='bbox 423 3297 586 3360; x_wconf 84' lang='grc' dir='ltr'>ὑποτιθέντι</span> <span class='ocrx_word' id='word_1_258' title='bbox 609 3299 658 3360; x_wconf 83' lang='grc' dir='ltr'><strong>τὸν</strong></span> <span class='ocrx_word' id='word_1_259' title='bbox 681 3299 786 3361; x_wconf 78' lang='grc' dir='ltr'>δίσκον.</span> <span class='ocrx_word' id='word_1_260' title='bbox 825 3304 995 3380; x_wconf 87' lang='lat' dir='ltr'><strong>praeterea</strong></span> <span class='ocrx_word' id='word_1_261' title='bbox 1014 3295 1195 3391; x_wconf 84' lang='lat' dir='ltr'><strong>refragatur</strong></span> <span class='ocrx_word' id='word_1_262' title='bbox 1211 3298 1317 3367; x_wconf 84' lang='grc' dir='ltr'>δίσκος.</span> <span class='ocrx_word' id='word_1_263' title='bbox 1355 3317 1439 3378; x_wconf 88' lang='lat' dir='ltr'><strong>quae</strong></span> <span class='ocrx_word' id='word_1_264' title='bbox 1453 3319 1518 3363; x_wconf 88' lang='lat' dir='ltr'><strong>vox</strong></span> 
     </span>
     <span class='ocr_line' id='line_1_29' title="bbox 152 3397 1517 3483; baseline 0.001 -21"><span class='ocrx_word' id='word_1_265' title='bbox 152 3407 192 3462; x_wconf 89' lang='lat' dir='ltr'><strong>ut</strong></span> <span class='ocrx_word' id='word_1_266' title='bbox 206 3397 290 3463; x_wconf 91' lang='lat' dir='ltr'><strong>alias</strong></span> <span class='ocrx_word' id='word_1_267' title='bbox 308 3418 368 3464; x_wconf 88' lang='lat' dir='ltr'><strong>vas</strong></span> <span class='ocrx_word' id='word_1_268' title='bbox 384 3397 551 3482; x_wconf 87' lang='lat' dir='ltr'><strong>significat,</strong></span> <span class='ocrx_word' id='word_1_269' title='bbox 575 3398 622 3462; x_wconf 92' lang='lat' dir='ltr'><strong>ita</strong></span> <span class='ocrx_word' id='word_1_270' title='bbox 633 3405 682 3464; x_wconf 89' lang='lat' dir='ltr'><strong>ter</strong></span> <span class='ocrx_word' id='word_1_271' title='bbox 697 3399 730 3462; x_wconf 94' lang='lat' dir='ltr'><strong>in</strong></span> <span class='ocrx_word' id='word_1_272' title='bbox 746 3399 807 3464; x_wconf 91' lang='lat' dir='ltr'><strong>hoc</strong></span> <span class='ocrx_word' id='word_1_273' title='bbox 824 3399 930 3483; x_wconf 91' lang='lat' dir='ltr'><strong>capite</strong></span> <span class='ocrx_word' id='word_1_274' title='bbox 953 3399 995 3464; x_wconf 90' lang='lat' dir='ltr'><strong>de</strong></span> <span class='ocrx_word' id='word_1_275' title='bbox 1017 3397 1115 3463; x_wconf 90' lang='lat' dir='ltr'><strong>orbe</strong></span> <span class='ocrx_word' id='word_1_276' title='bbox 1138 3397 1216 3462; x_wconf 91' lang='lat' dir='ltr'><strong>solis</strong></span> <span class='ocrx_word' id='word_1_277' title='bbox 1231 3397 1354 3462; x_wconf 88' lang='lat' dir='ltr'><strong>dicitur.</strong></span> <span class='ocrx_word' id='word_1_278' title='bbox 1386 3399 1517 3464; x_wconf 85' lang='lat' dir='ltr'><strong>tandem</strong></span> 
     </span>
     <span class='ocr_line' id='line_1_30' title="bbox 153 3497 1519 3587; baseline 0.001 -23"><span class='ocrx_word' id='word_1_279' title='bbox 153 3499 334 3566; x_wconf 88' lang='lat' dir='ltr'><strong>scholiasta</strong></span> <span class='ocrx_word' id='word_1_280' title='bbox 361 3499 544 3568; x_wconf 82' lang='lat' dir='ltr'><strong>Germanici</strong></span> <span class='ocrx_word' id='word_1_281' title='bbox 566 3521 598 3584; x_wconf 88' lang='lat' dir='ltr'><strong>p.</strong></span> <span class='ocrx_word' id='word_1_282' title='bbox 616 3502 687 3585; x_wconf 75' lang='lat'>198,</span> <span class='ocrx_word' id='word_1_283' title='bbox 703 3504 725 3566; x_wconf 92' lang='grc'>4</span> <span class='ocrx_word' id='word_1_284' title='bbox 741 3501 793 3565; x_wconf 90' lang='lat' dir='ltr'><strong>Br.</strong></span> <span class='ocrx_word' id='word_1_285' title='bbox 817 3497 1258 3587; x_wconf 78' lang='lat' dir='ltr'><strong>[Sueton.Prat.p.213R.],</strong></span> <span class='ocrx_word' id='word_1_286' title='bbox 1280 3500 1334 3565; x_wconf 91' lang='lat' dir='ltr'><strong>ubi</strong></span> <span class='ocrx_word' id='word_1_287' title='bbox 1356 3501 1519 3584; x_wconf 92' lang='lat' dir='ltr'><strong>plenilu-</strong></span> 
     </span>
     <span class='ocr_line' id='line_1_31' title="bbox 153 3601 1520 3690; baseline 0 -24"><span class='ocrx_word' id='word_1_288' title='bbox 153 3601 257 3666; x_wconf 89' lang='lat' dir='ltr'><strong>nium</strong></span> <span class='ocrx_word' id='word_1_289' title='bbox 281 3601 432 3690; x_wconf 77' lang='lat' dir='ltr'><strong>explicat,</strong></span> <span class='ocrx_word' id='word_1_290' title='bbox 455 3601 578 3685; x_wconf 90' lang='lat' dir='ltr'><strong>aliquid</strong></span> <span class='ocrx_word' id='word_1_291' title='bbox 600 3604 714 3668; x_wconf 89' lang='lat' dir='ltr'><strong>saltem</strong></span> <span class='ocrx_word' id='word_1_292' title='bbox 736 3603 816 3668; x_wconf 88' lang='lat' dir='ltr'><strong>lucis</strong></span> <span class='ocrx_word' id='word_1_293' title='bbox 834 3602 955 3668; x_wconf 88' lang='lat' dir='ltr'><strong>attulit:</strong></span> <span class='ocrx_word' id='word_1_294' title='bbox 984 3621 1064 3666; x_wconf 90' lang='lat' dir='ltr'><strong>cum</strong></span> <span class='ocrx_word' id='word_1_295' title='bbox 1087 3620 1178 3665; x_wconf 89' lang='lat' dir='ltr'><strong>vero</strong></span> <span class='ocrx_word' id='word_1_296' title='bbox 1202 3609 1341 3667; x_wconf 90' lang='lat' dir='ltr'><strong>contra</strong></span> <span class='ocrx_word' id='word_1_297' title='bbox 1363 3603 1520 3668; x_wconf 87' lang='lat' dir='ltr'><strong>steterit</strong></span> 
     </span>
     <span class='ocr_line' id='line_1_32' title="bbox 154 3701 1519 3792; baseline 0.001 -23"><span class='ocrx_word' id='word_1_298' title='bbox 154 3703 247 3792; x_wconf 91' lang='lat' dir='ltr'><strong>[luna</strong></span> <span class='ocrx_word' id='word_1_299' title='bbox 269 3701 351 3790; x_wconf 73' lang='lat' dir='ltr'><strong>solil,</strong></span> <span class='ocrx_word' id='word_1_300' title='bbox 379 3711 460 3769; x_wconf 87' lang='lat' dir='ltr'><strong>toto</strong></span> <span class='ocrx_word' id='word_1_301' title='bbox 486 3703 626 3770; x_wconf 84' lang='lat' dir='ltr'><strong>feritur·</strong></span> <span class='ocrx_word' id='word_1_302' title='bbox 651 3705 820 3771; x_wconf 87' lang='lat' dir='ltr'><strong>adverso</strong></span> <span class='ocrx_word' id='word_1_303' title='bbox 844 3713 881 3772; x_wconf 84' lang='lat' dir='ltr'><strong>et</strong></span> <span class='ocrx_word' id='word_1_304' title='bbox 902 3705 1010 3770; x_wconf 84' lang='lat' dir='ltr'><strong>velut</strong></span> <span class='ocrx_word' id='word_1_305' title='bbox 1031 3703 1228 3786; x_wconf 90' lang='lat' dir='ltr'><strong>speculum</strong></span> <span class='ocrx_word' id='word_1_306' title='bbox 1249 3722 1325 3768; x_wconf 90' lang='lat' dir='ltr'><strong>non</strong></span> <span class='ocrx_word' id='word_1_307' title='bbox 1353 3705 1427 3771; x_wconf 85' lang='lat' dir='ltr'><strong>vim</strong></span> <span class='ocrx_word' id='word_1_308' title='bbox 1451 3705 1519 3770; x_wconf 90' lang='lat' dir='ltr'><strong>sed</strong></span> 
     </span>
     <span class='ocr_line' id='line_1_33' title="bbox 154 3803 1520 3889; baseline -0.004 -18"><span class='ocrx_word' id='word_1_309' title='bbox 154 3807 364 3888; x_wconf 87' lang='lat' dir='ltr'><strong>imaginem</strong></span> <span class='ocrx_word' id='word_1_310' title='bbox 394 3805 534 3872; x_wconf 90' lang='lat' dir='ltr'><strong>reddit.</strong></span> <span class='ocrx_word' id='word_1_311' title='bbox 580 3806 653 3872; x_wconf 92' lang='lat' dir='ltr'><strong>binc</strong></span> <span class='ocrx_word' id='word_1_312' title='bbox 676 3807 841 3872; x_wconf 91' lang='lat' dir='ltr'><strong>Plutarchi</strong></span> <span class='ocrx_word' id='word_1_313' title='bbox 868 3805 1061 3872; x_wconf 90' lang='lat' dir='ltr'><strong>sententiam</strong></span> <span class='ocrx_word' id='word_1_314' title='bbox 1084 3804 1129 3868; x_wconf 90' lang='lat' dir='ltr'><strong>sic</strong></span> <span class='ocrx_word' id='word_1_315' title='bbox 1150 3803 1402 3887; x_wconf 89' lang='lat' dir='ltr'><strong>intellegendam</strong></span> <span class='ocrx_word' id='word_1_316' title='bbox 1425 3811 1520 3889; x_wconf 85' lang='lat' dir='ltr'><strong>puto:</strong></span> 
     </span>
     <span class='ocr_line' id='line_1_34' title="bbox 155 3905 1521 3992; baseline -0.001 -18"><span class='ocrx_word' id='word_1_317' title='bbox 155 3909 256 3992; x_wconf 89' lang='lat' dir='ltr'><strong>quod</strong></span> <span class='ocrx_word' id='word_1_318' title='bbox 279 3908 368 3972; x_wconf 90' lang='lat' dir='ltr'><strong>luna</strong></span> <span class='ocrx_word' id='word_1_319' title='bbox 389 3905 648 3974; x_wconf 85' lang='lat' dir='ltr'><strong>defectionem</strong></span> <span class='ocrx_word' id='word_1_320' title='bbox 671 3909 768 3974; x_wconf 89' lang='lat' dir='ltr'><strong>solis</strong></span> <span class='ocrx_word' id='word_1_321' title='bbox 791 3908 957 3990; x_wconf 84' lang='lat' dir='ltr'><strong>efficiat,</strong></span> <span class='ocrx_word' id='word_1_322' title='bbox 980 3906 1070 3971; x_wconf 87' lang='lat' dir='ltr'><strong>inde</strong></span> <span class='ocrx_word' id='word_1_323' title='bbox 1093 3906 1284 3990; x_wconf 85' lang='lat' dir='ltr'><strong>conspici,</strong></span> <span class='ocrx_word' id='word_1_324' title='bbox 1314 3908 1413 3991; x_wconf 91' lang='lat' dir='ltr'><strong>quod</strong></span> <span class='ocrx_word' id='word_1_325' title='bbox 1435 3907 1521 3972; x_wconf 92' lang='lat' dir='ltr'><strong>sub·</strong></span> 
     </span>
     <span class='ocr_line' id='line_1_35' title="bbox 154 4009 1520 4094; baseline -0.001 -18"><span class='ocrx_word' id='word_1_326' title='bbox 154 4010 251 4076; x_wconf 86' lang='lat' dir='ltr'><strong>iecti</strong></span> <span class='ocrx_word' id='word_1_327' title='bbox 266 4009 509 4074; x_wconf 88' lang='lat' dir='ltr'><strong>lunaecrbis</strong></span> <span class='ocrx_word' id='word_1_328' title='bbox 523 4009 651 4092; x_wconf 88' lang='lat' dir='ltr'><strong>imago</strong></span> <span class='ocrx_word' id='word_1_329' title='bbox 668 4019 849 4094; x_wconf 90' lang='lat' dir='ltr'><strong>tanquam</strong></span> <span class='ocrx_word' id='word_1_330' title='bbox 865 4010 1022 4094; x_wconf 90' lang='lat' dir='ltr'><strong>speculo</strong></span> <span class='ocrx_word' id='word_1_331' title='bbox 1039 4009 1112 4074; x_wconf 90' lang='lat' dir='ltr'><strong>soli</strong></span> <span class='ocrx_word' id='word_1_332' title='bbox 1127 4009 1315 4092; x_wconf 88' lang='lat' dir='ltr'><strong>impressa</strong></span> <span class='ocrx_word' id='word_1_333' title='bbox 1330 4009 1520 4076; x_wconf 88' lang='lat' dir='ltr'><strong>videatur.</strong></span> 
     </span>
     <span class='ocr_line' id='line_1_36' title="bbox 156 4110 1520 4194; baseline -0.001 -16"><span class='ocrx_word' id='word_1_334' title='bbox 156 4111 388 4178; x_wconf 86' lang='lat' dir='ltr'><strong>vocabulorum</strong></span> <span class='ocrx_word' id='word_1_335' title='bbox 411 4117 521 4177; x_wconf 87' lang='lat' dir='ltr'><strong>autem</strong></span> <span class='ocrx_word' id='word_1_336' title='bbox 543 4131 627 4194; x_wconf 87' lang='lat' dir='ltr'><strong>quae</strong></span> <span class='ocrx_word' id='word_1_337' title='bbox 648 4111 745 4178; x_wconf 85' lang='lat' dir='ltr'><strong>luerit</strong></span> <span class='ocrx_word' id='word_1_338' title='bbox 766 4131 846 4178; x_wconf 88' lang='lat' dir='ltr'><strong>vcra</strong></span> <span class='ocrx_word' id='word_1_339' title='bbox 868 4110 1023 4194; x_wconf 85' lang='lat' dir='ltr'><strong>condicio,</strong></span> <span class='ocrx_word' id='word_1_340' title='bbox 1046 4129 1148 4193; x_wconf 86' lang='lat' dir='ltr'><strong>penes</strong></span> <span class='ocrx_word' id='word_1_341' title='bbox 1170 4110 1253 4174; x_wconf 87' lang='lat' dir='ltr'><strong>alios</strong></span> <span class='ocrx_word' id='word_1_342' title='bbox 1276 4117 1344 4176; x_wconf 87' lang='lat' dir='ltr'><strong>esto</strong></span> <span class='ocrx_word' id='word_1_343' title='bbox 1359 4110 1520 4176; x_wconf 85' lang='lat' dir='ltr'><strong>iudicium.</strong></span> 
     </span>
    </p>

    <p class='ocr_par' dir='ltr' id='par_1_7' title="bbox 156 4210 1523 5014">
     <span class='ocr_line' id='line_1_37' title="bbox 244 4210 1521 4300; baseline -0.002 -21"><span class='ocrx_word' id='word_1_344' title='bbox 244 4214 334 4279; x_wconf 78' lang='lat'><strong>1129</strong></span> <span class='ocrx_word' id='word_1_345' title='bbox 354 4224 370 4276; x_wconf 86' lang='grc'><strong>6</strong></span> <span class='ocrx_word' id='word_1_346' title='bbox 392 4214 443 4283; x_wconf 89' lang='grc' dir='ltr'>τάς</span> <span class='ocrx_word' id='word_1_347' title='bbox 465 4215 498 4277; x_wconf 81' lang='grc' dir='ltr'><strong>δὲ</strong></span> <span class='ocrx_word' id='word_1_348' title='bbox 519 4215 660 4300; x_wconf 81' lang='grc' dir='ltr'>ἐκλείψεις</span> <span class='ocrx_word' id='word_1_349' title='bbox 683 4217 724 4285; x_wconf 85' lang='grc' dir='ltr'><strong>εἰς</strong></span> <span class='ocrx_word' id='word_1_350' title='bbox 745 4216 778 4278; x_wconf 73' lang='lat' dir='ltr'><strong>ab</strong></span> <span class='ocrx_word' id='word_1_351' title='bbox 802 4215 929 4296; x_wconf 89' lang='grc' dir='ltr'>σκίασμα</span> <span class='ocrx_word' id='word_1_352' title='bbox 951 4219 1003 4296; x_wconf 78' lang='grc' dir='ltr'><strong>τῆς</strong></span> <span class='ocrx_word' id='word_1_353' title='bbox 1025 4218 1078 4297; x_wconf 76' lang='grc' dir='ltr'><strong>γῆς</strong></span> <span class='ocrx_word' id='word_1_354' title='bbox 1100 4213 1296 4296; x_wconf 83' lang='grc' dir='ltr'>ἐμπίπτουσαν</span> <span class='ocrx_word' id='word_1_355' title='bbox 1319 4210 1459 4300; x_wconf 80' lang='lat' dir='ltr'><strong>[efficere</strong></span> <span class='ocrx_word' id='word_1_356' title='bbox 1477 4214 1521 4277; x_wconf 93' lang='lat' dir='ltr'><strong>lu-</strong></span> 
     </span>
     <span class='ocr_line' id='line_1_38' title="bbox 156 4312 1522 4402; baseline -0.001 -22"><span class='ocrx_word' id='word_1_357' title='bbox 156 4312 257 4402; x_wconf 81' lang='lat' dir='ltr'><strong>nam],</strong></span> <span class='ocrx_word' id='word_1_358' title='bbox 281 4315 386 4398; x_wconf 79' lang='grc' dir='ltr'>μεταξὺ</span> <span class='ocrx_word' id='word_1_359' title='bbox 403 4317 455 4398; x_wconf 85' lang='grc' dir='ltr'><strong>μὲν</strong></span> <span class='ocrx_word' id='word_1_360' title='bbox 471 4319 644 4402; x_wconf 81' lang='grc' dir='ltr'>ἀμφοτέρων</span> <span class='ocrx_word' id='word_1_361' title='bbox 659 4323 717 4381; x_wconf 83' lang='grc' dir='ltr'><strong>τῶν</strong></span> <span class='ocrx_word' id='word_1_362' title='bbox 733 4316 862 4400; x_wconf 83' lang='grc' dir='ltr'>ἀστέρων</span> <span class='ocrx_word' id='word_1_363' title='bbox 878 4315 1026 4398; x_wconf 77' lang='grc' dir='ltr'>γινομένης</span> <span class='ocrx_word' id='word_1_364' title='bbox 1049 4313 1214 4401; x_wconf 77' lang='grc' dir='ltr'>[γενομένης</span> <span class='ocrx_word' id='word_1_365' title='bbox 1232 4315 1317 4380; x_wconf 86' lang='lat' dir='ltr'><strong>male</strong></span> <span class='ocrx_word' id='word_1_366' title='bbox 1340 4312 1522 4402; x_wconf 83' lang='lat' dir='ltr'><strong>Stobaeus],</strong></span> 
     </span>
     <span class='ocr_line' id='line_1_39' title="bbox 157 4415 1522 4504; baseline -0.001 -23"><span class='ocrx_word' id='word_1_367' title='bbox 157 4421 292 4500; x_wconf 84' lang='grc' dir='ltr'>μᾶλλον</span> <span class='ocrx_word' id='word_1_368' title='bbox 314 4419 353 4481; x_wconf 82' lang='grc' dir='ltr'><strong>ὑὲ</strong></span> <span class='ocrx_word' id='word_1_369' title='bbox 374 4424 436 4504; x_wconf 80' lang='grc' dir='ltr'><strong>τῆς</strong></span> <span class='ocrx_word' id='word_1_370' title='bbox 458 4421 614 4503; x_wconf 84' lang='grc' dir='ltr'>σελήνης</span> <span class='ocrx_word' id='word_1_371' title='bbox 636 4417 973 4504; x_wconf 82' lang='grc' dir='ltr'>ἀντιφραττομένης.</span> <span class='ocrx_word' id='word_1_372' title='bbox 1000 4415 1107 4481; x_wconf 83' lang='lat' dir='ltr'><strong>active</strong></span> <span class='ocrx_word' id='word_1_373' title='bbox 1123 4415 1238 4480; x_wconf 86' lang='lat' dir='ltr'><strong>dicitur</strong></span> <span class='ocrx_word' id='word_1_374' title='bbox 1254 4419 1273 4500; x_wconf 82' lang='grc' dir='ltr'>ἡ</span> <span class='ocrx_word' id='word_1_375' title='bbox 1288 4422 1325 4501; x_wconf 73' lang='grc' dir='ltr'><strong>γῆ</strong></span> <span class='ocrx_word' id='word_1_376' title='bbox 1342 4418 1522 4502; x_wconf 75' lang='grc' dir='ltr'>ἀντιρρέπει</span> 
     </span>
     <span class='ocr_line' id='line_1_40' title="bbox 157 4519 1523 4604; baseline 0.004 -22"><span class='ocrx_word' id='word_1_377' title='bbox 157 4525 196 4602; x_wconf 83' lang='grc' dir='ltr'><strong>τῇ</strong></span> <span class='ocrx_word' id='word_1_378' title='bbox 221 4521 331 4603; x_wconf 80' lang='grc' dir='ltr'>σελήνη</span> <span class='ocrx_word' id='word_1_379' title='bbox 355 4540 398 4586; x_wconf 83' lang='lat' dir='ltr'><strong>se.</strong></span> <span class='ocrx_word' id='word_1_380' title='bbox 421 4523 454 4584; x_wconf 84' lang='grc' dir='ltr'><strong>τὸ</strong></span> <span class='ocrx_word' id='word_1_381' title='bbox 477 4527 556 4604; x_wconf 81' lang='grc' dir='ltr'>φῶς,</span> <span class='ocrx_word' id='word_1_382' title='bbox 584 4541 661 4603; x_wconf 87' lang='lat' dir='ltr'><strong>ergo</strong></span> <span class='ocrx_word' id='word_1_383' title='bbox 688 4519 751 4586; x_wconf 84' lang='lat' dir='ltr'><strong>dici</strong></span> <span class='ocrx_word' id='word_1_384' title='bbox 774 4527 882 4604; x_wconf 85' lang='lat' dir='ltr'><strong>potest</strong></span> <span class='ocrx_word' id='word_1_385' title='bbox 903 4523 923 4603; x_wconf 79' lang='grc' dir='ltr'>ἡ</span> <span class='ocrx_word' id='word_1_386' title='bbox 947 4521 1054 4603; x_wconf 83' lang='grc' dir='ltr'>σελήνη</span> <span class='ocrx_word' id='word_1_387' title='bbox 1077 4520 1293 4603; x_wconf 80' lang='grc' dir='ltr'>ἀντιφράττεται</span> <span class='ocrx_word' id='word_1_388' title='bbox 1316 4521 1372 4583; x_wconf 84' lang='grc' dir='ltr'>ὑπὸ</span> <span class='ocrx_word' id='word_1_389' title='bbox 1395 4525 1448 4604; x_wconf 79' lang='grc' dir='ltr'><strong>τῆς</strong></span> <span class='ocrx_word' id='word_1_390' title='bbox 1469 4525 1523 4603; x_wconf 74' lang='grc' dir='ltr'><strong>γῆς</strong></span> 
     </span>
     <span class='ocr_line' id='line_1_41' title="bbox 157 4619 1522 4707; baseline -0.001 -20"><span class='ocrx_word' id='word_1_391' title='bbox 157 4629 193 4687; x_wconf 88' lang='lat' dir='ltr'><strong>et</strong></span> <span class='ocrx_word' id='word_1_392' title='bbox 219 4621 414 4688; x_wconf 85' lang='lat' dir='ltr'><strong>sententiam</strong></span> <span class='ocrx_word' id='word_1_393' title='bbox 445 4622 535 4686; x_wconf 93' lang='lat' dir='ltr'><strong>illam</strong></span> <span class='ocrx_word' id='word_1_394' title='bbox 566 4623 726 4706; x_wconf 86' lang='lat' dir='ltr'><strong>expressit</strong></span> <span class='ocrx_word' id='word_1_395' title='bbox 753 4621 997 4707; x_wconf 89' lang='lat' dir='ltr'><strong>Wyttenbacbii</strong></span> <span class='ocrx_word' id='word_1_396' title='bbox 1027 4619 1251 4703; x_wconf 89' lang='lat' dir='ltr'><strong>interpretatio</strong></span> <span class='ocrx_word' id='word_1_397' title='bbox 1279 4619 1360 4686; x_wconf 80' lang='lat' dir='ltr'><strong>‘aut</strong></span> <span class='ocrx_word' id='word_1_398' title='bbox 1392 4621 1522 4704; x_wconf 88' lang='lat' dir='ltr'><strong>potius</strong></span> 
     </span>
     <span class='ocr_line' id='line_1_42' title="bbox 159 4721 1522 4806; baseline -0.004 -16"><span class='ocrx_word' id='word_1_399' title='bbox 159 4744 243 4790; x_wconf 91' lang='lat' dir='ltr'><strong>cum</strong></span> <span class='ocrx_word' id='word_1_400' title='bbox 266 4723 350 4790; x_wconf 89' lang='lat' dir='ltr'><strong>cius</strong></span> <span class='ocrx_word' id='word_1_401' title='bbox 372 4723 550 4790; x_wconf 85' lang='lat' dir='ltr'><strong>officitur</strong></span> <span class='ocrx_word' id='word_1_402' title='bbox 572 4723 859 4789; x_wconf 88' lang='lat' dir='ltr'><strong>illuminationi</strong></span> <span class='ocrx_word' id='word_1_403' title='bbox 880 4743 902 4788; x_wconf 93' lang='lat' dir='ltr'><strong>a</strong></span> <span class='ocrx_word' id='word_1_404' title='bbox 924 4723 1046 4788; x_wconf 88' lang='lat' dir='ltr'><strong>terra’.</strong></span> <span class='ocrx_word' id='word_1_405' title='bbox 1092 4721 1150 4787; x_wconf 89' lang='lat' dir='ltr'><strong>sed</strong></span> <span class='ocrx_word' id='word_1_406' title='bbox 1173 4727 1205 4787; x_wconf 92' lang='lat' dir='ltr'><strong>et</strong></span> <span class='ocrx_word' id='word_1_407' title='bbox 1228 4723 1378 4806; x_wconf 81' lang='lat' dir='ltr'><strong>exempla</strong></span> <span class='ocrx_word' id='word_1_408' title='bbox 1400 4721 1522 4806; x_wconf 84' lang='lat' dir='ltr'><strong>passivi</strong></span> 
     </span>
     <span class='ocr_line' id='line_1_43' title="bbox 159 4821 1523 4906; baseline -0.004 -16"><span class='ocrx_word' id='word_1_409' title='bbox 159 4826 314 4892; x_wconf 84' lang='lat' dir='ltr'><strong>deficiunt</strong></span> <span class='ocrx_word' id='word_1_410' title='bbox 344 4833 377 4891; x_wconf 90' lang='lat' dir='ltr'><strong>et</strong></span> <span class='ocrx_word' id='word_1_411' title='bbox 411 4832 591 4891; x_wconf 87' lang='lat' dir='ltr'><strong>structurae</strong></span> <span class='ocrx_word' id='word_1_412' title='bbox 624 4825 824 4892; x_wconf 90' lang='lat' dir='ltr'><strong>continuatio</strong></span> <span class='ocrx_word' id='word_1_413' title='bbox 857 4826 920 4890; x_wconf 84' lang='lat' dir='ltr'><strong>isto</strong></span> <span class='ocrx_word' id='word_1_414' title='bbox 954 4823 1049 4890; x_wconf 88' lang='lat' dir='ltr'><strong>modo</strong></span> <span class='ocrx_word' id='word_1_415' title='bbox 1083 4823 1262 4889; x_wconf 88' lang='lat' dir='ltr'><strong>invertitur.</strong></span> <span class='ocrx_word' id='word_1_416' title='bbox 1307 4823 1393 4906; x_wconf 86' lang='lat' dir='ltr'><strong>quod</strong></span> <span class='ocrx_word' id='word_1_417' title='bbox 1423 4821 1523 4887; x_wconf 83' lang='lat' dir='ltr'><strong>morit</strong></span> 
     </span>
     <span class='ocr_line' id='line_1_44' title="bbox 160 4924 1523 5014; baseline -0.003 -22"><span class='ocrx_word' id='word_1_418' title='bbox 160 4927 349 5012; x_wconf 84' lang='lat' dir='ltr'><strong>Reiskeum,</strong></span> <span class='ocrx_word' id='word_1_419' title='bbox 373 4934 408 4993; x_wconf 90' lang='lat' dir='ltr'><strong>ut</strong></span> <span class='ocrx_word' id='word_1_420' title='bbox 422 4935 460 5013; x_wconf 78' lang='grc' dir='ltr'><strong>τῇ</strong></span> <span class='ocrx_word' id='word_1_421' title='bbox 478 4931 586 5014; x_wconf 82' lang='grc' dir='ltr'>σελήνη</span> <span class='ocrx_word' id='word_1_422' title='bbox 609 4935 759 5011; x_wconf 83' lang='lat' dir='ltr'><strong>mutaret,</strong></span> <span class='ocrx_word' id='word_1_423' title='bbox 782 4927 1044 5014; x_wconf 84' lang='grc' dir='ltr'>ἀντιφραττομένης</span> <span class='ocrx_word' id='word_1_424' title='bbox 1066 4925 1155 4992; x_wconf 90' lang='lat' dir='ltr'><strong>haud</strong></span> <span class='ocrx_word' id='word_1_425' title='bbox 1170 4924 1267 4991; x_wconf 88' lang='lat' dir='ltr'><strong>dubie</strong></span> <span class='ocrx_word' id='word_1_426' title='bbox 1282 4924 1387 4990; x_wconf 91' lang='lat' dir='ltr'><strong>medio</strong></span> <span class='ocrx_word' id='word_1_427' title='bbox 1403 4943 1523 5014; x_wconf 86' lang='lat' dir='ltr'><strong>genere</strong></span> 
     </span>
    </p>
   </div>
   <div class='ocr_carea' id='block_1_5' title="bbox 0 0 1862 5730">
    <p class='ocr_par' dir='ltr' id='par_1_8' title="bbox 0 0 1862 5730">
     <span class='ocr_line' id='line_1_45' title="bbox 0 0 1862 5730; baseline 0 0"><span class='ocrx_word' id='word_1_428' title='bbox 0 0 1862 5730; x_wconf 95' lang='lat' dir='ltr'><strong> </strong></span> 
     </span>
    </p>
   </div>
  </div>
 </body>
</html>
