3708 5738
521 429 780 482 nnnounurun
799 432 849 482 nn
869 430 1041 482 consinus
1060 430 1189 493 §te-eo
1474 429 1536 494 523

220 603 279 668 τοῖς
308 601 444 682 σκληροῖς
470 599 518 660 καὶ
547 603 606 668 τοῖς
633 599 785 683 ψαθυροῖς.
829 600 854 662 εἰ
880 602 935 685 γὰρ
963 601 1041 670 εἰκὸς
1074 600 1164 684 ἄλλην
1198 601 1290 664 αἰτίαν
1323 600 1395 664 εἶναι
1426 603 1486 670 τοῖς

220 702 369 788 διαφόροις
390 701 465 764 κατὰ
486 701 539 785 τὴν
562 703 651 786 ἁφήν,
673 703 707 765 οὐ
730 701 782 765 δάν
805 700 847 766 ἔτι
874 703 907 764 :t
934 706 1038 788 σχῆμα
1066 701 1155 766 αἴτιον
1181 703 1227 788 εἴη
1253 709 1306 788 τῆς
1331 704 1482 788 διαφοράς,

220 805 296 868 ἀλλὰ
329 805 438 886 μᾶλλον
465 805 485 888 ἡ
513 803 609 874 θέσις·
638 804 786 889 ἐνδέχεται
812 805 867 888 γὰρ
898 805 1002 867 καὶτὰ
1024 811 1164 890 περιφερῆ
1192 807 1240 868 καί
1269 807 1370 876 ἁπλῶς
1392 807 1486 870 πάντα

219 907 393 980 ἐπισκιάζειν
421 907 543 976 ἑαυτοῖς.
588 911 708 990 σημεῖον
735 907 781 970 δέ·
806 907 854 970 καὶ
880 907 934 990 γὰρ
961 908 1048 976 αὐτὸς
1068 907 1174 990 ταύτιγν
1197 908 1279 992 φέρει
1307 909 1360 991 τὴν
1381 909 1485 986 πίστιν,

190 1012 275 1076 εὸσα
296 1015 354 1073 τῶν
378 1010 463 1073 λείων
492 1009 602 1092 μέλανα
628 1009 773 1093 φαίνεται·
807 1009 855 1072 διὰ
880 1009 934 1093 γὰρ
959 1010 1011 1093 τὴν
1034 1009 1177 1095 σύμφυσιν
1199 1011 1247 1072 καὶ
1270 1012 1322 1094 τὴν
1344 1011 1421 1080 τάξιν
1445 1015 1485 1081 ῶς

219 1114 271 1196 τὴν
294 1113 385 1197 αὐτὴν
407 1110 515 1198 ἔχοντα
537 1113 582 1196 τιβ
604 1110 704 1194 μέλανι
727 1111 881 1196 φαίνεσθαι
903 1116 1031 1175 τοιαῦτα.
1070 1113 1118 1175 καὶ
1140 1115 1225 1174 παλιν
1249 1113 1303 1176 όσα
1318 1114 1409 1177 λευκὰ
1427 1119 1485 1178 τῶν

218 1215 365 1301 τραχέων·
402 1215 436 1278 ἐκ
469 1216 601 1298 μεγάλων
630 1213 685 1298 γάρ
710 1213 783 1278 εἶναι
810 1219 901 1278 ταῦτα
927 1215 975 1278 καί
1002 1215 1054 1284 τὰς
1080 1215 1224 1285 συνδέσεις
1250 1216 1284 1278 ού
1311 1222 1483 1302 περιφερεῖς,

220 1319 294 1382 ἀλλὰ
311 1316 570 1402 (προκρόσσαθ
597 1317 647 1380 καὶ
668 1319 727 1379 τῶν
750 1317 911 1402 σχημάτων
933 1317 984 1386 τὰς
1008 1318 1120 1402 μορφὰς
1143 1317 1312 1400 άγνυμένας,
1336 1320 1480 1404 ὥσπερὴ

219 1422 356 1506 ἀνάβασις
385 1422 434 1484 καὶ
463 1421 500 1483 τὰ
529 1421 585 1504 πρὸ
615 1422 674 1482 τῶν
703 1423 810 1504 τειχῶν
841 1417 905 1505 ἔχει
934 1422 1075 1505 χώματα·
1104 1425 1232 1484 τοιοῦτον
1255 1421 1308 1504 γὰρ
1332 1420 1363 1484 δν
1386 1421 1485 1484 άσκιον

181 1552 204 1590 ιο
222 1523 295 1588 εἶναι
316 1525 364 1587 καὶ
387 1523 422 1587 ού
445 1521 611 1586 κωλύεσθαι
632 1521 829 1605 τδλαμπρόν.
982 1524 1054 1606 πρὸς
1077 1524 1109 1585 δὲ
1130 1522 1241 1591 τούτοις
1262 1527 1327 1592 πῶς
1344 1523 1484 1607 λέγεικαὶ
1502 1533 1536 1585 80

218 1626 303 1712 ζῴων
322 1627 355 1689 τὸ
371 1627 473 1689 λευκὸν
489 1626 573 1688 ἐνίων
588 1625 718 1708 γίνεσθαι
736 1624 836 1706 μέλαν,
858 1623 884 1686 εἰ
898 1624 1051 1707 τεθείησαν
1073 1625 1176 1702 οῦτως,
1199 1623 1270 1688 ὥστ’
1297 1626 1484 1712 ἐπισκιάζειν;

218 1731 293 1799 ὅλως
314 1729 347 1792 δὲ
368 1733 419 1792 τοῦ
442 1730 600 1812 διαφανοῦς
627 1727 676 1789 καὶ
699 1731 750 1789 τοῦ
780 1729 914 1812 λαμπροῦ
937 1729 1046 1810 μᾶλλον
1080 1725 1158 1791 ἔοικε
1186 1729 1238 1811 τὴν
1267 1728 1351 1813 φύσιν
1382 1729 1401 1812 ἢ
1431 1733 1482 1792 τοῦ
1588 1727 1595 1747 ’

220 1834 324 1896 λευκοῦ
339 1831 441 1914 λέγειν.
477 1830 586 1914 τὸγὰρ
608 1827 758 1892 εύδίοπτον
782 1829 855 1893 εῖναι
877 1830 926 1894 καὶ
950 1830 991 1914 μὴ
1014 1829 1199 1893 ἐπαλλάττειν
1221 1831 1288 1900 τοὺς
1310 1831 1417 1914 πόρους
1432 1837 1484 1895 τοῦ

222 1936 391 2020 διαφανοῦς·
422 1933 504 2016 βέπὶ
527 1933 606 1996 πόσα
627 1931 661 1993 δὲ
682 1931 772 1994 λευκὰ
803 1937 856 1996 τοῦ
884 1934 1048 2018 διαφανοῦς.
1090 1931 1131 1994 ἔτι
1165 1933 1198 1995 δὲ
1230 1934 1262 1994 τὸ
1300 1935 1352 2014 μὲν
1386 1935 1483 2003 εύίλεῖς

182 2065 206 2104 ιε
223 2037 295 2100 εῖναι
317 2041 375 2100 τῶν
398 2039 509 2100 λευκῶν
531 2035 598 2105 τοὺς
619 2033 736 2118 πόρους,
758 2040 817 2098 τῶν
839 2036 872 2098 δὲ
896 2036 1026 2118 μελάνων
1049 2034 1251 2113 ἐπαλλάττειν,
1279 2039 1319 2104 ὡς
1340 2036 1486 2120 εἰσιούσης

220 2143 272 2223 τῆς
294 2140 410 2224 φύσεως
433 2141 588 2225 ὑπολαβεῖν
611 2135 702 2201 ἔστιν·
730 2139 800 2222 ὁρᾶν
822 2137 855 2201 δέ
877 2158 948 2223 φησι
975 2137 1022 2200 διὰ
1044 2139 1096 2221 τὴν
1120 2139 1266 2222 ἀπορροὴν
1289 2139 1336 2201 καὶ
1360 2140 1411 2222 τὴν
1434 2138 1483 2221 ἔμ-

220 2263 306 2327 φασιν
328 2243 380 2326 τὴν
403 2243 444 2312 εἰς
466 2243 519 2326 τὴν
543 2239 621 2326 ὄψιν·
650 2240 677 2302 εἰ
699 2241 732 2330 δὲ
753 2241 838 2304 τοῦτό
861 2240 936 2319 ἐστι,
958 2241 986 2302 τί
1008 2239 1108 2302 διοίσει
1134 2242 1202 2310 τοὺς
1229 2241 1337 2324 πόρους
1366 2242 1481 2304 κεῖσθαι
1517 2257 1521 2264 ”
1621 2311 1627 2320 ,

221 2343 284 2408 κατ’
313 2347 457 2430 ἀλλήλους
484 2345 505 2429 ἢ
536 2345 736 2428 ἐπαλλάττεινγ
763 2344 831 2406 οὐδὲ
852 2343 904 2427 τὴν
927 2343 1074 2426 ἀπορροὴν
1097 2344 1155 2404 ἀπὸ
1178 2347 1229 2406 τοῦ
1251 2349 1336 2407 κενοῦ
1358 2368 1421 2414 πως
1442 2343 1481 2426 γί-

221 2447 320 2511 νεσθαι
345 2448 444 2533 ῥᾴδιον
468 2446 639 2534 ὑπολαβεῖν·
663 2447 739 2511 ὥστε
761 2447 876 2510 λεκτέον
898 2443 1000 2507 τούτου
1023 2444 1075 2527 τὴν
1097 2445 1199 2508 αἰτίαν.
1246 2443 1324 2509 ἔοικε
1346 2447 1400 2530 γὰρ
1422 2446 1481 2509 ἀπὸ

169 2597 211 2604 ..-
220 2597 370 2603 -.-..-.-...-

171 2669 186 2721 1
206 2667 236 2720 ού
254 2669 299 2739 γὰρ
313 2671 369 2722 PF:
390 2676 491 2724 correxi
505 2669 518 2740 Η
534 2671 550 2723 2
569 2670 623 2724 οὐδ’
638 2671 668 2724 ἂν
687 2671 723 2724 ἔτι
741 2675 785 2725 PF
796 2676 826 2724 cf.
854 2687 858 2698 ·
880 2664 1050 2736 άναβαδμίδας
1069 2667 1192 2732 [debebat
1209 2673 1299 2722 saltem
1312 2668 1484 2740 ἀναβαθμούς]
1502 2670 1534 2720 τά

171 2759 385 2824 Πεευειγυδεδά.
396 2760 425 2808 cl.
436 2761 499 2825 phil.
510 2759 586 2824 1878,
596 2763 641 2815 66:
655 2759 702 2812 οῦκ
712 2759 742 2812 ἂν
752 2759 828 2818 εἴποις
880 2756 927 2826 πρό
954 2756 1010 2809 κτλ.
1036 2761 1165 2809 coniceret
1188 2755 1200 2825 Η
1225 2758 1374 2826 μιγνυμένας
1397 2761 1455 2811 PF:
1478 2775 1534 2808 cor-

172 2849 296 2898 Wimmer
307 2842 320 2912 Η
332 2843 348 2898 2
359 2843 397 2914 εἴη
410 2849 512 2914 scripsi:
525 2845 585 2898 εἶναι
597 2850 642 2900 PF
655 2845 667 2915 Η
680 2854 757 2917 φορᾶς
769 2851 827 2901 PF:
879 2849 944 2898 rexi.
967 2861 1027 2896 nem
1049 2863 1106 2897 cum
1129 2843 1273 2913 μιγνύμεναι
1290 2850 1341 2897 sint
1359 2849 1470 2898 cuiusvis
1489 2862 1532 2912 ge·

172 2950 237 2986 corr.
248 2935 364 2985 Mullech
379 2929 392 3000 Η
408 2933 480 3003 3τὴν
493 2931 561 2986 δόσιν
573 2945 632 3001 post
642 2937 828 2988 Schneiderum
881 2937 949 2984 neris
972 2937 1082 2995 formae,
1114 2933 1208 3002 μορφαὶ
1231 2931 1363 3001 ἀγνύμεναι
1383 2936 1534 2985 Democrito
1606 2963 1609 2970 ν

170 3023 296 3072 Wimmer
326 3017 338 3088 Η
375 3021 390 3074 ‘i
419 3020 534 3090 μεγάλων
562 3025 598 3074 F:
630 3022 738 3092 μεγάλου
765 3027 787 3077 Ρ
813 3022 826 3092 Η
880 3031 954 3072 erunt
972 3039 1027 3084 eae,
1047 3037 1113 3086 quac
1133 3023 1267 3087 copulatae
1280 3037 1334 3072 non
1347 3023 1470 3074 directam
1488 3023 1534 3072 scd

171 3107 186 3160 7
210 3105 239 3158 ού
262 3113 398 3177 περιφερεῖς
419 3111 454 3161 F:
478 3108 620 3180 ύπερφερεῖς
642 3113 664 3162 Ρ
691 3107 704 3179 Η
728 3113 745 3164 8
767 3129 827 3181 προ·
881 3111 949 3160 velut
969 3109 1087 3175 fractam
1113 3111 1208 3158 lineam
1236 3110 1367 3160 efficerent
1390 3113 1460 3161 velut
1482 3111 1533 3160 He·

170 3193 262 3252 κόσσας
274 3197 334 3247 PF:
354 3212 420 3248 corr.
440 3197 594 3263 Stephanus.
613 3202 727 3250 semovi:
738 3201 826 3251 Theo·
877 3193 1053 3248 rodot.1185
1072 3193 1108 3250 ὡς
1126 3191 1141 3245 δ
1156 3213 1183 3246 τε
1201 3193 1312 3262 ποταμὸς
1332 3193 1478 3264 βραδύτερος
1496 3192 1533 3263 εῖη

171 3283 291 3348 phreutuc
308 3285 502 3336 Democriteum
521 3287 646 3350 glossam,
666 3301 695 3336 ac
713 3303 745 3337 ne
764 3303 824 3352 pro·
878 3283 932 3352 περὶ
955 3283 1058 3350 καμπὰς
1082 3280 1175 3339 πολλοῖς
1200 3279 1378 3350 ἀγνύμενος.
1415 3287 1532 3334 similiter

169 3373 240 3421 xime
265 3373 367 3435 quidem
392 3375 500 3424 multum
518 3390 535 3424 ει
551 3375 724 3424 Democriteie
743 3375 827 3424 verbis
878 3372 990 3422 Romani
1008 3373 1079 3421 velut
1092 3371 1199 3432 Quintil.
1213 3372 1226 3420 I
1240 3373 1255 3424 6
1268 3381 1292 3419 44
1310 3387 1408 3422 comam
1426 3370 1455 3420 ιἰι
1471 3388 1532 3436 φνα-

170 3460 289 3509 reeedere
304 3461 432 3510 videntur.
450 3460 606 3529 προκρόσσας
625 3459 712 3529 ἔρυσαν
731 3463 827 3511 Home·
879 3459 929 3510 duc
941 3458 1072 3525 frangere
1090 3460 1122 3508 de
1142 3459 1268 3508 cincinnis
1292 3461 1380 3522 quales
1398 3461 1486 3510 videus
1505 3463 1532 3511 in

169 3563 213 3596 rue
232 3541 301 3598 335
325 3548 427 3598 dixerat
449 3550 481 3599 de
504 3549 614 3599 navibus
638 3564 689 3598 uno
713 3551 826 3598 semicir-
878 3547 1042 3608 Messalinae,
1056 3547 1139 3596 Iuliae
1152 3547 1281 3608 Domnee,
1294 3548 1456 3598 Memmeeae
1468 3550 1532 3598 ime·

174 3635 253 3684 cultri
272 3636 362 3686 ordine
381 3637 407 3685 iu
426 3637 501 3686 litore
522 3639 623 3702 positis,
643 3639 680 3686 ite
698 3643 727 3686 ut
744 3637 826 3686 altere
877 3637 980 3699 ginibuc
1007 3635 1136 3696 (visconti
1154 3634 1276 3698 Iconogr.
1295 3650 1359 3684 rom.
1378 3637 1412 3700 pl.
1432 3632 1475 3698 28,
1488 3635 1532 3696 48,

165 3709 247 3786 ¹super
267 3723 374 3772 alteram
392 3731 505 3773 exstaret
523 3726 658 3788 pinnarum
670 3725 751 3774 instar
768 3741 823 3774 mu·
877 3720 923 3784 52)
953 3719 964 3788 Η
995 3722 1010 3774 9
1036 3719 1143 3788 σῶματα
1167 3723 1224 3772 PF:
1258 3725 1358 3772 correxi
1384 3731 1442 3788 post
1465 3725 1532 3774 Mul-

168 3823 255 3858 rorum
273 3806 519 3872 quaeritatur
538 3808 645 3878 κρόσσας
657 3813 775 3861 nominat
793 3811 825 3861 nb
876 3811 989 3860 lechium
1010 3805 1021 3874 Η
1045 3808 1076 3860 10
1088 3811 1133 3858 τοῦ
1146 3805 1262 3877 λαμπροῦ
1275 3811 1332 3861 PF:
1346 3826 1411 3860 corr.
1425 3810 1532 3861 Schnei-

168 3897 321 3947 Arietarcho
340 3899 382 3946 νοΙ
400 3900 494 3962 pinnen
519 3899 560 3948 vel
584 3899 666 3947 scalas
685 3901 825 3963 explicatae
877 3893 946 3962 όετΗ
961 3897 989 3947 ll
1005 3894 1077 3964 ζῴων
1090 3897 1191 3947 Usener
1203 3899 1270 3947 conl.
1284 3901 1363 3948 Arist.
1377 3900 1409 3947 de
1419 3915 1478 3962 gen.
1489 3915 1531 3949 an.

168 3985 200 4034 cf.
218 3985 300 4034 Lehrc
319 3985 461 4034 Aristarch·
480 4001 504 4051 p.
521 3979 611 4035 231¹*
630 3986 740 4050 Hesych.
758 4003 778 4036 ε.
798 4005 823 4038 ν.
876 3981 1091 4050 v5p.785121:
1102 3979 1127 4041 ἐξ
1138 3981 1174 4034 ῶν
1185 3986 1229 4035 PF
1242 3981 1253 4050 Η
1270 3982 1535 4037 13άπαλλάττεινΡΡι

167 4069 823 4139 reducor.HomerumimiteturHerodciusVII188,
876 4088 941 4123 corr.
959 4073 1102 4124 Schneider
1117 4068 1129 4137 Η
1145 4069 1174 4120 14
1194 4069 1412 4141 έπὶῆδιαφανυῦς
1430 4078 1534 4126 seclusit

166 4160 210 4209 ubi
229 4159 301 4211 Stein
320 4175 404 4224 neque
423 4161 585 4210 Herodotum
606 4175 690 4224 neque
709 4163 822 4211 Arister-
875 4161 1008 4210 Wimmcr.
1034 4161 1083 4209 nisi
1094 4167 1238 4209 truncatum
1254 4169 1292 4211 εει
1305 4166 1473 4225 enuntiatum,
1490 4181 1532 4214 su·

166 4247 242 4296 chum
265 4255 332 4298 recte
356 4250 546 4311 interpretetur.
582 4249 733 4299 Democrito
761 4247 821 4317 πρά-
873 4244 1149 4313 ερίοοιτοῦδιαφανοῦς
1158 4245 1217 4297 ἐστι.
1229 4253 1318 4316 πρῶτα
1327 4248 1353 4300 δὲ
1362 4249 1394 4301 τό
1403 4248 1480 4302 λευκά
1489 4253 1534 4301 τοῦ

166 4335 355 4400 κροσσοςΙειίπε
367 4343 445 4400 putet,
459 4337 589 4400 utpinnee
599 4337 626 4385 in
638 4335 821 4400 hencfigurum
873 4333 1005 4402 διαφανοῦς
1025 4336 1056 4384 cf.
1074 4351 1099 4398 p.
1110 4332 1198 4394 utic
1213 4331 1226 4400 Η
1244 4335 1274 4388 15
1293 4335 1353 4388 εἶναι
1369 4343 1421 4389 τῶν
1434 4336 1533 4390 λευκῶν

165 4433 318 4466 ΜΝνιΛΛ
345 4425 510 4473 continuatae
533 4423 709 4487 significentur
736 4439 820 4487 neque
872 4426 907 4476 P:
926 4427 986 4474 item
999 4425 1044 4474 eed
1057 4423 1132 4472 valde
1146 4423 1256 4475 obiittcr.
1274 4427 1294 4475 F
1314 4423 1327 4493 Η
1348 4423 1492 4476 έπαλάττειν
1505 4435 1533 4476 ιιι

165 4508 249 4556 minuc
267 4518 336 4558 recte
354 4513 432 4576 χῶμα
445 4519 549 4576 propter
562 4511 690 4560 vallorum
703 4511 819 4573 formem,
872 4512 1004 4577 eaepiusF
1018 4507 1032 4578 Η
1046 4509 1078 4562 16
1089 4509 1187 4578 φάσεως
1198 4515 1265 4562 coni.
1275 4513 1437 4578 Philippson,
1451 4511 1533 4580 ὄψεως

166 4609 243 4657 quam
262 4593 279 4662 ἡ
298 4593 415 4663 ἀνάβασις
434 4595 462 4659 [i.
475 4614 497 4648 e.
517 4599 603 4648 senlac
622 4598 652 4648 cf.
671 4599 747 4650 Plato
766 4615 819 4664 rep.
873 4601 981 4650 Usener.
1009 4607 1036 4650 et
1055 4607 1221 4664 opponuntur
1244 4596 1314 4667 φύσις
1337 4597 1483 4667 χρώματων
1507 4610 1532 4650 et

165 4679 307 4734 V11515:
337 4684 406 4735 Plut.
435 4685 511 4736 Rom.
530 4684 575 4749 20]
605 4693 711 4750 propter
729 4684 820 4753 ἀναβα-
872 4683 983 4754 ἀπορροή
997 4683 1010 4753 Η
1024 4683 1088 4736 ἔστιν
1101 4683 1159 4754 δρᾶν
1170 4685 1360 4750 δὲΡιριυιειιε
1372 4696 1533 4737 evanuerunt

164 4763 239 4834 δρῶν
257 4784 392 4821 uecencnm
421 4771 470 4836 [ci.
492 4771 752 4838 Herodot.11125]
779 4777 820 4824 vei
872 4771 917 4841 ΕΗ
928 4773 989 4842 φασὶ
999 4776 1136 4826 PFrcorr.
1148 4769 1315 4840 Schneiderss
1330 4773 1360 4824 17
1372 4772 1429 4830 τοὺς
1442 4772 1532 4842 πόρους

165 4857 258 4904 circum
287 4864 385 4908 cratera
407 4860 558 4924 Argolicum
583 4863 684 4927 γρυπῶν
711 4857 819 4926 κεφαλαὶ
872 4863 906 4912 P:
920 4865 980 4911 item
990 4864 1035 4912 ned
1048 4863 1227 4912 oblitteruteF
1243 4859 1255 4926 Η
1274 4860 1305 4912 18
1318 4877 1372 4917 πως
1385 4859 1450 4922 [uon
1462 4861 1530 4924 πῶς]

164 4944 233 5008 apud
252 4944 378 4994 Herodot.
392 4947 432 4996 lv
446 4945 496 4999 152
518 4945 668 5015 πρόκροσσοι
691 4948 818 4998 dicautur.
870 4943 979 5015 γίνεσθαι
990 4951 1026 4999 P:
1040 4965 1094 5005 πως
1107 4948 1227 5011 [clerum]
1242 4943 1350 5014 γίνεσθαι
1363 4949 1405 4998 vel
1417 4943 1530 5014 γενέσθαι

164 5047 244 5096 quere
264 5047 317 5082 non
337 5045 392 5082 erat
415 5051 460 5084 cur
483 5036 597 5086 Muliach
621 5053 645 5084 ν.
658 5034 709 5088 8.9
734 5031 818 5102 ῶσπερ
871 5034 1031 5100 [obscurum]
1049 5037 1083 5086 F:
1106 5039 1164 5088 fort.
1180 5040 1236 5091 πῶς
1250 5034 1341 5104 γίνεται
1357 5037 1386 5085 ef.
1406 5052 1431 5104 p.
1442 5032 1529 5097 tuti
