3768 5736
634 434 735 483 AETII
754 435 856 485 PLAC.
870 437 914 486 111
931 434 948 486 4
961 445 1021 484 Η
1039 435 1081 488 51

288 537 494 586 PLUTAROHI
515 537 607 586 ΕΡΙΤ.
621 539 662 590 111
678 537 733 588 45

269 1181 516 1268 Μητρόδωρος
531 1186 590 1248 άπδ
604 1190 658 1269 τῆς
671 1185 837 1256 ὑδατώδους

226 1289 373 1372 ἀναφορᾶς
395 1286 582 1352 συνίστασθαι
605 1286 641 1350 τὰ
663 1285 747 1372 νέφη.

268 2516 301 2583 Ὁ
328 2519 362 2581 δὲ
379 2515 582 2602 Ἐπίκουρος
604 2516 663 2580 ἀπὸ
691 2519 750 2580 τῶν
778 2516 843 2593 ἀπό·Ι

233 2639 305 2702 μων·
321 2617 592 2704 στρογγυλαίνεσθαι
604 2620 637 2682 δὲ
647 2620 699 2702 τὴν
712 2619 843 2703 χάλαζαν

209 2725 282 2787 οκαλ
304 2724 353 2786 τδν
375 2723 458 2786 ὑετὸν
479 2723 538 2785 ἀπὸ
561 2726 613 2806 τῆς
632 2724 744 2804 μακρᾶς
759 2741 844 2784 κατα-

232 2829 324 2909 φορᾶς
344 2823 612 2908 ὑποπεπλασμένον.

314 3385 343 3458 ἱ.
380 3391 465 3477 Περὶ
489 3391 611 3478 ἴριδος.
649 3401 719 3456 ατο

276 3496 344 3562 Τῶν
359 3497 521 3582 μεταρσίων
536 3496 642 3561 παθῶν
656 3497 693 3562 τὰ
709 3497 760 3580 μὲν
775 3495 839 3560 καθ’

226 3636 244 3688 9
262 3636 399 3704 ἀτόμωνθ
419 3639 450 3688 οἱ.
468 3635 555 3688 stoi:
575 3635 663 3703 ἀτμῶν
675 3634 781 3700 (A)B0.
798 3651 842 3686 ox-

193 3733 281 3789 cerpta
299 3725 419 3775 videntur
441 3725 529 3788 qualia
551 3731 655 3774 exstant
672 3724 741 3788 apud
759 3725 844 3773 Laert.

193 3814 219 3862 X
231 3811 265 3863 99
287 3810 351 3880 νίφη
370 3807 477 3880 γίνεσθαι
490 3845 497 3861 .
510 3847 517 3862 .
529 3847 536 3861 .
548 3809 616 3879 παρὰ
633 3807 785 3877 περιπλοκάς
803 3805 845 3860 ἀλ-

193 3895 327 3966 ληλοίνχιυν
345 3895 446 3965 ἀτόμων

228 3983 290 4038 4δ1
309 4001 359 4037 om.
380 3987 424 4040 G.

229 4069 484 4142 θθποπεπλασμίνον
506 4081 574 4124 recte
600 4071 662 4122 AB=
689 4065 847 4136 δποπεπλησ-

150 4191 154 4200 ·
195 4159 268 4228 μόνον
291 4161 312 4212 G
339 4159 423 4224 [Ptol.
450 4177 475 4225 p.
488 4157 547 4226 37]:
574 4154 796 4225 ἀποτοεπληγμίνον
821 4157 849 4204 in

194 4264 241 4298 ευο
264 4249 405 4313 exemplari
423 4249 515 4311 legisse
534 4246 637 4296 videtur
655 4246 680 4298 G
697 4251 723 4294 οε
741 4243 850 4292 coniecit

193 4335 296 4385 Reiske.
324 4330 544 4400 δποκεκλασμίνον
561 4333 641 4396 Beck,
665 4326 849 4398 συμπεπιλημί-

194 4437 235 4471 νον
257 4431 387 4472 corrector
404 4421 494 4483 Voss.¹
518 4417 700 4487 οοπιραοιίίεπι
721 4418 851 4470 Budaeus.

194 4511 225 4558 es.
243 4509 314 4559 Proi.
332 4505 402 4574 phi

232 4595 300 4646 ’ίάε
320 4593 416 4646 ότι-ε
438 4596 492 4646 dixi
516 4593 587 4645 Ptol.
609 4609 635 4658 p.
649 4591 683 4645 60

1480 438 1540 503 371

1008 543 1165 594 STOBAEI
1184 544 1260 593 EOL.
1274 545 1287 592 1
1307 541 1348 593 31.
1362 541 1396 593 30
1410 553 1419 590 l

855 688 871 740 2
929 677 1159 764 Ἀναξαγόρας
1179 680 1252 766 νέφη
1276 681 1328 764 μὲν
1350 681 1398 744 καὶ
1416 679 1502 765 χιόνα

888 783 1059 867 παραπλησί
1085 807 1115 860 ς,
1143 785 1275 869 χολαζαν
1297 780 1323 846 δ’
1352 783 1419 846 ὅταν
1443 783 1500 846 άπδ

888 887 947 948 τῶν
973 885 1121 967 παγέντων
1147 889 1243 971 νεφῶν
1269 885 1414 970 προωσθῇ
1440 905 1502 946 τινα

889 987 961 1070 πρὸς
991 987 1044 1070 τὴν
1072 992 1126 1072 γῆν
1152 985 1210 1072 ἤδη
1232 992 1295 1057 ταῖς
1325 989 1503 1070 καταφοραῖς

889 1089 1144 1174 άποψυχροόμενα.
1167 1089 1410 1174 στρογγυλοῦσθαι
1427 1085 1502 1128 ***
1526 1107 1538 1146 ο

855 1185 872 1238 3
934 1189 1171 1276 Μητρόδωρος
1208 1193 1266 1255 ἀπὸ
1304 1196 1357 1276 τῆς
1394 1191 1502 1255 ὑδατώ-

889 1297 956 1364 δους
982 1295 1129 1379 ἀναφορᾶς
1155 1294 1212 1358 ὑπὸ
1239 1297 1290 1358 τοῦ
1320 1292 1405 1378 ἀέρος
1431 1294 1504 1358 συνί-

890 1397 1015 1462 στασθαι
1037 1397 1074 1461 τά
1095 1397 1180 1483 νέφη.

857 1499 875 1552 4
935 1499 1135 1585 Ξενοφάνης
1166 1500 1225 1563 ἀπὸ
1252 1504 1305 1584 τῆς
1336 1503 1388 1563 τοῦ
1421 1499 1504 1585 ἡλίου

891 1602 1071 1687 θερμότητος
1098 1605 1138 1672 ὥς
1166 1603 1303 1686 ἀρκτικῆς
1332 1601 1425 1672 αἰτίας
1451 1603 1503 1666 τάν
1518 1621 1540 1660 10

890 1707 951 1774 τοῖς
984 1704 1147 1789 μεταρσίοις
1179 1705 1353 1790 συμβαίνειν.
1390 1705 1504 1768 ἀνελκο-

892 1805 980 1888 μένου
1002 1806 1057 1891 γὰρ
1074 1807 1107 1870 ἐκ
1121 1811 1174 1890 τῆς
1189 1805 1336 1890 θαλάττης
1349 1811 1401 1870 τοῦ
1417 1807 1505 1891 ὑγροῦ

891 1908 924 1970 τδ
951 1909 1040 1992 γλυκθ
1067 1909 1115 1972 διὰ
1136 1909 1189 1992 τἠν
1215 1907 1420 1993 λεπτομέρειαν
1447 1913 1505 1974 δια-

891 2010 1177 2096 κρινόμενοννέφητε
1187 2012 1361 2076 συνιστάνειν
1370 2012 1505 2098 δμιχλοό-

891 2135 976 2196 μενον
1003 2112 1051 2176 καὶ
1081 2113 1267 2185 καταστάξειν
1294 2109 1420 2198 ὄμβρους
1447 2115 1504 2178 ὑπὸ
1519 2133 1541 2172 ιο

891 2215 1039 2300 πιλήσεως
1060 2214 1108 2278 καὶ
1124 2213 1280 2296 διατμίζειν
1295 2213 1331 2278 τὰ
1345 2215 1505 2300 πνεόματα.

892 2318 994 2402 πάνυ
1016 2315 1071 2400 κᾶν
1093 2318 1259 2401 διαρρήδην·

957 2417 1038 2503 πηγὴ
1060 2417 1085 2482 δ’
1113 2418 1174 2482 ἐστὶ
1195 2415 1317 2482 θαλασά
1344 2419 1457 2488 ὕδατος.

862 2515 878 2568 5
935 2519 1137 2604 Ἐπίκουρος
1181 2519 1240 2584 ἀπὸ
1276 2525 1335 2586 τῶν
1378 2520 1507 2603 ἀτόμων.

894 2621 1162 2708 στρογγυλαίνεσθαι
1190 2623 1244 2706 τὴν
1269 2625 1401 2709 χαλαζαν
1431 2621 1542 2706 <mliii

894 2727 943 2789 τὸν
959 2726 1041 2789 ὑετὸν
1057 2725 1116 2788 άπδ
1130 2728 1184 2808 τῆς
1207 2729 1320 2810 μακρᾶς
1341 2729 1508 2810 καταφορᾶς

896 2826 1165 2911 ὑποπεπλασμένον.

939 2929 986 2994 καλ
1002 2931 1116 3011 πνεῦμα
1133 2928 1185 3012 μὲν
1202 2929 1352 2994 ἀποτελεῖν
1369 2933 1508 3014 παρῶσαν

895 3031 932 3096 τὰ
954 3031 1038 3116 νέφη,
1061 3029 1187 3116 ὄμβρους
1208 3031 1241 3094 δὲ
1263 3031 1394 3117 διαχέαν,
1420 3035 1509 3116 χαλα-

896 3138 949 3206 ζαν
974 3134 1008 3196 δὲ
1028 3135 1169 3216 πιλῆσαν,
1190 3131 1291 3217 χιόνας
1312 3133 1346 3196 δὲ
1373 3153 1545 3219 συμπερι-οο

895 3236 1055 3322 λαβόμενον
1076 3257 1103 3298 τι
1124 3237 1176 3298 τοῦ
1199 3235 1356 3318 ἀερώδους.

1110 3387 1193 3474 Περὶ
1216 3387 1338 3474 ἴριδος.

866 3503 880 3552 1
942 3489 1009 3555 Τῶν
1026 3491 1187 3575 μεταρσίων
1202 3491 1308 3555 παθῶν
1322 3492 1359 3557 τὰ
1374 3494 1426 3576 μὲν
1441 3493 1505 3558 καθ’

933 3629 950 3684 5
968 3627 1159 3699 στρογγυλοίκται
1175 3631 1214 3682 Da
1236 3635 1344 3684 οοπεεί.
1367 3635 1469 3700 supplet
1487 3635 1553 3684 Mei-

897 3719 963 3768 ιιείεο
976 3715 1002 3768 δὲ
1015 3714 1064 3768 ἀπὸ
1077 3719 1123 3785 τῆς
1135 3721 1234 3786 μακρᾶς
1246 3723 1391 3788 καταφορᾶς
1403 3717 1414 3786 ii
1427 3721 1442 3771 7
1456 3719 1496 3770 ἐπὶ
1510 3721 1554 3770 τοῦ

896 3806 935 3856 D:
946 3809 1047 3856 correxi
1060 3801 1072 3872 ii
1085 3805 1101 3856 9
1113 3807 1138 3855 in
1152 3803 1201 3856 ἀπὸ
1213 3809 1295 3872 prima
1304 3809 1390 3858 littera
1403 3809 1553 3858 rubricatori

897 3895 987 3944 relicta
1009 3909 1059 3943 τεο.
1082 3910 1115 3943 m.
1135 3889 1183 3943 διεδ
1202 3895 1329 3958 supplevit
1349 3889 1361 3960 11
1386 3892 1417 3944 10
1435 3893 1482 3944 κάν
1503 3897 1554 3950 τοῖς

876 3967 936 4030 Ι1)ε
961 3995 1026 4029 corr.
1049 3979 1161 4030 Karsten
1186 3973 1199 4046 Ιί
1232 3979 1263 4031 14
1288 3979 1350 4048 νίφη
1374 3977 1403 4030 τδ
1426 3983 1465 4032 D=
1489 3998 1554 4032 corr.

898 4067 1010 4116 Karsten
1031 4061 1044 4132 β
1067 4064 1098 4116 18
1117 4068 1147 4116 fr.
1162 4065 1192 4117 11
1211 4067 1298 4117 Κυτεε.
1317 4062 1430 4118 θάλασσα
1442 4069 1467 4118 Ι)
1488 4063 1502 4135 ΙΙ
1524 4069 1555 4119 19

899 4149 1001 4220 ἀτόμων
1012 4155 1050 4202 sie
1058 4153 1083 4202 D
1099 4148 1112 4219 Η
1127 4149 1161 4204 90
1172 4149 1219 4220 τὴν
1231 4148 1358 4204 θάλασσαν
1370 4150 1413 4204 τὸν
1422 4151 1492 4204 θετδν
1502 4155 1526 4204 D
1541 4151 1554 4222 β

900 4239 933 4293 99
956 4236 1177 4305 θποπεπλάσμενον
1208 4243 1245 4290 sio
1267 4242 1292 4291 D
1320 4243 1351 4291 oi.
1375 4243 1445 4292 Ptol.
1469 4259 1494 4307 p.
1513 4239 1555 4292 54.

902 4331 1017 4392 sequitur
1046 4320 1218 4394 Ἐμπεδοκλῆς
1254 4325 1381 4393 ἔμπτωσιν
1412 4325 1496 4396 φωτὸς
1523 4327 1557 4385 είς

902 4413 988 4484 νίφος,
1007 4415 1077 4480 quod
1096 4429 1127 4463 ex
1147 4429 1169 4463 ο.
1182 4411 1222 4462 37
1240 4414 1353 4464 delatum
1372 4423 1411 4466 οεε
1431 4412 1443 4481 il
1465 4413 1498 4466 93
1517 4417 1555 4465 in·

903 4503 1033 4553 teroidisse
1046 4497 1214 4569 Ἀριστοτίλης
1225 4497 1254 4552 τδ
1273 4496 1346 4570 ξηρόν
1365 4500 1409 4553 καλ
1426 4498 1557 4559 καπνῶδίς

902 4601 964 4658 φησι
981 4598 1040 4640 ante
1059 4589 1155 4656 πνεῦμα
1174 4590 1285 4638 coniecit
1302 4589 1413 4638 Karsten
1432 4587 1559 4650 (sequitur

902 4680 971 4727 onim
993 4679 1040 4728 Ar.
1063 4677 1168 4741 Didym.
1186 4677 1216 4726 ir.
1237 4673 1291 4736 11),
1315 4683 1342 4724 εδ
1364 4681 1470 4740 possunt
1493 4675 1558 4725 haee

903 4765 1034 4829 Epicurea
1052 4779 1107 4812 εοεο
1127 4765 1157 4813 οἱ.
1176 4765 1255 4826 Diog.
1274 4765 1300 4814 X
1317 4761 1350 4814 99
1368 4761 1430 4829 νίφη
1450 4755 1558 4828 γίνεσθαι

903 4849 1008 4901 ...καὶ
1031 4847 1098 4917 παρὰ
1121 4847 1231 4917 πιλήσεις
1253 4847 1325 4917 ἀίρυς
1346 4847 1389 4898 καὶ
1412 4847 1559 4914 πνευμάτων

902 4934 1027 4992 συνιίνσεις.
1049 4935 1096 4988 107
1121 4933 1192 5004 χιόνα
1213 4973 1220 4987 .
1238 4975 1244 4987 .
1263 4931 1428 4986 συντελεῖσθαι
1511 4929 1560 4986 ὐπδ

903 5021 1042 5090 ττνεθματος
1060 5027 1146 5091 φορᾶς.

1289 5105 1356 5172 94*
