3708 5732
689 411 964 463 nnonneouana
1442 406 1503 470 123

149 581 306 646 urbanam
328 581 464 648 ironiam
488 601 547 646 suo
569 597 659 645 more
681 580 781 646 semel
802 578 893 644 bisve
915 577 1085 663 adspersit.
1120 578 1207 661 quod
1229 596 1331 659 genus
1352 577 1448 660 p.82,
1465 577 1504 640 11

149 685 365 770 Chrysippum
396 683 485 748 hisee
513 681 645 747 dimittit
673 686 725 765 τῆς
747 682 933 766 δρειμύτητος
955 682 1111 746 ἀπολαύων
1134 681 1300 750 ἀκοπιοίτως
1322 685 1355 745 et
1376 678 1506 764 Apollo·

148 787 262 852 derum
276 808 307 870 p.
320 787 404 870 84,5
424 787 472 849 καί
493 786 529 848 τὰ
548 787 704 868 φορήματα
721 785 799 867 parba
813 783 1055 870 καταχρίσωςτῇ
1071 785 1209 870 φρονήσει
1224 787 1386 848 συνυικειοῖ.
1409 781 1507 865 quid?

147 886 234 970 quod
261 907 325 952 uno
354 908 393 954 eo
423 889 495 953 loco
522 886 577 952 uhi
598 885 704 952 aerius
724 885 758 950 in
780 887 956 952 Persaeum
977 885 1141 952 invehitur
1162 907 1194 969 p.
1212 885 1298 969 75,5
1320 886 1409 970 δῆλός
1431 884 1506 948 ἐστιν

146 989 294 1074 ἀφανίζων
321 991 355 1053 rb
382 991 530 1072 δαιμόνιον
556 990 575 1074 ἢ
608 991 701 1072 μηδὲν
730 989 803 1074 ὑπὲρ
828 988 1104 1071 disceptabantur,
1131 987 1244 1054 Cicero
1272 1006 1366 1070 quem
1388 984 1507 1051 iudicia

145 1109 275 1174 quoque
297 1091 501 1157 transtulisse
524 1090 670 1174 eredunt,
692 1089 726 1154 in
748 1089 846 1157 aliam
867 1111 1000 1174 prorsus
1022 1089 1160 1157 discedit
1177 1087 1389 1174 impugnandi
1410 1088 1506 1154 ratio·

146 1213 221 1260 nem
242 1195 262 1278 §
276 1195 317 1258 38
337 1215 397 1276 qao
417 1195 492 1276 qaid
515 1193 691 1270 absurdius,
708 1213 800 1275 qoam
816 1204 869 1256 cat
884 1214 935 1258 res
948 1193 1097 1258 sordidos
1111 1203 1202 1274 atque
1216 1193 1364 1274 deformis
1380 1193 1507 1255 deorum

143 1300 260 1362 bonore
277 1300 410 1378 adficere
427 1305 483 1359 out
497 1298 633 1359 bomioes
649 1297 713 1358 iom
731 1304 828 1360 morte
840 1297 956 1360 deletos
966 1317 1116 1378 reponere
1127 1297 1160 1358 in
1172 1295 1246 1358 deos
1263 1314 1391 1376 qaorum
1408 1295 1506 1357 omnis

147 1402 249 1464 cultas
272 1409 351 1463 esset
376 1401 502 1480 firtones
528 1401 561 1460 ιἰι
587 1400 695 1461 lucta?
727 1417 769 1464 ne
790 1397 824 1462 in
850 1399 955 1464 altero
977 1397 1106 1480 quidem
1133 1396 1265 1481 pietatis
1291 1396 1372 1462 libro
1393 1395 1507 1461 fortior

147 1507 199 1566 est
222 1501 431 1568 Philodemus
452 1501 515 1566 nisi
537 1499 624 1582 quod
646 1501 747 1566 semel
775 1521 807 1582 p.
825 1502 897 1584 147,
917 1503 956 1566 21
980 1499 1097 1567 Stoidis
1122 1499 1208 1564 male
1235 1497 1313 1564 dicit
1339 1497 1426 1582 quod
1452 1497 1506 1561 οὐκ

148 1607 264 1690 ἀσεβεῖς
290 1605 409 1668 ἐδόκουν
437 1604 523 1684 μόνον
550 1603 624 1666 ἀλλὰ
651 1603 699 1666 καί
726 1604 904 1687 φενακισταί.
937 1608 973 1667 at
997 1599 1174 1684 singularia
1194 1600 1276 1667 haec
1296 1619 1357 1666 nee
1379 1619 1506 1682 eompa-

144 1706 250 1772 randa
272 1725 342 1772 eum
364 1705 504 1770 Romani
526 1711 684 1790 perpetua
706 1703 942 1772 maledicentia.
984 1710 1137 1788 quantum
1160 1703 1202 1768 sit
1223 1702 1395 1770 discrimen
1416 1701 1507 1766 nulla

143 1829 180 1874 re
202 1807 306 1890 magis
322 1807 428 1874 elucet
443 1826 539 1890 quarn
554 1814 741 1891 comparato
757 1807 929 1873 nummasio
945 1803 1207 1890 reprehensionis
1221 1805 1310 1888 apud
1324 1803 1503 1872 Philodem.

141 1931 174 1993 p.
195 1911 247 1992 88,
264 1911 305 1974 24
338 1911 475 1994 βλέπεται
498 1908 523 1973 δ’
551 1911 595 1973 ὅτι
619 1911 667 1973 καὶ
690 1910 765 1973 κατὰ
794 1911 901 1979 πάντας
927 1910 994 1978 τοὺς
1021 1910 1076 1992 πρὸ
1103 1907 1200 1972 αὐτῶν
1227 1908 1409 1990 ἐκκειμένους
1436 1907 1505 1970 οὐδὲ

142 2011 185 2081 εἷς
209 2011 244 2074 ἀν
266 2011 379 2082 ἀδικίας
401 2011 576 2097 ἀπειρχδείη
600 2015 739 2082 δεδοικὼς
761 2011 827 2081 robe
850 2010 907 2074 οὐδ’
938 2010 1154 2093 ἐπικεινηδῆναι
1176 2010 1349 2092 δυναμένους
1371 2007 1505 2096 [intelle

140 2113 230 2195 gitur
257 2111 481 2200 Anaxagoras]
516 2116 535 2197 ἠ
568 2116 635 2184 τοὺς
668 2115 795 2198 ἐναργῶς
828 2115 1020 2198 ἀναισθήτους
1048 2112 1067 2196 ή
1095 2111 1161 2180 τοὺς
1195 2111 1341 2196 ἄγνωστον
1373 2112 1404 2175 εἴ
1432 2132 1504 2178 τινες

143 2216 199 2279 εἰσὶ
232 2216 293 2278 θεοὶ
321 2215 455 2298 λέγοντας
482 2217 503 2299 ἢ
532 2216 611 2279 ποῖοί
631 2217 704 2285 τινές
731 2215 800 2279 εἰσιν
823 2212 1042 2300 [Protagoras]
1069 2213 1089 2296 ἢ
1116 2215 1183 2284 τοὺς
1205 2217 1362 2302 διαρρήδην
1385 2214 1429 2278 ὅτι
1451 2211 1504 2276 οὐκ

140 2318 214 2381 εἰσίν
237 2319 485 2402 ἀποφαινομένους
510 2319 529 2401 ἢ
551 2319 691 2402 φανεροὺς
719 2315 802 2386 ὄντας
825 2321 866 2387 ὡς
888 2309 1013 2400 ἀνήρουν
1037 2316 1234 2400 [Persaeusp
1278 2315 1336 2381 κατ’
1365 2313 1456 2383 ἐνίους
1471 2313 1505 2376 δέ

141 2419 196 2482 κάν
220 2417 262 2483 ἐπ’
289 2420 379 2504 αὐτήν
403 2422 461 2502 [sc.
485 2419 611 2502 ἀδικίαν]
634 2421 811 2504 προτραπείη
833 2421 900 2489 τοὺς
922 2420 975 2482 κάν
998 2423 1058 2489 τοῖς
1081 2419 1160 2489 θεοῖς
1183 2420 1256 2503 μετὰ
1277 2419 1431 2504 φιλαρχίας
1454 2415 1503 2478 πό-

141 2527 232 2604 λεμον
244 2522 385 2586 ἄσπονδον
397 2525 620 2606 παρεισάγοντας
636 2521 859 2604 [Parmenides
875 2521 915 2587 of.
927 2519 1064 2588 Krische
1079 2543 1111 2606 p.
1125 2523 1186 2586 113
1201 2522 1254 2588 vel
1265 2516 1503 2606 Empedocles}

140 2624 348 2690 admirabere
374 2627 546 2689 verborum
572 2623 763 2690 modestiam
791 2623 818 2688 si
845 2622 1011 2689 Ciceronis
1038 2623 1183 2690 convicia
1211 2631 1323 2691 contra
1345 2617 1502 2707 posueris.

140 2724 260 2790 hocine
287 2731 322 2790 tu
349 2727 516 2810 exemplar
540 2724 640 2790 luisse
667 2725 748 2791 diois
770 2725 941 2792 Tullianae
963 2727 1177 2811 petulantiae,
1204 2726 1289 2792 huno
1310 2724 1503 2809 ineptiarum

140 2828 368 2894 inventorem?
406 2828 540 2894 credant
569 2827 647 2912 aliis
674 2847 740 2892 non
775 2847 846 2910 ego.
890 2847 951 2894 nee
980 2827 1124 2912 profecto
1155 2835 1222 2894 tam
1254 2830 1398 2894 lacerata
1430 2832 1504 2890 sunt

139 2929 318 3014 fragmina,
355 2937 390 2996 ut
417 2930 588 2996 universae
618 2929 753 2996 rationis
780 2930 953 2996 diversitas
981 2952 1046 2997 non
1076 2939 1243 3016 appareat.
1294 2929 1503 2996 Philodemus

138 3032 248 3098 nudas
268 3033 456 3116 plerumque
482 3031 652 3118 opiniones
673 3032 815 3118 explicat
833 3033 922 3098 nullo
943 3033 1054 3100 addite
1075 3033 1193 3100 iudicio
1216 3056 1246 3118 p.
1263 3035 1304 3100 69
1320 3055 1346 3099 ο.
1362 3031 1403 3098 δἀ
1418 3033 1503 3096 6-9

138 3156 170 3218 p.
180 3135 223 3198 72
235 3153 262 3198 c.
272 3135 308 3197 7·
320 3135 339 3198 3
355 3156 386 3218 p.
400 3137 440 3200 72
452 3136 566 3218 (1718,
583 3157 613 3219 p.
627 3137 678 3220 ll,
692 3137 741 3200 13.
766 3137 907 3200 Persaeo
920 3135 1029 3203 Stoico
1045 3136 1101 3202 uui
1112 3137 1328 3220 praemittitur
1337 3137 1394 3201 illa
1406 3155 1503 3218 quam

138 3237 210 3300 dixi
225 3235 431 3319 vituperatio.
453 3243 489 3302 at
506 3236 620 3303 Cicero
635 3238 758 3302 nullum
775 3237 928 3322 deinceps
942 3239 1171 3324 philosophum
1185 3239 1413 3325 praetermittit
1427 3239 1503 3322 quin

137 3345 198 3403 aut
213 3337 256 3402 ad
271 3337 463 3422 Epicuream
478 3357 626 3404 normam
641 3339 750 3422 exigat
764 3346 821 3405 aut
835 3341 1015 3408 maledictis
1030 3341 1117 3424 figat.
1150 3361 1227 3424 ergo
1244 3341 1324 3407 haec
1339 3339 1503 3406 iudicandi

137 3441 260 3505 levitas
280 3460 346 3505 non
370 3441 497 3507 Graeca
519 3447 578 3524 est,
602 3442 661 3507 sed
683 3443 796 3508 addita
818 3463 838 3507 a
861 3443 1027 3508 Cicerone.
1065 3463 1163 3526 quam
1184 3442 1298 3509 inseite
1321 3449 1354 3509 et
1376 3441 1503 3508 inficeto

137 3543 222 3607 illud
244 3542 387 3628 cesserit,
412 3543 545 3610 rideant
566 3542 634 3608 alii.
667 3545 725 3610 sod
747 3545 809 3610 hoc
831 3565 897 3610 non
919 3550 968 3609 est
990 3545 1169 3628 serendum,
1192 3545 1278 3628 quod
1301 3565 1363 3628 quo
1378 3543 1504 3610 facilior

137 3644 232 3710 lieret
255 3643 453 3728 impugnatio
475 3645 568 3728 ipsae
592 3645 859 3732 philosophorum
882 3645 1051 3729 opiniones
1065 3647 1263 3714 veteratorie
1277 3647 1416 3729 quadam
1432 3651 1503 3712 arte

137 3746 292 3812 inversae
315 3751 348 3810 et
369 3745 411 3810 ad
424 3745 540 3812 Velleii
563 3746 716 3814 iudicium
738 3755 909 3832 utcumque
930 3748 1171 3832 praeformatae
1187 3757 1270 3817 sunt.
1304 3749 1381 3834 quid
1396 3747 1503 3815 enim?

137 3845 376 3911 Anaximenem
404 3867 512 3913 nonne
540 3848 613 3915 ideo
640 3869 719 3916 aera
748 3851 852 3935 gigni
883 3850 1034 3917 statuisse
1068 3851 1184 3919 dieitur
1216 3853 1279 3920 nisi
1312 3859 1348 3918 ut
1376 3849 1502 3917 Velleio

140 3953 295 4032 prompta
316 3947 358 4012 sit
380 3949 526 4015 mortalis
548 3950 601 4016 dei
623 3950 749 4018 irrisio?
770 3972 845 4018 nam
868 3973 965 4036 quarn
987 3954 1163 4039 turpissimi
1186 3955 1304 4022 erroris
1326 3953 1503 4036 significavi

138 4049 198 4132 [ad
219 4050 309 4132 §bel
332 4051 591 4136 explicationem,
613 4073 653 4118 ea
672 4053 837 4120 Ciceronis
858 4055 1065 4122 fraudulenta
1086 4057 1202 4123 levitas
1217 4077 1331 4140 parurn
1347 4061 1503 4122 excusata

137 4153 278 4217 videtur.
312 4152 410 4235 quid?
431 4173 515 4236 quae
530 4155 600 4239 ipse
618 4157 734 4222 melius
750 4156 882 4241 sciebat,
906 4158 1057 4224 simulata
1072 4159 1277 4241 ignoratione
1292 4178 1332 4225 ea
1343 4158 1501 4224 Velleium

137 4254 224 4320 salso
259 4255 475 4338 explicantem
506 4256 642 4323 induxit.
694 4258 870 4324 Democriti
902 4260 1056 4342 placitum
1083 4261 1243 4345 quomodo
1270 4265 1427 4345 exponat,
1460 4259 1503 4326 sit

137 4355 335 4422 testimonio.
368 4377 448 4422 nam
470 4357 606 4443 primum
630 4359 775 4426 oratione
797 4361 944 4426 consulto
973 4362 1157 4429 obscuriore
1184 4363 1357 4428 simulacra
1383 4381 1502 4445 vagan-

137 4459 185 4522 tia
212 4456 392 4524 nominavit
419 4464 569 4542 imagines
599 4482 763 4544 coramque
788 4465 937 4526 circadas
967 4463 1139 4530 verberum
1165 4464 1374 4530 mirabilitate
1401 4463 1502 4548 philo·

137 4559 277 4644 sophum
305 4561 509 4628 traducturus
525 4563 542 4627 ¹.
587 4569 654 4628 tum
680 4584 757 4630 vero
781 4565 940 4631 Velleium
966 4566 1160 4650 Epicureum
1188 4567 1351 4633 homiuem
1379 4587 1420 4631 ea
1446 4566 1502 4630 im-

137 4667 338 4746 pugnantem
361 4663 448 4748 iacit,
472 4683 555 4746 quae
576 4665 678 4749 ipsius
701 4666 813 4733 schola
835 4667 996 4733 mordicus
1018 4669 1151 4736 tenebat
1172 4676 1205 4736 et
1227 4689 1311 4752 quae
1332 4668 1403 4752 ipse
1418 4667 1501 4732 simi-

212 4921 220 4952 ί
240 4923 332 4972 eodem
354 4925 432 4972 modo
460 4924 541 4986 (quod
564 4935 699 4990 utromque
726 4925 920 4977 Schoemannus
943 4929 1052 4990 monuit)
1075 4927 1213 4978 seientiam
1241 4923 1500 4991 intelteqeats'omqae

136 5017 259 5058 naseam
278 5013 467 5076 interpretatur,
486 5013 556 5076 qnod
575 5013 692 5061 enimam
710 5011 835 5062 scientem
853 5021 877 5063 et
898 5011 1088 5082 intellegentem
1106 5015 1222 5066 debebat.
