3648 5736
438 388 636 441 HIPPOLYTI
654 384 1020 438 PHILOSOPHUMENON
1042 382 1081 436 18.
1103 383 1202 434 191-e
1439 377 1501 443 567

270 563 312 626 18
344 557 376 623 'O
400 559 452 641 μὲν
475 556 526 622 οὖν
549 555 742 638 Σωκράτης
763 551 869 635 γίνεται
884 549 1076 638 Ἀρχελάου
1091 557 1143 616 τοῦ
1158 555 1282 636 φυσικοῦ
1298 551 1454 633 ἀκροατής·

187 665 219 734 ὃς
241 664 274 726 τὸ
296 662 389 744 γνῶθι
412 661 518 725 σαυτόν
540 657 721 743 προτιμήσας
743 656 791 719 καὶ
816 656 942 738 μεγάλην
958 655 1071 740 σχολὴν
1087 657 1232 738 συστήσας
1252 651 1324 737 ἔσχε
1338 653 1453 715 πάντων

186 771 244 830 τῶν
268 763 411 848 μαθητῶν
434 765 608 845 ἱκανώτερον
630 759 679 822 τόν
702 757 889 835 Πλάτωνα,
911 757 998 826 αδτδς
1021 757 1074 838 μὲν
1089 758 1165 839 μηδὲ
1179 756 1353 838 σύγγραμμα
1368 777 1453 818 κατα-

186 873 288 934 λιπῶν.
444 867 459 928 ὁ
498 863 531 926 δὲ
565 863 715 927 Πλάτων
746 863 799 945 τὴν
834 864 930 924 πᾶσαν
967 858 1057 922 αὐτοῦ
1092 859 1195 943 σοφίαν
1230 855 1485 939 ἀπυμαξάμενσς2

156 973 344 1055 εσυνέστησε
365 971 398 1032 τὸ
421 968 620 1032 διδασκαλεῖον
643 963 724 1046 μίξας
747 965 822 1046 ὁμοῦ
852 962 977 1047 φυσικήν
1008 960 1115 1045 η’θικὴν
1141 961 1333 1043 διαλεκτικήν.
1379 959 1453 1021 dte

188 1079 204 1140 ὁ
228 1074 372 1139 Πλάτων
396 1073 520 1154 ὁρίζεται
541 1072 642 1132 ταῦτα.

271 1178 313 1241 12
350 1174 497 1240 Πλάτων
520 1171 615 1256 ἀρχὰς
636 1169 708 1234 εἶναι
731 1174 782 1232 τοῦ
805 1169 912 1238 παντὸς
934 1167 1003 1230 θεὸν
1025 1167 1074 1229 καὶ
1098 1166 1169 1248 ὕλην
1191 1166 1239 1228 καὶ
1255 1165 1452 1247 παράδειγμα·

189 1280 258 1343 θεὸν
290 1277 342 1361 μέν
372 1277 422 1339 τόν
449 1275 573 1358 ποιητὴν
604 1271 652 1336 καὶ
682 1273 920 1356 διακοσμήσαντα
949 1269 1017 1334 τόδε
1038 1269 1071 1331 τό
1092 1272 1149 1330 πᾶν
1172 1268 1220 1331 καὶ
1242 1267 1452 1350 προνοούμενον

189 1382 292 1446 αὐτοῦ·
318 1379 388 1462 ὁλην
410 1379 443 1440 δὲ
464 1379 517 1460 τὴν
540 1380 627 1440 πᾶσιν
650 1374 851 1457 ὑποκειμένην,
874 1375 909 1458 ἣν
925 1372 973 1437 καὶ
990 1371 1147 1455 δεξαμενὴν
1161 1369 1210 1434 καὶ
1225 1370 1347 1454 τιθήνην
1361 1371 1454 1446 καλεῖ,

149 1503 173 1540 ιι
190 1483 220 1552 έξ
242 1483 277 1566 ἧς
300 1480 548 1564 διακοσμηθείσης
570 1477 705 1562 γενέσθαι
727 1477 764 1540 τά
789 1477 916 1561 τέσσαρα
944 1477 1091 1558 στοιχεῖα,
1117 1472 1146 1542 ἐξ
1175 1473 1216 1535 ῶν
1242 1473 1414 1556 συνέστηκεν
1438 1475 1453 1536 ὁ

186 1586 310 1667 κόσμος,
338 1583 427 1668 πυρός
454 1581 538 1666 ἀέρος
565 1585 618 1664 γῆς
645 1581 762 1658 ὁδοιτυς,
791 1579 821 1650 ἐξ
852 1581 893 1642 ῶν
921 1577 969 1642 καὶ
995 1577 1031 1640 τά
1057 1576 1132 1639 ἀλλα
1161 1576 1255 1639 πάντα
1277 1575 1455 1660 συγκρίματα

185 1687 359 1770 καλούμενα,
383 1685 448 1771 ζῷά
469 1707 501 1748 τε
522 1683 571 1748 καὶ
592 1682 668 1766 φυτὰ
691 1681 904 1766 συνεστηκέναι.
1084 1681 1118 1743 τό
1141 1679 1174 1742 δὲ
1195 1679 1377 1762 παράδειγμα
1398 1678 1451 1761 τὴν
1470 1684 1487 1738 2

189 1791 315 1852 διάνοιαν
337 1793 388 1852 τοῦ
411 1788 483 1852 θεοῦ
505 1785 588 1862 εἶναι,
611 1786 627 1849 δ
650 1785 698 1847 καὶ
721 1783 799 1849 ἰδέαν
821 1788 905 1850 καλεῖ
926 1784 986 1847 οἷον
1010 1782 1166 1864 εἰκόνισμά
1187 1804 1225 1857 τι,
1249 1779 1274 1866 ᾧ
1299 1780 1454 1866 προσέχων

186 1891 217 1954 ἐν
247 1892 287 1974 τή
313 1892 397 1977 ψυχή
427 1893 443 1955 ὁ
474 1891 542 1959 θεὸς
569 1889 605 1952 τό
633 1891 728 1952 πάντα
757 1887 950 1973 ἐδημιούργει.
1102 1886 1151 1948 τὸν
1183 1885 1235 1965 μὲν
1267 1883 1335 1948 θεόν
1365 1889 1487 1968 φησιν3

150 2012 173 2050 1ο
191 1993 347 2076 ἀσώματόν
370 2017 402 2056 τε
424 1995 472 2058 καλ
494 1992 622 2056 ἀνείδεον
645 1992 693 2056 καὶ
717 1991 813 2074 μόνοις
836 1995 937 2076 σοφοῖς
959 1981 1079 2074 ἀνδράσι
1093 1987 1278 2069 καταληπτόν
1294 1983 1382 2050 εἶναι·
1403 1987 1457 2069 τήν

189 2097 222 2160 δέ
245 2097 315 2180 όλην
338 2097 456 2178 δυνάμει
481 2095 533 2176 μὲν
556 2099 654 2176 σῶμα,
676 2094 804 2178 ἐνεργείᾳ
824 2095 859 2157 δὲ
880 2092 1013 2157 οὐδέπω·
1044 2091 1264 2176 ἀσχημάτιστον
1286 2089 1341 2172 γάρ
1363 2089 1454 2172 αὐτὴν

188 2195 277 2262 οόσαν
305 2199 354 2262 καὶ
381 2197 500 2274 ἄποιον,
528 2197 749 2281 προσλαβοῦσαν
776 2197 916 2280 σχήματα
945 2195 993 2258 καὶ
1021 2193 1178 2277 ποιότητας
1199 2191 1335 2275 γενέσθαι
1358 2194 1455 2273 σῶμα.

231 2301 284 2384 τὴν
307 2302 359 2384 μὲν
382 2299 433 2365 οὸν
456 2301 526 2383 ὁλην
549 2301 645 2385 ἀρχὴν
668 2299 740 2364 εἶναι
763 2299 811 2361 καὶ
834 2299 992 2384 σόγχρονον
1020 2302 1062 2381 τῷ
1085 2297 1164 2380 θεῷ,
1192 2295 1285 2378 ταὸτη
1314 2294 1362 2358 καὶ
1390 2294 1453 2378 ἀγέ-
1472 2305 1489 2356 4

189 2427 273 2486 νητον
295 2405 345 2468 τδν
368 2404 486 2484 κόσμον.
526 2404 560 2466 ἐκ
581 2402 636 2487 γάρ
658 2403 749 2485 αὐτῆς
772 2402 940 2465 συνεστάναι
963 2400 1050 2485 φησὶν
1073 2399 1171 2463 αὐτόν.
1208 2397 1253 2482 tq?
1275 2397 1308 2460 δέ
1323 2399 1455 2483 ἀγενήτῳ

148 2525 172 2572 νο
191 2507 362 2570 ἀκολουθεῖν
385 2506 500 2575 πάντως
522 2506 569 2568 καὶ
592 2505 625 2568 τὸ
647 2503 808 2590 ἄφθαρτον.
851 2501 872 2587 ᾗ
895 2505 929 2568 δὲ
951 2504 1039 2586 σῶμά
1060 2525 1092 2565 τε
1112 2503 1160 2564 καὶ
1182 2501 1216 2565 ἐκ
1238 2503 1354 2564 πολλῶν
1380 2523 1457 2565 ποιο

188 2613 284 2693 τήτων
307 2610 355 2674 καὶ
379 2610 464 2673 ἰδεῶν
487 2607 671 2691 συγκείμενον
694 2606 879 2684 ὑποτίθεται,
909 2607 1002 2690 ταότη
1025 2606 1073 2670 καὶ
1094 2605 1213 2688 γενητὸν
1240 2605 1288 2668 καὶ
1315 2603 1456 2688 φθαρτόν.

233 2713 307 2782 τινὲς
334 2713 366 2775 δὲ
400 2715 458 2775 τῶν
492 2710 688 2776 Πλατωνικῶν
719 2710 870 2794 ἀμφότερα
899 2708 998 2793 ἔμιξαν
1032 2709 1214 2795 χρησάμενοι
1243 2705 1489 2792 παραδείγματιὸ

189 2815 328 2900 τοιούτῳ·
360 2815 403 2878 ότι
433 2815 532 2897 ῶσπερ
563 2813 660 2896 όμαξα
689 2813 808 2877 δύναται
839 2813 885 2876 ἀεὶ
918 2811 1061 2895 διαμένειν
1092 2809 1241 2895 ἄφθαρτος
1273 2809 1347 2873 κατὰ
1371 2810 1457 2893 μέρος

192 2915 449 3000 ἐπισκευαζομένη,
471 2916 525 2980 κάν
547 2915 584 2978 τά
607 2915 681 3000 μέρη
703 2916 859 3001 φθείρηται
882 2917 1037 2992 ἑκάστοτε,
1059 2913 1133 2996 αὐτὴ
1165 2914 1198 2976 δὲ
1225 2912 1384 2996 ὁλόκληρος
1411 2912 1457 2976 ἀεὶ

151 3041 176 3078 τι
194 3019 286 3101 μένει·
308 3025 410 3084 τοῦτον
424 3021 474 3084 τδν
494 3019 599 3103 τρόπον
619 3019 668 3082 καὶ
692 3021 707 3083 ὁ
729 3019 839 3102 κόσμος
861 3018 935 3082 κατὰ
959 3017 1033 3102 μέρη
1057 3017 1109 3098 μὲν
1132 3016 1177 3080 ἀεὶ
1200 3015 1458 3100 [κα1]·φθείρεται,

191 3123 462 3204 ἐπισκευαζομένων
483 3121 511 3206 <
528 3123 542 3207 >
562 3122 611 3186 καὶ
634 3123 882 3205 ἀντανισουμένων
904 3125 963 3186 τῶν
985 3117 1207 3205 ἀφαιρουμένων
1231 3119 1322 3188 ἀίδιος
1345 3119 1434 3201 μένει.

234 3227 284 3290 τὸν
306 3226 340 3289 δὲ
362 3225 432 3289 θεὸν
455 3225 483 3288 οἱ
505 3225 558 3307 μὲν
580 3225 631 3290 ἕνα
653 3226 740 3310 φασὶν
763 3225 850 3290 αίιτδν
872 3225 962 3288 εἰπεῖν
985 3223 1123 3306 ἀγένητον
1145 3223 1194 3286 καὶ
1220 3221 1387 3306 ἄφθαρτον,
1415 3225 1456 3292 ῶς
1475 3233 1490 3285 6

193 3329 271 3412 λέγει
294 3327 406 3396 ἐντοῖς
429 3325 554 3409 Νόμοις·
573 3326 606 3390 ‘d
630 3327 682 3409 μὲν
705 3329 741 3412 δή
766 3329 844 3404 θεός,
868 3328 967 3409 ὥσπερ
990 3325 1038 3388 καί
1062 3326 1078 3388 ὁ
1100 3326 1223 3394 παλαιός
1245 3325 1339 3408 λόγος,
1362 3326 1457 3411 ἀρχήν

194 3453 225 3493 τε
254 3429 302 3493 καὶ
330 3431 465 3514 τελευτήν
492 3430 540 3494 καὶ
569 3429 645 3511 μέσα
667 3434 724 3493 τῶν
749 3429 839 3494 ὄντων
867 3430 1001 3492 ἁπάντων
1029 3425 1138 3512 ἔχων’.
1182 3427 1275 3497 οὕτως
1298 3427 1350 3492 ἕνα
1371 3427 1459 3492 αὐτόν

854 3584 1054 3594 .-..---,......--

147 3672 159 3722 1
183 3667 240 3721 itt
259 3665 398 3738 Σωκράτης
417 3665 534 3736 μαθητὴς
547 3665 680 3736 Ἀρχελάου
697 3673 743 3720 τοῦ
756 3687 801 3738 φυ-
854 3677 912 3735 poet
930 3664 1037 3718 ἀνείδεον
1057 3667 1132 3718 Cedr.
1148 3662 1162 3734 11
1178 3675 1237 3717 ente
1257 3664 1356 3735 ἀνδράσι
1375 3669 1453 3720 hebet
1470 3667 1511 3720 ἀν-

143 3760 223 3810 συιοῦ.
255 3754 313 3824 έσγε
331 3754 357 3808 δὲ
376 3757 477 3807 πάντων
494 3760 547 3808 τῶν
565 3752 689 3824 μαθητῶν
708 3755 801 3808 ἱκανῶ-
854 3753 966 3824 θρώποις
985 3756 1030 3806 οεά
1043 3756 1128 3806 etetim
1142 3757 1332 3820 expunctumB
1353 3752 1365 3824 Η
1389 3757 1419 3811 16
1438 3753 1511 3810 οὸπω

144 3861 214 3913 τερον
227 3842 270 3896 τὸν
284 3840 415 3896 Πλάτωνα.
445 3839 517 3900 οὗτος
532 3843 611 3912 ἀρχὰς
623 3841 678 3894 κτλ.
698 3846 802 3896 liberius
854 3841 911 3911 ΒΗ
935 3843 965 3895 17
984 3841 1139 3910 πιοτήταςΤ
1161 3839 1174 3908 {i
1196 3839 1511 3913 18ταότην11ὁτ1ιαοττ.

143 3951 199 3985 exc.
227 3934 303 3984 Cedt.
339 3929 352 3997 ΙΙ
386 3929 402 3983 3
434 3925 593 3998 μαθημάτων
624 3933 647 3983 Β
681 3930 694 4001 ΙΙ
728 3931 802 3991 αδτὸς
855 3934 1038 3997 Gottingeneee
1057 3932 1087 3981 ei·
1107 3947 1131 3980 ν.
1142 3929 1185 3994 21,
1205 3934 1291 3984 omisit
1303 3935 1380 3984 Cedr.
1401 3930 1414 4001 ΙΙ
1437 3933 1468 3986 19
1481 3931 1511 3984 δα

144 4019 170 4072 δέ
192 4021 215 4073 Β
235 4018 248 4083 ΙΙ
269 4017 332 4088 μηδὲ
350 4020 420 4070 libri:
444 4015 521 4086 μηδέν
542 4019 646 4084 Roeper
666 4017 678 4084 11
700 4019 716 4072 5
735 4017 801 4070 διαλ·
852 4019 902 4087 γὰρ
918 4017 996 4070 αὐτοῦ
1014 4027 1073 4068 ente
1093 4019 1246 4084 Roeperum.
1275 4019 1305 4072 έκ
1324 4020 1370 4090 γάρ
1387 4023 1433 4089 τῆς
1451 4015 1512 4088 ὁλης

144 4107 262 4176 λικτιαήν
285 4109 308 4158 Β
332 4103 346 4173 ΙΙ
371 4106 386 4160 6
413 4102 518 4174 ὁρίζεται
541 4107 611 4156 libri:
639 4101 727 4174 ὁρίζει,
751 4104 802 4158 ἐστὶ
856 4108 931 4158 Gedr.
952 4105 965 4173 11
986 4101 1195 4159 2θάκουλσυθιῖν
1208 4109 1242 4158 Βι
1262 4105 1481 4161 ἀκολουθεῖῦεάτ.
1497 4105 1510 4174 Ιί

145 4201 248 4264 Roeper
258 4193 272 4264 ΙΙ
289 4197 399 4248 θπᾶσαν
418 4195 488 4245 libri:
507 4196 581 4244 πᾶσιν
599 4193 676 4244 Cedr.
694 4203 723 4244 ut
734 4196 802 4246 Roe-
855 4193 887 4245 21
906 4190 999 4260 ταὸτην
1018 4195 1089 4244 Tei.
1109 4212 1133 4244 v.
1150 4193 1181 4246 18
1201 4191 1215 4262 ii
1235 4193 1268 4246 22
1287 4193 1436 4264 ἀμφοτέρως
1454 4197 1477 4246 Τ
1498 4191 1511 4260 Η

145 4301 191 4350 per
224 4285 406 4335 emendaverat
439 4285 470 4333 ef.
504 4279 570 4333 201
599 4278 612 4347 Η
645 4279 676 4348 ἣν
705 4278 731 4332 δέ
759 4279 803 4332 καὶ
856 4280 890 4334 24
913 4280 1104 4348 έπισκιαζομίνη
1128 4283 1150 4332 L
1175 4279 1189 4346 ΙΙ
1213 4279 1247 4334 2ὁ
1271 4280 1316 4349 μέν
1339 4281 1377 4334 ἀεὶ
1400 4285 1511 4335 Usener:

145 4373 255 4422 eoiueL
279 4372 349 4422 unde
373 4369 403 4437 ἣν
427 4367 458 4435 δὴ
482 4367 524 4418 κα1
543 4369 649 4420 volebat
666 4370 769 4434 Roeper
789 4364 802 4435 11
856 4367 923 4436 μίνει
951 4369 1022 4418 libri:
1054 4366 1099 4435 μέν
1126 4366 1146 4418 εί
1173 4369 1275 4436 Roeper
1305 4365 1319 4438 ΙΙ
1346 4371 1390 4422 καὶ
1417 4371 1513 4422 delevit

148 4460 177 4510 11
194 4456 366 4527 συγκριὸματα
377 4459 400 4508 Τ
413 4453 426 4522 ΙΙ
446 4455 476 4508 13
489 4453 581 4507 διάνιαν
593 4456 628 4506 B:
648 4452 755 4508 διάνοιαν
769 4457 803 4508 C:
856 4459 958 4509 Usener
982 4453 995 4522 11
1021 4453 1154 4525 φθείροντα
1171 4459 1195 4508 Τ
1214 4453 1229 4526 Η
1249 4457 1283 4512 26
1301 4455 1513 4524 έπισκιαζομένων

147 4544 241 4596 έννοιαν
259 4546 335 4596 Cedr.
357 4541 370 4612 Η
390 4541 456 4596 ἰδίαν
470 4544 546 4596 Cedr.
560 4544 721 4596 Gronoviuet
740 4540 805 4600 ἰδέας
856 4546 904 4596 ΒΤ
933 4541 946 4610 ΙΙ
975 4541 1001 4594 δέ
1028 4553 1088 4594 ente
1117 4543 1161 4594 καὶ
1187 4545 1288 4594 addidit
1314 4547 1416 4610 Roeper
1441 4540 1455 4610 ΙΙ
1479 4541 1513 4595 28

146 4635 204 4685 libri
223 4628 237 4703 ΙΙ
255 4629 382 4698 είκόνισμά
396 4647 420 4682 τι
439 4633 528 4683 Cede:
546 4629 698 4698 είκονίσματι
717 4633 773 4682 iibri
790 4629 804 4699 Η
859 4626 953 4698 Νόμοις
965 4634 1005 4683 lv
1023 4649 1048 4698 p.
1059 4629 1133 4684 7152
1151 4632 1220 4682 unde
1237 4628 1268 4699 δή
1287 4648 1334 4697 pro
1352 4629 1379 4683 δέ
1397 4631 1513 4681 codicum

147 4720 168 4792 ᾦ
189 4722 278 4773 addidi
291 4737 324 4770 ex
338 4720 465 4781 Cedrenn,
485 4720 555 4784 quod
565 4721 669 4784 Roeper
681 4727 740 4771 ente
754 4718 805 4770 οίον
858 4728 999 4772 correctum
1021 4717 1034 4786 ΙΙ
1058 4717 1092 4771 29
1115 4715 1194 4769 όντων
1217 4719 1292 4769 Cedr.
1319 4723 1354 4771 '1³2
1379 4735 1429 4768 om.
1454 4718 1475 4768 C
1498 4713 1511 4783 ΙΙ

147 4809 313 4875 suppleverat
327 4801 342 4873 11
354 4801 375 4874 ᾧ
388 4806 530 4875 προσέχων,
548 4819 632 4874 φησιν,
650 4803 732 4864 ὁθεδς
745 4823 767 4858 τ.
778 4825 804 4859 π.
856 4805 908 4876 έχει
920 4823 1008 4859 errore
1020 4808 1112 4858 ceiemi
1121 4807 1232 4872 Roeper‚
1245 4809 1402 4857 iteraverunt
1412 4806 1513 4857 Gottin-

147 4891 335 4966 ίδημιοὸργησε.
362 4893 407 4944 τεαὶ
431 4893 501 4958 [fort.
522 4894 603 4960 reete]
620 4891 664 4945 τόν
682 4893 727 4961 μέν
749 4891 804 4946 κτλ.
856 4911 947 4960 genten
976 4905 1002 4945 et
1024 4895 1124 4946 Cruiee.
1158 4893 1234 4944 Gedr.
1259 4897 1360 4960 plenius
1388 4894 1514 4958 excerpsit

149 4985 224 5037 Oedr.
238 4977 252 5050 11
270 4977 301 5032 15
313 4980 357 5032 καὶ
370 4976 498 5050 ἄφθαρτον
509 4983 617 5034 sortasse
632 4997 691 5033 vere
705 4982 805 5034 eddidit
855 4999 889 5033 ex
907 4982 989 5034 Suide
1001 4983 1028 5033 11
1042 4979 1057 5032 2
1076 4999 1102 5048 ρ.
1115 4979 1211 5044 299,18
1220 4995 1276 5045 sqq·
1295 4979 1318 5030 B
