3756 5736
339 403 401 468 252
632 407 725 455 XVIII
763 406 812 454 DE
833 405 971 455 GALENI
990 405 1162 456 HISTORIA
1180 404 1412 456 PHlLOSOPHA

338 573 411 639 tori.
434 574 483 656 [P.
500 573 539 638 H.
555 574 571 637 Ι
587 574 628 638 65
650 575 717 643 τοὺς
740 576 866 656 μάλιστα
889 577 958 659 ἡμῖν
982 571 1195 643 ἀντιδοξοῦντας
1217 579 1266 637 νόν
1281 575 1471 655 δογματικοὺς
1486 575 1552 643 τοὺς
1568 575 1627 638 ἀπδ
1645 579 1698 658 τῆς

338 676 455 758 Στοᾶς].
488 675 597 758 utique
619 675 811 741 remissioris
838 676 893 742 ille
923 674 1051 742 Stoicus
1073 673 1133 740 fuit
1161 675 1260 740 animi
1288 673 1378 740 euius
1403 674 1589 741 testimonia
1614 675 1700 742 inira

338 797 512 861 apponam.
551 797 629 860 ergo
651 778 735 844 inter
757 777 903 844 Senecae
926 783 959 843 et
979 777 1215 844 Antoninorum
1236 782 1396 862 aetatem,
1419 777 1446 844 si
1467 777 1545 860 quid
1566 777 1700 845 definire

338 879 423 963 licet,
446 879 616 963 ponendus
638 879 708 945 erit.
742 879 795 945 hic
809 879 906 962 igitur
920 880 1003 948 liber
1018 881 1145 948 Galeuo
1168 879 1211 943 ad
1233 897 1363 944 manum
1379 878 1439 945 fuit
1454 880 1498 945 ad
1519 899 1565 944 cc.
1581 882 1697 966 3-20,

337 981 424 1047 idem
450 981 493 1046 ad
516 999 561 1046 cc.
577 983 618 1046 22
641 987 675 1070 et
697 983 737 1047 23
760 981 847 1065 qnod
874 980 964 1048 Sexti
992 981 1167 1048 similitudo
1194 981 1321 1065 probat.
1353 1000 1460 1064 neque
1485 980 1598 1048 dubito
1620 983 1698 1067 quin

337 1083 480 1149 indidem
507 1103 533 1148 c.
550 1084 592 1148 24
619 1104 684 1148 non
711 1083 855 1167 vulgaris
881 1085 922 1150 dc
949 1084 1059 1150 anima
1088 1082 1269 1149 lucubratio
1296 1081 1425 1148 fluxerit
1452 1081 1560 1150 Stoico
1589 1085 1699 1151 colore

338 1185 466 1269 penitus
488 1185 598 1252 tincta.
632 1186 676 1251 ad
699 1186 783 1251 hanc
806 1185 991 1270 opinionem
1011 1207 1077 1252 non
1092 1186 1166 1250 leve
1181 1191 1378 1250 momentum
1393 1185 1498 1269 affert,
1521 1186 1699 1268 quochr-

340 1287 495 1351 tullianus
517 1289 646 1372 apolog.
662 1289 703 1352 47
723 1287 729 1320 ¹
764 1287 873 1372 capita
895 1288 936 1354 de
961 1287 1014 1354 dei
1029 1295 1147 1352 natura
1170 1283 1255 1372 [Gal.
1271 1307 1298 1352 c.
1312 1289 1352 1351 16
1367 1308 1398 1370 p.
1411 1284 1485 1373 241]
1508 1287 1541 1352 ri
1564 1284 1606 1373 [p.
1623 1283 1698 1372 242]

340 1388 429 1472 sede,
453 1395 519 1453 tum
541 1389 583 1455 de
604 1390 723 1455 mundo
746 1397 823 1455 nato
846 1390 1000 1455 innatare
1023 1389 1109 1472 [Gal.
1132 1409 1158 1454 c.
1177 1390 1230 1472 17]
1253 1387 1393 1472 denique
1412 1387 1454 1454 de
1468 1387 1598 1455 animae
1612 1395 1700 1454 statu
1774 1386 1780 1395 '

340 1493 379 1574 [c.
396 1492 450 1574 24]
480 1511 521 1557 ea
548 1490 672 1557 ratione
699 1499 884 1576 percenset,
917 1499 953 1558 ut
980 1511 1054 1558 eum
1082 1491 1196 1558 eodem
1226 1489 1417 1574 compendio
1445 1510 1537 1557 usum
1564 1491 1633 1558 veri
1659 1489 1699 1556 11-

338 1593 414 1659 mile
436 1593 487 1659 sit.

424 1696 525 1761 Multo
552 1695 695 1762 doctiore
724 1695 806 1761 libro
829 1695 1024 1762 christianus
1046 1695 1171 1780 etipse
1194 1695 1371 1781 Dionysius
1393 1695 1613 1761 Alexandriae
1634 1693 1701 1779 epi·

339 1817 455 1882 scopus
475 1805 618 1864 ususest
640 1797 744 1880 quiin
766 1796 856 1862 libris
878 1801 943 1884 περὶ
966 1799 1090 1869 Φύσεως
1112 1805 1224 1871 contra
1239 1798 1415 1882 Epicureos
1436 1798 1591 1883 disputat.
1623 1796 1700 1862 inde

338 1899 498 1966 Eusebius
519 1901 554 1965 P.
571 1901 608 1966 E.
624 1901 702 1966 XIV
721 1901 762 1966 23
789 1899 977 1966 memoriam
1005 1901 1163 1986 servarit,
1193 1919 1277 1983 quae
1304 1919 1377 1965 cum
1407 1899 1517 1966 Stoico
1538 1899 1595 1966 illo
1618 1917 1701 1965 com-

340 2001 459 2084 pendio
481 2002 515 2067 in
537 2007 717 2067 atomorum
740 1999 976 2084 professoribus
997 2003 1078 2069 mire
1100 2003 1269 2069 consentit.
1302 2001 1388 2068 dabo
1410 2009 1556 2069 extrema
1576 2003 1617 2082 ἐξ
1633 2002 1700 2066 3.4

339 2104 444 2186 ταύτης
460 2105 492 2167 δὲ
506 2110 559 2189 τῆς
574 2104 658 2188 δόξης
670 2101 837 2188 Ἐπίκουρος
855 2105 987 2187 γεγόνασι
1010 2107 1057 2170 καὶ
1080 2107 1270 2190 Δημόκριτος.
1303 2109 1440 2169 τοσοῦτον
1463 2105 1496 2168 δὲ
1518 2107 1699 2189 διερόνησαν

340 2208 408 2270 ὅσον
432 2209 447 2270 b
472 2208 523 2290 μὲν
545 2207 701 2292 ἐλαχίστας
728 2207 823 2276 παίσας
848 2208 897 2270 καὶ
925 2209 972 2272 διά
1002 2213 1088 2272 τοῦτο
1110 2208 1355 2292 ἀνεπαισθήτους,
1386 2209 1402 2270 ό
1429 2207 1463 2270 δὲ
1491 2207 1540 2270 καὶ
1567 2207 1700 2289 μεγίστας

339 2308 413 2372 εἶναί
433 2333 510 2379 τινας
532 2310 658 2391 ἀτόμους
680 2311 696 2372 b
719 2309 940 2394 Δημόκριτος
963 2311 1115 2396 ὑπέλαβεν.
1149 2311 1276 2393 ἀτόμους
1298 2311 1331 2373 δὲ
1352 2309 1526 2394 εἶναίφασιν
1542 2309 1700 2394 ἀμφότεροι

339 2412 387 2475 καλ
414 2411 550 2494 λέγεσδαι
577 2412 624 2474 διά
649 2413 701 2495 τὴν
728 2410 831 2475 ἀλυτον
859 2413 1044 2496 στερρότητα.
1077 2414 1104 2475 οἱ
1132 2414 1165 2476 δὲ
1193 2413 1245 2482 τάς
1271 2413 1397 2494 ἀτόμους
1425 2409 1700 2494 μετονομάσαντες’

340 2515 435 2599 ἀμερῆ
457 2535 543 2598 φασιν
565 2511 638 2576 εἶναι
661 2515 783 2595 σώματα
805 2518 857 2578 τοῦ
880 2516 987 2583 παντὸς
1014 2515 1088 2598 μέρη
1116 2514 1145 2582 ἐξ
1168 2515 1209 2578 ὧν
1232 2514 1402 2598 ἀδιαιρέτων
1425 2511 1515 2576 όντων
1538 2513 1699 2576 συντίθεται

339 2618 376 2680 τὰ
398 2619 491 2680 πάντα
513 2617 562 2680 καὶ
585 2616 625 2684 τίς
646 2615 665 2678 ἀ
685 2616 841 2679 διαλύεται.
876 2617 923 2679 καὶ
946 2617 1055 2680 τούτων
1077 2619 1148 2700 φασὶ
1171 2621 1229 2680 τῶν
1252 2619 1369 2702 ἀμερῶν
1392 2615 1600 2698 όνοματοττοιδν
1623 2615 1700 2678 Διό·
1868 2649 1869 2700 ρ

340 2721 448 2803 δωρον
470 2717 626 2801 γεγονέναι.
661 2715 753 2799 ὄνομα
776 2718 818 2796 δέ,
841 2719 938 2802 φασίν,
960 2719 1058 2787 αὐτοῖς
1080 2718 1152 2782 ἄλλο
1169 2717 1398 2804 Ἡρακλείδης
1421 2719 1542 2800 θέμενος
1564 2718 1700 2781 imbrem

340 2820 443 2904 ὄγκους
465 2819 533 2905 παρ’
561 2820 595 2884 οὔ
619 2822 667 2884 καὶ
687 2819 950 2904 Ἀσκληπιάδης
973 2823 988 2884 ό
1012 2821 1109 2905 ίατρδς
1130 2822 1349 2906 ἐκληρονόμησε
1367 2822 1400 2883 rb
1416 2819 1517 2903 όνομα.
1551 2817 1700 2903 Dionysii
1746 2807 1747 2810 ¹
1868 2815 1869 2826 ¹

340 2923 382 2988 de
408 2921 593 3004 ingentibus
622 2920 797 2986 Democriti
826 2921 942 2987 atomis
974 2941 1116 2988 errorem
1149 2942 1247 3007 supra
1280 2921 1437 3006 castigavi
1458 2943 1489 3006 p.
1506 2921 1598 2986 219⁴.
1642 2919 1700 2985 sed

341 3032 462 3108 quanta
484 3025 524 3090 sit
546 3023 616 3089 eius
630 3022 813 3089 similitudo
837 3044 908 3089 cum
923 3025 980 3090 illo
997 3025 1188 3108 compendio
1204 3025 1422 3092 Democritum
1438 3023 1611 3108 Epicurum
1626 3021 1701 3088 Dic-

339 3126 453 3192 dorum
475 3124 682 3191 Heraclidem
706 3125 926 3210 Pythagoram
951 3125 1255 3213 comprehendente,
1278 3127 1439 3194 neminem
1461 3126 1572 3210 fugiet.

426 3228 518 3292 Alter
545 3226 626 3292 liber
654 3247 717 3310 quo
745 3227 826 3293 duce
854 3247 895 3293 ex
922 3228 1067 3311 generali
1092 3229 1300 3315 physicorum
1326 3236 1481 3312 tanquam
1502 3227 1700 3313 promulside

340 3328 383 3394 ad
410 3328 582 3412 largiorem
615 3329 734 3414 dapem
764 3329 909 3395 Galenus
938 3330 1079 3396 traducit
1104 3338 1155 3397 est
1188 3331 1424 3398 Plutarchus
1457 3331 1504 3398 de
1536 3329 1699 3396 Placitis

341 3431 665 3516 philosophorum
698 3432 886 3517 physicis.
931 3433 1017 3499 unde
1049 3454 1121 3500 curn
1151 3435 1185 3500 in
1216 3433 1376 3518 prioribus
1403 3452 1510 3518 pauca
1541 3450 1700 3516 suspensa

341 3554 438 3599 manu
470 3541 505 3598 ut
537 3535 777 3600 condimentum
809 3534 967 3619 adspersa
999 3536 1063 3602 sint
1095 3536 1182 3623 (ab
1219 3537 1262 3601 20
1294 3534 1370 3622 21),
1405 3536 1470 3600 iarn
1497 3555 1518 3600 a
1544 3556 1570 3600 c.
1587 3536 1629 3600 25
1656 3533 1699 3599 ad

340 3635 436 3701 linem
451 3635 643 3702 Plutarchus
665 3636 711 3701 ita
733 3643 857 3722 regnat,
880 3638 961 3703 nihil
983 3639 1073 3704 aliud
1095 3645 1130 3704 ut
1152 3644 1323 3722 praetcrea
1340 3637 1498 3704 adscitum
1514 3655 1588 3702 esse
1601 3655 1699 3720 appa

341 3743 421 3803 reat.
456 3759 530 3802 narn
553 3739 695 3822 priorum
718 3739 912 3805 seutentiam
934 3740 988 3824 qui
1010 3742 1174 3826 propriam
1191 3741 1317 3807 Gelono
1339 3739 1469 3807 laudem
1491 3739 1525 3805 in
1547 3738 1599 3804 his
1615 3737 1700 3822 capi·

341 3839 426 3904 tibus
457 3841 623 3907 vindicare
656 3841 848 3927 studebant,
880 3851 954 3926 post
982 3843 1122 3910 Fabricii
1155 3852 1187 3910 et
1212 3842 1364 3910 Heerenii
1392 3841 1595 3908 coniecturas
1623 3839 1698 3906 olim

341 3943 527 4008 certissimis
553 3942 750 4025 argumentis
779 3943 926 4010 refutavi.
967 3965 1031 4030 qua
1056 3945 1182 4012 ratione
1207 3945 1240 4010 in
1263 3965 1302 4012 eo
1325 3943 1530 4028 compilando
1551 3949 1700 4009 versatus

341 4045 399 4128 sit,
428 4065 527 4129 supra
549 4045 814 4130 commonstrari,
844 4046 898 4112 ubi
927 4048 969 4114 de
990 4047 1186 4131 exemplaris
1208 4046 1393 4114 Plutarchsi
1414 4044 1615 4131 praestantia
1637 4043 1698 4126 egi.

341 4168 404 4230 quo
426 4147 472 4212 ita
494 4169 586 4213 usum
609 4168 681 4214 csse
696 4153 796 4231 patet,
820 4154 912 4214 utne
928 4149 1060 4214 obrutus
1075 4149 1205 4232 quidem
1220 4149 1328 4215 aliena
1343 4149 1429 4214 mole
1445 4167 1504 4214 sua
1521 4147 1699 4212 immiscere

341 4249 512 4315 desineret.
547 4270 627 4316 sane
649 4271 723 4316 raro
742 4249 777 4314 id
799 4249 883 4316 bene
905 4251 1035 4336 cecidit,
1063 4252 1252 4334 plerumque
1274 4250 1424 4336 pessime.
1458 4269 1535 4316 nam
1557 4249 1627 4315 sire
1648 4268 1700 4314 ex-

332 4353 481 4434 emplum
504 4353 620 4418 litteris
641 4353 746 4419 minus
768 4353 955 4438 compositis
974 4361 1140 4420 exaratum
1161 4353 1303 4420 habebat
1317 4353 1387 4418 sive
1401 4351 1544 4418 dementi
1559 4351 1699 4435 quadarn

413 4542 420 4573 ¹
439 4545 470 4594 rr.
494 4545 527 4594 ad
549 4547 648 4594 nation.
666 4545 722 4594 ΙΙυ
750 4545 818 4596 unde
843 4545 977 4594 audaciam
1001 4545 1126 4594 orationis
1150 4540 1280 4608 Epicurei
1295 4541 1393 4606 [deum]
1414 4541 1523 4594 otiorum
1547 4550 1571 4592 ει
1595 4541 1698 4604 tuerer,-

340 4630 419 4680 eirum
438 4638 462 4681 et
481 4638 509 4680 αι
527 4630 566 4680 ito
585 4629 701 4680 dicer-im
719 4633 875 4682 aemirrem
893 4630 1045 4682 hamanis
1064 4629 1160 4680 rebar
1180 4631 1245 4680 bene
1265 4632 1368 4680 tuearis.

411 4715 422 4747 ²
441 4717 652 4784 μετονομάσανττς
669 4729 736 4770 recte
756 4721 876 4781 ODFG‚
895 4719 992 4780 vulgati
1012 4718 1086 4768 codd.
1106 4715 1151 4784 pta
1164 4714 1329 4784 ὀνομάσαντες
1347 4718 1415 4768 unde
1428 4716 1549 4768 effecerat
1561 4717 1645 4766 Zeller
1657 4712 1701 4765 Π3

341 4804 409 4858 886³
432 4801 480 4854 αὐκ
502 4801 675 4870 ὀνομάσαντες.
707 4808 853 4858 Diodorum
877 4805 971 4870 [Alex.
990 4807 1025 4856 ad
1044 4807 1122 4856 Arist.
1142 4806 1166 4856 d.
1186 4821 1253 4856 sens.
1272 4823 1297 4870 p.
1311 4803 1371 4865 257,
1390 4802 1430 4854 10.
1449 4801 1510 4864 366,
1525 4801 1620 4867 2Th.]
1643 4818 1700 4852 cum

341 4893 436 4942 Stoicis
455 4901 514 4956 post
530 4893 706 4942 Democritum
725 4903 751 4942 et
763 4896 911 4960 Epicurum,
931 4903 984 4942 lum
998 4893 1184 4956 Anaxagoram
1203 4899 1319 4944 recenset
1331 4891 1480 4942 chalcidius
1499 4907 1523 4954 p.
1539 4888 1591 4941 377
1604 4889 1700 4940 Meurr.

341 4979 386 5030 sed
405 4980 467 5029 nihil
487 4989 526 5029 est
545 4983 708 5046 cognationis
727 4995 783 5032 cum
802 4983 861 5034 illis.
