3708 5732
550 457 553 462 Δ
607 366 611 370 ’
650 409 925 460 Puonnsounns
1405 412 1463 475 131

113 578 340 644 Xenocratis
367 577 521 661 placitum
551 575 598 640 ita
628 577 750 660 pendet
778 596 799 641 a
826 577 975 642 Tulliano
1006 579 1197 663 exemplari,
1228 586 1263 644 ut
1291 580 1467 647 Krischeus

112 681 320 747 certissimum
341 679 418 745 inde
440 684 666 762 argumentum
690 678 822 761 originis
841 678 1025 764 petiverit¹
1059 679 1195 763 insignis
1217 688 1267 754 est
1294 683 1468 768 praecipue

112 782 280 850 concordia
314 781 348 848 in
380 781 614 866 Aristotele,
648 780 739 848 cuius
767 781 936 866 opiniones
968 787 1102 865 uterque
1131 803 1189 850 eas
1221 785 1351 870 selegit,
1385 805 1469 868 quae

112 891 292 970 pugnarent
313 884 398 978 inter
420 904 456 950 se

150 989 242 1054 mado
270 991 352 1052 enirn
378 990 471 1050 menti
504 986 611 1049 tribuit
644 987 789 1092 amneml
858 991 956 1075 ψυχὴν
978 987 1051 1054 εἶναι
1074 993 1125 1052 τοῦ
1152 993 1258 1061 πάντας
1284 990 1436 1056 οἴεται..
1461 1033 1469 1050 .

111 1091 300 1154 diuinitatem

150 1195 243 1258 moda
265 1193 411 1256 mnndum
437 1193 540 1274 ipsam
568 1193 658 1256 dcam
687 1194 762 1258 dicit
857 1191 957 1258 ἔπειτα
971 1195 1021 1258 τὸν
1037 1195 1146 1278 κόσμον
1163 1196 1232 1260 θεὸν
1248 1195 1470 1280 ἡγούμενος...

111 1317 175 1362 erre

110 1400 166 1468 sed
186 1417 325 1483 graecus
347 1396 445 1464 etiam
466 1416 526 1462 aua
548 1395 721 1464 admiscuit
742 1397 833 1464 velut
855 1400 871 1462 ὁ
895 1399 981 1485 μέχρι
1003 1405 1056 1486 τῆς
1077 1404 1202 1486 σελήνης
1223 1401 1315 1485 αὐτῆς
1337 1402 1470 1486 διορίζων

109 1505 160 1586 τὴν
188 1502 325 1586 πρόνοιαν
353 1498 515 1566 trivialem
541 1519 621 1566 saue
652 1499 863 1584 sapientiam,
896 1501 987 1568 euius
1014 1503 1068 1568 vel
1097 1502 1203 1568 minus
1237 1503 1353 1570 eruditi
1378 1505 1470 1586 gnari

109 1602 239 1671 erant¹
283 1609 333 1670 est
354 1601 410 1668 nbi
432 1601 535 1668 latina
557 1601 739 1684 religiosius
761 1609 914 1686 sequatur

150 1727 209 1772 nec
233 1727 308 1772 carc
332 1706 533 1787 Theophrasti
553 1709 767 1772 inconstantia
862 1706 1047 1793 Θεόφραστος
1068 1713 1184 1791 ...πῇ
1208 1709 1261 1792 μὲν
1284 1709 1405 1793 οὐρανὸν
1427 1715 1471 1792 πῇ

108 1811 241 1892 suenda
263 1820 326 1874 est:
351 1810 443 1874 moda
466 1809 546 1872 anim
567 1810 661 1872 menti
682 1809 767 1872 dici-
819 1811 852 1874 δὲ
874 1816 989 1894 πνεῦμα
1010 1812 1060 1874 τὸν
1083 1811 1152 1874 θεὸν
1176 1812 1294 1876 ὑπονοεῖ

108 1933 180 1976 nam
203 1913 312 1976 tribuit
326 1915 549 1994 principatum,
570 1911 662 1974 modo
679 1913 767 1976 cacto

199 2013 364 2082 Ciceronis
379 2013 574 2097 mancipium
589 2013 772 2099 adgnoscis,
789 2015 844 2098 qui
859 2015 1128 2082 modo-modo
1143 2035 1261 2099 graeca
1275 2014 1413 2084 formula
1429 2026 1472 2102 πῇ

109 2119 271 2201 μὶν-πῇ
294 2117 327 2180 δὲ
349 2115 481 2182 minime
507 2117 634 2200 vulgari
659 2118 810 2184 reddidit.
855 2118 921 2184 alia
951 2123 1181 2186 commemorat
1203 2116 1379 2188 Krischeus
1400 2123 1422 2188 l.
1445 2143 1472 2188 c.

107 2243 139 2304 p.
155 2221 231 2286 345.
278 2216 452 2302 Epicurum
473 2217 507 2284 in
529 2218 680 2303 Epicurei
702 2220 843 2288 Iulliani
865 2219 1054 2288 recensione
1076 2241 1143 2288 nou
1164 2220 1289 2286 invenit
1311 2222 1471 2292 Clemens.

107 2323 194 2390 nude
222 2319 450 2406 explicandam
478 2327 556 2405 puto
583 2321 755 2388 formulam
784 2342 849 2406 qua
868 2323 960 2388 illum
982 2322 1209 2408 praetermittit
1227 2321 1397 2410 Ἐπικούρου
1420 2326 1472 2407 μὲν

106 2427 160 2511 γὰρ
188 2425 279 2508 pbvou
305 2423 354 2488 καὶ
381 2423 458 2488 ἑκὼν
480 2424 642 2510 bulianum
664 2429 726 2490 κτλ.
760 2429 859 2508 atque
880 2424 934 2490 hic
955 2431 1025 2492 erat
1047 2425 1315 2510 philosophorum
1337 2425 1409 2492 finis
1430 2427 1473 2492 le-

106 2527 248 2609 gitimus.
294 2525 354 2592 sed
381 2545 477 2608 quem
506 2525 596 2609 prius
622 2527 776 2594 omiserat
804 2527 1011 2594 Heraclidem
1040 2526 1105 2594 iam
1130 2527 1266 2596 moleste
1294 2528 1420 2594 addidit
1445 2529 1474 2591 τί

106 2631 160 2713 γὰρ
184 2627 376 2713 Ἡρακλείδης
398 2631 415 2693 ὁ
437 2627 589 2714 Honeste,
622 2629 676 2694 οὐκ
704 2629 765 2694 tec
799 2630 859 2714 ὅπῃ
888 2630 942 2694 obn
969 2630 1016 2693 ἐπὶ
1043 2631 1080 2693 τὰ
1100 2631 1283 2716 Δημοκρίτου
1310 2632 1359 2695 καὶ
1386 2631 1473 2701 αὐτὸς

106 2729 302 2816 κατασύρεται
323 2730 442 2796 εἴδωλα.
487 2731 594 2798 Tullio
616 2731 699 2800 haee
721 2753 788 2797 non
810 2731 978 2816 subripuit.
1022 2751 1101 2814 ergo
1123 2732 1167 2798 ad
1188 2733 1329 2818 priorem
1351 2731 1474 2798 fontem

107 2832 216 2899 rediit
263 2834 349 2901 unde
381 2833 518 2900 forsitan
550 2833 631 2900 lueis
664 2833 788 2917 aliquid
817 2833 851 2898 in
878 2833 1047 2900 obscuram
1073 2833 1256 2901 Heraclidis
1290 2833 1475 2918 opinionem

106 2936 277 3019 affulgeat.
309 2955 387 3002 nam
409 2955 480 3002 eum
495 2937 657 3019 generalis
678 2936 840 3020 quaedam
863 2955 934 3001 cum
956 2934 1063 3002 indice
1079 2934 1233 3004 Sextiano
1257 2938 1293 3002 P.
1308 2936 1349 3002 H.
1368 2936 1417 3002 111
1433 2937 1476 3002 30

107 3039 287 3104 similitudo
309 3037 499 3124 intercedat,
521 3037 575 3123 qui
598 3059 639 3106 ex
661 3036 981 3106 Pseudo-Clementis
1003 3037 1170 3105 christiani
1192 3038 1356 3124 scriptoris
1377 3039 1477 3106 Reco

107 3139 311 3224 gnitionibns
333 3141 470 3206 vm1e
491 3161 557 3208 non
579 3141 660 3206 nihil
682 3139 899 3226 supplementi
914 3139 1002 3225 capit
1024 3138 1076 3227 [cf.
1091 3140 1176 3208 infra
1197 3142 1231 3206 in
1254 3161 1281 3206 c.
1295 3141 1337 3207 de
1358 3141 1476 3208 Geloni

107 3243 182 3309 hist
198 3241 304 3330 phill,
325 3249 424 3326 atque
446 3241 534 3327 apud
554 3242 630 3309 illos
652 3243 911 3329 Dionysiamque
925 3242 1114 3327 episcopum
1128 3243 1163 3310 in
1178 3243 1251 3310 libri
1274 3243 1346 3328 Περὶ
1360 3243 1476 3329 φύσεως

107 3342 196 3430 [llus
221 3346 260 3411 P.
276 3344 313 3410 Ε.
337 3345 415 3411 XIV
438 3342 490 3432 23]
513 3351 666 3429 excerpto
688 3345 893 3411 Democritus
920 3365 993 3410 cum
1015 3343 1189 3412 Heraclide
1215 3344 1404 3412 coniunctus
1426 3345 1477 3430 sit,

108 3445 290 3514 Clementis
321 3467 431 3514 errore
452 3447 660 3515 Democritea
687 3447 776 3514 idola
802 3465 887 3531 quae
909 3467 951 3514 ex
973 3447 1130 3514 (licerone
1151 3446 1325 3514 immiscuit
1346 3453 1479 3531 propter

109 3549 267 3615 viciniam
282 3548 316 3614 in
327 3549 532 3616 Platonicum
546 3551 705 3616 manslata
720 3569 793 3616 esse
807 3548 963 3634 suspicor.
985 3547 1103 3614 Zelleri
1118 3547 1248 3632 quidem
1265 3547 1479 3632 patrocinium

108 3651 212 3734 [111⁸
235 3673 268 3737 p.
284 3651 348 3718 889
356 3651 381 3734 ι]
403 3671 520 3720 vereor
542 3671 584 3720 ne
605 3651 730 3718 irritum
751 3651 794 3718 sit
815 3650 849 3718 in
873 3671 911 3718 eo
934 3650 1091 3735 scriptore
1114 3648 1169 3733 qui
1190 3669 1316 3716 summa
1330 3650 1479 3718 socordia

109 3761 269 3840 excerpta
290 3774 351 3822 sua
373 3753 509 3822 miscere
531 3759 564 3820 et
585 3753 629 3820 ad
650 3774 742 3822 suam
764 3753 931 3820 libidinem
946 3751 1119 3820 deflectere
1134 3753 1249 3820 soleat.
1278 3753 1338 3821 sed
1353 3759 1424 3820 utut
1438 3754 1480 3820 de

108 3855 287 3924 Heraclide
309 3855 486 3942 cogitabis,
516 3855 559 3924 de
580 3856 702 3942 duplici
724 3855 848 3940 origine
869 3875 936 3922 non
957 3853 1077 3940 poterit
1098 3853 1250 3923 dubitari.
1293 3857 1378 3926 alter
1399 3856 1481 3924 liber

183 4047 191 4078 ¹
211 4049 400 4112 Forschungen
417 4065 443 4114 p.
455 4045 516 4099 319.
557 4045 689 4099 Vielmebr
711 4061 783 4098 macr
806 4059 836 4097 er
857 4045 928 4098 naeb
947 4043 995 4096 der
1014 4043 1065 4096 Art
1083 4059 1117 4096 aa
1134 4044 1287 4109 scbtiessan,
1313 4046 1361 4099 wic
1385 4061 1413 4098 cr
1437 4046 1482 4098 dic

113 4131 223 4187 &atter
242 4131 380 4203 aestuabit
397 4131 457 4185 und
474 4132 527 4185 den
545 4131 664 4186 ebernen
677 4129 796 4185 Hinemet
808 4139 1033 4195 teramnensem,
1052 4129 1182 4184 mittetbcr
1201 4131 1287 4186 daret
1304 4133 1356 4186 den
1373 4119 1482 4186 Roemcr·

110 4221 193 4276 selbot
211 4221 352 4290 anpcimt
369 4219 479 4273 worden
496 4219 563 4272 rain.

182 4305 196 4338 ¹
214 4309 282 4360 haec
300 4310 410 4361 redeunt
428 4307 523 4360 Strom.
537 4311 563 4360 V
577 4308 609 4361 14
628 4327 654 4376 p.
666 4305 718 4361 700
727 4311 759 4360 P.
779 4310 925 4360 accuratius
944 4307 1047 4358 exculta
1063 4322 1096 4358 ea
1114 4308 1232 4359 doctriua
1249 4315 1356 4374 apparet
1373 4309 1482 4372 primum

109 4397 180 4460 apud
199 4397 323 4449 Ocellam
341 4397 370 4447 11
388 4393 422 4448 92
440 4393 537 4459 [Zeller
554 4392 731 4460 1112,117⁸]
750 4403 803 4446 tum
821 4397 892 4462 apud
909 4396 1017 4446 Aetium
1034 4395 1062 4446 11
1080 4393 1097 4446 4
1115 4403 1139 4443 ln
1157 4403 1183 4446 et
1200 4396 1228 4446 11
1246 4394 1263 4448 ‘i
1282 4403 1301 4446 t.
1330 4396 1370 4446 his
1389 4397 1483 4446 simitia

110 4483 220 4534 uacum
242 4485 295 4534 iam
319 4483 464 4534 Alexandri
486 4483 659 4548 Polyhietorie
679 4482 838 4548 Pythagorei
860 4497 902 4548 ap.
921 4483 1009 4534 Laert.
1027 4483 1094 4533 VIII
1113 4479 1146 4534 95
1165 4483 1196 4534 et
1217 4481 1324 4546 [Arist]
1346 4483 1378 4534 de
1396 4483 1483 4534 mund.

109 4585 135 4634 p.
148 4567 226 4622 392·
241 4567 284 4624 30.
312 4571 374 4622 iude
387 4571 527 4622 Christiani
539 4569 731 4634 providentiam
748 4586 782 4620 ex
794 4569 890 4620 mundo
909 4569 1042 4620 sublunari
1061 4571 1191 4622 exclusam
1210 4569 1344 4622 itentidem
1361 4571 1484 4632 referunt,

109 4667 217 4721 praeter
244 4658 403 4709 Clementem
426 4653 560 4706 'Pariani
578 4673 603 4722 p.
619 4655 731 4709 loono.
755 4657 861 4723 Origen.
886 4659 912 4706 in
935 4658 1011 4722 epist.
1035 4657 1068 4707 ad
1090 4653 1265 4718 uom.3<1v
1281 4674 1307 4722 p.
1320 4653 1423 4710 503111
1443 4658 1484 4708 ed.

80 4773 85 4782 ·
111 4743 142 4794 de
162 4745 191 4794 la
209 4744 269 4795 Rue
285 4747 361 4796 Paris
383 4741 460 4804 1759)
479 4743 577 4794 Huseb.
590 4745 622 4796 P.
637 4745 670 4796 E.
683 4745 735 4796 XV
754 4742 770 4796 5
789 4753 808 4794 1.
837 4743 942 4809 Hippoi.
961 4743 1015 4794 VII
1037 4743 1068 4798 19
1087 4761 1111 4810 p·
1125 4741 1186 4805 325,
1200 4739 1234 4794 25
1254 4743 1370 4808 Gotting.
1397 4745 1485 4795 Theo·

111 4831 198 4882 deret.
220 4845 259 4894 gr.
278 4831 322 4881 etl.
340 4847 393 4882 cnr.
404 4831 431 4881 V
449 4829 492 4882 47.
514 4831 644 4897 Epiphan.
663 4831 741 4882 cm
759 4829 811 4885 496
831 4827 1021 4896 0eh1.[1087]
1040 4839 1066 4882 et
1084 4832 1149 4882 alias
1168 4831 1199 4880 ci.
1219 4831 1253 4880 A.
1271 4830 1342 4882 Jahn
1360 4831 1441 4896 symb.
1460 4834 1486 4882 in

110 4919 250 4984 Epiphan.
263 4919 328 4969 Pan.
340 4915 459 4981 [Oehleri
477 4918 608 4984 Eptphan.
627 4925 645 4968 t.
655 4919 694 4969 IV
712 4935 738 4984 p.
751 4915 801 4970 108
813 4925 839 4968 et
853 4915 915 4980 109]
935 4917 1043 4983 angor.
1055 4920 1121 4970 Nec.
1134 4917 1242 4969 XXVII
1259 4933 1284 4982 p.
1298 4914 1351 4968 495
1361 4919 1395 4968 A.
1414 4919 1487 4970 Hliaa

110 5004 184 5056 Cret.
205 5003 250 5054 ed
269 5005 348 5055 Jahn.
376 5005 458 5070 Migo.
476 5005 569 5071 patrol.
588 5021 625 5071 gr.
644 5013 662 5055 t.
681 5005 800 5056 XXXVI
820 5021 845 5070 p.
859 5003 920 5058 765.

1230 5083 1284 5152 9*
