3710 5730
688 404 964 458 rnonnsorrnua
1467 401 1509 470 49

142 574 295 657 frequens
310 571 392 658 (noti
408 578 483 636 sunt
494 572 579 637 Aetli
595 572 781 639 haereticus
797 580 829 639 et
844 574 989 639 medicus
1004 579 1037 639 et
1051 573 1174 639 amicus
1185 574 1301 640 Isidori
1313 574 1508 659 Pelusiotae,

142 677 199 741 alii
215 696 267 759 ap.
280 673 408 740 Fabric.
418 673 467 738 IX
482 673 605 760 24311.)
621 682 719 742 antea
734 683 785 741 est
799 675 1005 741 rarissimum.
1029 675 1092 740 hoc
1102 675 1230 741 uisuros
1245 696 1317 742 csse
1332 677 1441 743 divino
1453 698 1511 743 eos

142 777 198 860 qui
220 777 384 842 hominem
406 796 527 842 novum
550 796 591 842 ex
614 777 804 860 scriptorum
832 797 1020 860 graecorum
1043 784 1157 843 senatu
1181 779 1414 845 excludendum
1438 800 1510 846 esse

142 885 309 946 censeant.
338 879 549 960 quamobrem
568 885 698 962 praetor
716 878 845 944 Actium
861 879 1111 946 lbocueniorum
1130 879 1271 964 priscum
1290 901 1400 964 regem
1416 883 1511 964 [Pau-

142 1001 212 1046 san.
230 981 323 1045 1130
340 982 371 1063 8]
392 1001 490 1046 unum
512 980 647 1046 afferam
669 981 847 1063 proximum
871 981 901 1047 ei
923 983 1034 1066 aetati,
1057 1003 1122 1064 qua
1148 982 1272 1048 Placita
1295 985 1416 1068 scripta
1437 1003 1510 1050 esse

143 1089 261 1167 postea
274 1082 407 1148 docebo.
439 1087 555 1146 octavo
571 1081 656 1147 enim
672 1084 802 1148 sacculo
817 1103 919 1149 auc.
936 1081 1043 1150 floruit
1054 1081 1167 1148 Attius
1182 1084 1302 1169 rhetor,
1317 1085 1368 1150 cui
1384 1092 1509 1151 mortuo

143 1184 307 1267 elogium¹
332 1183 460 1268 scripsit
481 1181 650 1266 Philippus
666 1183 966 1252 Thessalonicensis
989 1185 1043 1268 qul
1065 1191 1140 1268 post
1158 1186 1348 1272 Augustum,
1372 1187 1511 1254 fortasse

144 1286 244 1352 etiam
262 1287 322 1352 sub
337 1286 483 1369 Augusto
503 1285 670 1369 scripsisse
684 1285 752 1350 veri
776 1287 922 1354 similiter
937 1287 1088 1353 creditur.
1122 1307 1199 1352 nam
1213 1289 1383 1374 Philippus
1398 1291 1511 1356 antho

144 1390 266 1472 logiam
292 1389 424 1471 collegit
450 1407 515 1470 qua
537 1387 756 1469 Meleagream
784 1390 984 1456 continuavit
1007 1395 1186 1474 poetasque
1207 1409 1228 1456 a
1250 1391 1441 1458 Philodemo
1467 1391 1511 1457 ad

143 1491 416 1558 Automedontem
428 1490 559 1556 Nervae
570 1491 741 1572 aequalem
754 1492 998 1576 comprehendit
1009 1491 1062 1576 [cf.
1074 1491 1214 1557 Iacobsii
1225 1493 1322 1558 Anth.
1334 1493 1510 1576 XHI934].

144 1613 223 1677 ergo
248 1591 428 1659 inauditum
454 1593 511 1658 illa
538 1597 647 1676 aetate
669 1611 788 1658 nomen
810 1593 896 1658 Aetli
922 1615 987 1660 non
1017 1601 1082 1679 est,
1113 1593 1171 1659 sed
1198 1593 1372 1662 obscurius
1406 1615 1511 1679 neque

145 1697 279 1780 scriptio
309 1701 380 1766 sola
406 1694 575 1778 diligentia
600 1689 825 1761 commendata
853 1696 994 1762 auctoris
1023 1715 1142 1762 nomen
1171 1696 1343 1764 nobilitare
1372 1703 1510 1783 poterat.

140 1785 318 1882 'praeterea
338 1797 556 1864 Plutarcheae
577 1797 736 1881 epitomes
758 1798 913 1864 ementita
934 1798 1109 1864 auctoritas
1131 1797 1215 1864 adeo
1230 1800 1325 1867 Aetio
1348 1802 1455 1868 offecit
1476 1810 1512 1868 ut

145 1901 333 1985 pancissimi
359 1921 433 1967 eum
460 1899 597 1966 adirent.
640 1919 717 1964 nam
743 1905 874 1984 practer
896 1899 1072 1967 Stobacum
1101 1906 1134 1966 et
1162 1901 1402 1968 Theodoretum
1429 1925 1511 1970 unus

146 2003 320 2070 Nemeeius
338 2023 379 2069 ex
402 2003 524 2070 maiore
546 2001 603 2068 illo
626 2002 707 2068 libro
730 2001 860 2069 haurire
882 2003 1005 2069 maluit.

233 2105 436 2172 Nemeeius
465 2107 644 2171 Emescnus
675 2104 710 2169 in
736 2104 914 2172 Phoenicia
944 2106 1117 2191 episcopus
1148 2106 1203 2190 qui
1235 2110 1365 2204 saeculo
1397 2117 1511 2194 quarto

146 2215 288 2274 exeunte
315 2207 415 2274 luisse
443 2205 584 2274 creditur
611 2205 728 2272 librum
758 2227 851 2272 suum
873 2207 914 2274 de
935 2215 1054 2276 natura
1076 2207 1215 2274 hominis
1245 2210 1369 2276 subacti
1390 2211 1512 2294 ingenii

147 2309 325 2392 variaeque
352 2308 501 2375 lectionis
523 2315 640 2375 testem
662 2308 809 2374 Actionis
831 2311 991 2376 coloribus
1013 2310 1206 2394 compluries
1228 2312 1365 2377 ornavit.
1402 2313 1512 2378 statim

148 2411 213 2476 ab
235 2432 267 2494 p.
283 2411 325 2476 28
345 2411 442 2475 Antv.
467 2409 509 2475 de
536 2409 647 2476 anima
669 2411 896 2477 concinnatum
917 2418 967 2477 cst
988 2432 1029 2478 ex
1050 2411 1135 2477 nerii
1157 2413 1237 2478 ivs
1260 2423 1286 2476 3.
1307 2423 1347 2476 14.
1367 2424 1391 2476 9.
1410 2421 1450 2476 σε
1473 2424 1511 2476 12.

147 2517 169 2580 2
194 2524 216 2574 1.
236 2523 253 2576 3
273 2511 403 2596 [eadem
421 2514 441 2591 ξ
460 2511 595 2578 iteratur
618 2513 704 2595 pli
723 2513 895 2579 coniuncta
917 2533 990 2578 cum
1012 2511 1078 2599 §cll
1101 2521 1125 2576 5.
1150 2525 1174 2577 6.
1200 2525 1216 2576 ‘l
1247 2533 1288 2580 ex
1306 2515 1393 2580 Aerii
1407 2516 1452 2581 IV
1472 2516 1512 2581 13

148 2628 174 2680 9.
195 2627 225 2678 ιι
250 2633 426 2698 expressae
440 2619 516 2678 sunt
530 2613 708 2698 Hipparchi
731 2621 764 2682 et
779 2615 925 2681 Platonis
940 2615 1121 2682 sententiae
1142 2635 1170 2680 ο.
1187 2617 1205 2680 l
1228 2637 1260 2700 p.
1277 2618 1328 2682 78.
1345 2617 1395 2682 79.
1429 2636 1513 2700 quae

148 2740 223 2784 cum
235 2723 472 2802 geometrarum
481 2716 612 2800 Epicuri
624 2716 805 2784 Aristotelis
816 2717 994 2784 sententias
1005 2717 1375 2800 cingantaPlacitorum
1387 2719 1514 2784 ratione

147 2841 216 2888 non
237 2819 332 2885 nimis
354 2817 543 2884 recedentes
565 2819 844 2902 operaepretium
872 2819 1015 2885 facturus
1037 2818 1115 2884 mihi
1137 2819 1252 2886 videor
1272 2820 1299 2886 si
1322 2819 1375 2884 hic
1397 2819 1512 2884 saltem

149 2940 355 3006 excerpsere,
378 2919 530 3003 quoniam
550 2919 631 3003 ipsis
646 2921 779 2986 Placitis
799 2922 943 2988 inserere
961 2919 1081 2986 nimiae
1103 2927 1189 2986 esset
1210 2921 1378 2987 audaciae.
1395 2919 1406 2954 ⁸
1439 2941 1513 3004 geo·

146 3030 326 3090 metrarum
353 3028 440 3088 certe
461 3041 580 3088 nomen
607 3020 701 3088 abest
728 3043 750 3088 a
772 3022 920 3106 Placitis,
950 3041 1035 3105 quae
1063 3021 1308 3089 mathematicos
1337 3023 1438 3090 citare
1465 3044 1514 3088 so·

146 3128 229 3193 lent.
268 3131 440 3209 praeterea
463 3123 600 3190 refertus
628 3131 678 3190 est
707 3123 789 3190 liber
818 3125 1011 3210 optimorum
1038 3123 1192 3189 librorum
1218 3126 1394 3210 excerptis,
1424 3125 1515 3192 velut

147 3227 298 3294 Galenus
319 3245 358 3292 ac
381 3224 583 3310 Porphyrius
609 3224 644 3290 in
666 3225 785 3292 vicinia
807 3226 955 3292 citantur.
1001 3243 1102 3308 quare
1124 3225 1210 3292 unde
1232 3225 1434 3310 potissimum
1456 3227 1514 3292 illa

146 3328 324 3414 sumpserit
347 3329 447 3412 plane
471 3327 629 3393 incertum
651 3333 702 3393 cst
723 3325 773 3414 [cl.
797 3329 889 3395 Alex.
905 3328 949 3394 ad
968 3327 1065 3392 Arist.
1081 3327 1112 3391 d.
1129 3345 1213 3393 aens.
1236 3349 1267 3411 p.
1284 3329 1336 3414 58,
1353 3331 1369 3394 7
1385 3325 1514 3414 ·Thur.].

227 3585 235 3616 ¹
253 3585 362 3635 Antbol.
376 3585 430 3636 vn
442 3582 494 3637 362
513 3579 638 3636 Φιλίππου
657 3579 857 3642 Θεσσαλονικέως

303 3663 404 3721 Edeta
421 3669 468 3738 τὴν
486 3668 554 3738 ἱερὴν
573 3669 686 3740 κεφαλὴν
704 3671 775 3740 σόρος
792 3669 837 3739 hbe
855 3667 975 3723 κέκευθεν

337 3752 452 3806 Ἀετίου
470 3759 582 3825 χρηστοῦ
601 3755 704 3826 ῥήτορος
723 3755 856 3826 ευπρεπέος
874 3756 1022 3826 [ἐκπρεπέος
1043 3753 1085 3822 Ρ].

300 3837 394 3894 Ἤλυθε
415 3839 434 3895 δ’
455 3841 489 3900 είς
506 3839 585 3894 Ἀίδαο
602 3841 687 3912 δέμας,
705 3843 776 3914 ψυχὴ
794 3841 814 3894 δ’
835 3843 860 3901 ές
878 3841 1000 3912 ὄλυμπον.

152 3941 279 3984 secuntur
296 3933 323 3981 in
342 3932 364 3981 P
382 3932 434 3980 duo
452 3933 601 3996 interpolati
618 3949 714 3984 versus.

227 4013 361 4067 'sedhic
379 4019 526 4069 Aristotelis
548 4022 623 4071 simul
642 4022 674 4071 dc
692 4024 780 4073 anima
797 4017 839 4070 12
856 4037 881 4086 p.
895 4016 964 4072 404⁴·
982 4017 999 4069 3
1017 4035 1115 4072 memor
1132 4020 1192 4082 luit,
1217 4021 1285 4070 unde
1304 4027 1390 4071 tamen
1408 4017 1470 4088 ἀήρ,
1495 4023 1518 4071 si

153 4105 236 4156 modo
253 4105 331 4154 lectio
351 4120 424 4166 sans,
443 4109 667 4158 translatumesse
686 4124 739 4158 non
756 4115 849 4172 potest.

225 4188 236 4222 ³
258 4208 284 4255 p.
307 4189 342 4240 78
365 4193 444 4242 Antv.
470 4191 520 4245 179
547 4194 640 4244 Matth.
677 4191 700 4244 ol
728 4191 754 4244 δέ
785 4191 959 4261 γεωμέτραι
987 4189 1086 4250 κώνους
1112 4192 1178 4251 τινὰς
1207 4191 1387 4262 ἀναγράφουσιν
1414 4192 1444 4245 έκ
1471 4196 1518 4262 τῆς

152 4273 354 4344 συνεμπτώσεως
375 4283 427 4328 τῶν
450 4275 558 4330 ἀκτίνων
576 4279 717 4348 γινομένους
743 4284 795 4330 τῶν
819 4277 1016 4346 ἐκπεμπομένων
1039 4277 1079 4330 διὰ
1100 4284 1152 4330 τῶν
1170 4277 1318 4350 ὀφθαλμῶν.
1345 4279 1450 4348 πέμπειν
1472 4279 1518 4350 γὰρ

152 4365 257 4420 ἀκτῖνας
275 4361 318 4414 τὸν
341 4363 387 4430 μέν
409 4361 485 4424 δεξιὸν
510 4361 641 4435 ὀφθαλμὸν
659 4367 700 4418 tal
717 4365 749 4418 τὰ
767 4365 881 4435 ἀριστερὰ
899 4365 940 4416 τὸν
959 4364 985 4417 δέ
1004 4364 1128 4435 ἀριστερὸν
1147 4365 1187 4419 ert
1205 4367 1237 4420 τὰ
1253 4364 1332 4430 δεξιά,
1354 4365 1403 4418 ἀπὸ
1426 4366 1452 4419 δέ
1473 4369 1520 4436 τῆς

153 4449 354 4520 συνεμπτιίισεως
372 4449 457 4504 αὐτῶν
474 4449 647 4505 ἀποτελεῖσθαι
670 4457 753 4504 κῶνον
770 4449 827 4505 ὅθεν
845 4450 909 4520 ὁμοῦ
927 4452 973 4520 μέν
991 4451 1072 4504 πολλὰ
1089 4451 1278 4523 περιλαμβάνειν
1295 4452 1373 4523 ὁρατὰ
1390 4457 1437 4523 τῆν
1454 4451 1519 4522 ὄψιν,

154 4538 256 4610 βλέπειν
273 4535 300 4589 δέ
319 4537 430 4606 ἀκριβῶς
449 4537 530 4592 έκεῖνο
549 4536 610 4592 ἔνθα
629 4537 658 4590 ἂν
677 4539 860 4607 συνεμπέσωσιν
878 4538 903 4591 αἱ
926 4541 1030 4598 ἀκτῖνες.
1054 4537 1121 4592 οὕτω
1144 4543 1202 4608 γοῦν
1220 4538 1340 4598 πολλάκις
1357 4537 1464 4610 δρῶντες
1486 4540 1521 4598 είς

152 4624 280 4696 τοῦδαφος
302 4621 351 4694 obp
373 4622 471 4696 ὁρῶμεν
493 4625 522 4678 τὸ
541 4626 566 4678 έν
585 4624 654 4696 αὐτῷ
672 4625 780 4694 νόμισμα
798 4626 910 4695 κείμενον
929 4625 1077 4686 ἀτενίζοντες
1095 4625 1135 4680 ἀπὶ
1153 4625 1279 4691 πλεῖστον,
1301 4625 1350 4686 έως
1368 4625 1397 4678 ἂν
1415 4627 1440 4678 al
1459 4642 1519 4694 συμ-

155 4711 230 4782 βολαὶ
251 4717 304 4763 τῶν
327 4711 435 4764 ἀκτίνων
458 4713 484 4765 έν
507 4711 595 4783 έκείνιρ
618 4713 737 4782 γένωνται
759 4719 795 4782 τῷ
819 4714 887 4784 μέρει
909 4711 970 4766 ἔνθα
993 4719 1072 4766 κεῖται
1094 4711 1123 4765 τὸ
1145 4711 1252 4782 νόμισμα
1274 4713 1318 4764 καὶ
1340 4713 1396 4766 τότε
1418 4720 1449 4784 τῇ
1472 4709 1521 4782 θέᾳ

153 4799 341 4872 προσπίπτομεν
360 4797 437 4850 αὑτοῦ
456 4799 491 4857 ὡς
508 4799 564 4852 τότε
582 4805 683 4868 πρῶτον
701 4797 832 4868 ἀρξάμενοι
849 4800 986 4870 προσέχειν.
1006 4828 1039 4836 -
1058 4799 1080 4852 σί
1098 4797 1125 4852 δέ
1141 4793 1346 4868 Ἐπῖικοὺρειοι
1360 4797 1451 4851 εἴδωλα
1468 4803 1521 4851 τῶν

155 4887 314 4957 φαινομένων
338 4885 497 4955 προσπίπτειν
519 4891 571 4944 τοῖς
589 4883 736 4955 ὀφθαλμοῖς.
755 4914 787 4924 -
806 4883 1023 4956 Ἀριστοτέλης
1046 4885 1072 4939 δέ
1095 4884 1142 4937 elta
1166 4883 1269 4937 εἴδωλον
1292 4883 1435 4952 σωματικὸν
1458 4881 1521 4937 ἀλλὰ

155 4975 279 5046 ποιότητα
297 4970 326 5026 δι’
348 4971 507 5032 ἀλλοιώσεως
524 4977 570 5026 τοῦ
588 4971 657 5041 πέριξ
676 4973 747 5041 ἀέρος
765 4972 814 5026 ἀπὸ
831 4979 883 5026 τῶν
901 4972 999 5058 ὁρατιρν
1019 4973 1077 5044 ἄχρι
1094 4975 1140 5024 τοῦ
1158 4971 1241 5041 ὄψεως
1258 4967 1446 5042 παραγενέσθαι.

208 5089 304 5140 Diels,
324 5087 468 5137 boxograpui
486 5087 567 5135 uraccl.
1300 5057 1322 5120 4
