3756 5736
740 413 1016 464 rnouacounus
1491 405 1553 470 203

191 591 344 652 rationem
366 589 399 650 in
422 586 524 665 capite
545 586 625 648 sicta
646 586 680 646 in
702 603 776 647 aree
795 585 900 664 posuit
922 592 951 645 et
973 583 1053 646 duas
1069 589 1177 662 partes
1192 583 1221 642 ei
1235 598 1349 661 parere
1363 580 1460 642 coluit
1475 581 1556 640 aare

192 701 223 755 et
250 689 450 771 cupiditatem
477 705 555 767 anas
583 687 659 750 loeis
687 688 753 750 suis
780 688 862 749 irum
885 687 919 748 in
947 695 1072 765 pectore
1098 684 1298 764 cupiditatem
1326 681 1430 745 subter
1458 699 1556 762 prae-

193 794 305 857 cordio
327 791 452 856 locauit.

238 900 271 954 tl
308 891 573 958 Dicaearchus
597 899 699 954 nutem
719 893 752 953 in
775 911 811 954 eo
833 911 973 955 sermone
989 937 997 953 .
1014 935 1021 950 .
1040 935 1047 950 .
1064 885 1096 974 [a
1118 888 1275 954 Cicerone
1297 907 1316 953 e
1338 905 1397 952 sue
1419 884 1558 951 lectione

192 991 329 1080 inserta]

240 1085 470 1160 Aristoteles
494 1097 582 1176 lonpe
604 1095 745 1158 omuibus
773 1131 814 1142 -
842 1095 1002 1160 Platonem
1030 1115 1150 1176 seraper
1176 1097 1299 1175 eucipio
1324 1131 1365 1140 —-
1392 1101 1559 1174 praestans

195 1208 227 1263 et
247 1202 369 1281 inpenio
392 1209 421 1262 et
444 1199 605 1279 dilipentio
638 1217 707 1260 mon
729 1207 874 1280 quattuor
904 1208 979 1261 nota
1005 1201 1062 1262 illa
1090 1216 1204 1279 ponera
1228 1199 1455 1277 principiorum
1482 1203 1560 1256 esset

196 1303 375 1384 complemus
390 1301 531 1382 e'qnibus
553 1301 658 1362 omnio
680 1310 843 1363 orerentur
865 1304 1002 1382 quintam
1024 1301 1181 1383 mandam
1204 1309 1349 1361 naturam
1372 1308 1471 1360 censet
1494 1316 1561 1359 esse

197 1427 216 1468 e
237 1425 299 1487 qna
320 1408 362 1468 sit
382 1423 476 1466 mens.
516 1404 652 1484 capitose
674 1405 753 1465 enim
776 1413 804 1466 et
825 1405 991 1484 prouidere
1012 1414 1041 1466 et
1063 1404 1182 1466 discere
1201 1411 1229 1465 et
1248 1403 1359 1465 docere
1381 1410 1410 1463 et
1424 1402 1562 1463 invenire

198 1508 319 1588 aliquid
341 1517 369 1569 et
392 1516 454 1570 tam
474 1507 572 1568 multa
598 1505 665 1567 alia
684 1508 857 1570 meminisse
873 1525 980 1570 ornare
994 1507 1097 1570 odisse
1112 1525 1224 1587 cupere
1238 1508 1344 1569 timere
1360 1506 1433 1586 aopi
1448 1505 1561 1566 laetari

196 1612 274 1674 baec
298 1619 325 1672 et
346 1609 464 1672 similia
484 1627 591 1670 eornm
613 1609 647 1670 in
668 1609 777 1671 borum
799 1617 945 1691 quattuor
965 1629 1110 1690 penarum
1124 1611 1225 1672 inesse
1239 1609 1324 1672 nullo
1338 1617 1445 1690 putot:
1467 1609 1561 1688 qnin-

197 1721 261 1774 tum
280 1731 376 1793 penses
398 1711 521 1774 adbibet
542 1729 661 1774 cacans
686 1713 808 1774 nomine
830 1715 924 1774 etsie
944 1714 1045 1793 ipsam
1068 1713 1203 1774 animum
1218 1712 1399 1797 ἐνδελέχειαν
1422 1710 1561 1790 appellat

199 1834 280 1878 nooo
302 1817 424 1878 nemim
446 1816 537 1896 quasi
559 1815 717 1895 quandam
739 1816 951 1878 continuatam
972 1816 1136 1877 motionem
1158 1823 1187 1877 et
1207 1835 1380 1896 perennem.

285 1919 341 1980 XI.
387 1919 450 1982 nisi
472 1935 552 1998 qnae
572 1935 620 1979 me
641 1918 724 1997 sorte
744 1918 867 1998 sopiant
888 1920 964 1980 boec
984 1926 1056 1982 sura
1076 1918 1144 1998 fere
1166 1919 1204 1980 de
1226 1922 1330 1982 animo
1352 1920 1529 1982 sententiae.

242 2021 497 2082 Democritum
520 2020 599 2082 enim
630 2039 772 2101 mapnnm
793 2023 880 2084 illum
908 2022 1030 2102 qnidam
1056 2022 1156 2082 uirum
1180 2022 1237 2083 sed
1263 2022 1379 2084 lenibus
1402 2033 1429 2084 et
1449 2031 1562 2083 rotun-

199 2123 251 2185 dis
279 2123 475 2204 corpusculis
504 2123 684 2203 efficientem
713 2125 849 2186 animam
876 2143 1028 2186 concursu
1056 2123 1190 2205 quodam
1218 2126 1350 2204 fortuito
1380 2127 1561 2188 omittamus.

200 2225 279 2287 nilril
299 2233 344 2288 est
367 2227 447 2288 enim
468 2226 554 2307 apud
575 2228 652 2289 istos
674 2227 757 2308 meod
779 2245 842 2288 non
865 2236 1036 2290 atomorum
1059 2225 1150 2288 turbo
1172 2229 1327 2307 conficiat.

286 2326 447 2392 Eximiam
470 2325 555 2391 hano
580 2326 768 2411 opinionum
789 2327 934 2392 tabulam
956 2347 1022 2394 non
1045 2326 1116 2411 ipse
1138 2328 1319 2412 composuit
1341 2327 1463 2394 Cicero.
1487 2347 1563 2392 nam

200 2429 235 2494 in
265 2428 357 2495 istius
383 2427 483 2494 libros
513 2448 585 2494 cum
614 2429 754 2496 maxime
777 2430 933 2496 Varronis
954 2430 1107 2513 querelae
1129 2430 1257 2496 eadunt.
1301 2430 1411 2513 itaque
1433 2437 1564 2515 praeter

200 2531 438 2598 Dicaearchum
470 2533 602 2596 deliciae
635 2551 712 2596 seras
737 2531 863 2615 reliqua
888 2533 922 2599 in
949 2533 1059 2599 alieno
1088 2552 1167 2616 agro
1194 2531 1340 2616 invenit,
1373 2531 1563 2618 praesertim

202 2654 244 2701 ea
276 2653 361 2717 quae
386 2633 569 2700 nominibus
603 2633 730 2700 omissis
759 2635 849 2700 velut
875 2635 984 2700 furtim
1016 2634 1183 2700 strinxit.¹
1230 2634 1350 2700 etenim
1377 2635 1562 2719 opinionum

200 2738 397 2804 minearum
418 2735 588 2801 ieiunitate
611 2737 752 2802 lecturos
774 2756 816 2802 ne
838 2737 1031 2803 obtunderet
1052 2736 1233 2802 verebatur.
1276 2737 1317 2802 de
1340 2737 1419 2822 ipsis
1443 2736 1563 2820 opinio-

201 2841 298 2906 nibus
320 2845 468 2924 poteram
490 2837 537 2902 uti
558 2839 649 2904 soleo
667 2845 847 2904 ceterorum
862 2839 1088 2905 similitudines
1103 2838 1271 2924 adnotare,
1295 2841 1381 2922 quod
1404 2839 1446 2905 ab
1467 2840 1563 2904 inter-

202 2941 348 3028 pretibus
370 2961 436 3008 non
458 2940 539 3006 satis
561 2947 713 3006 accurate
733 2939 855 3006 iactum
877 2941 984 3008 video.
1019 2942 1077 3008 sed
1096 2941 1208 3007 omitto
1224 2941 1300 3024 quia
1315 2942 1453 3008 candem
1476 2939 1563 3024 apud

201 3045 399 3131 posteriores
421 3043 590 3110 matenm
619 3042 699 3109 satis
726 3063 886 3127 superque
913 3045 1108 3129 repetiturus
1134 3064 1214 3128 sum,
1241 3033 1327 3111 unde
1350 3044 1491 3128 quidde
1514 3043 1563 3108 (li-

202 3149 378 3217 ceroniano
400 3147 471 3212 loeo
493 3145 702 3211 iudicandum
732 3143 774 3209 sit
801 3145 900 3210 etiam
929 3148 1047 3213 clarius
1069 3145 1293 3231 perspicietur.
1337 3145 1564 3229 proficiscare

195 3245 466 3318 'Tertulliani’
488 3247 530 3312 de
551 3248 661 3314 anima
683 3245 766 3312 libro
790 3247 932 3314 selectae
953 3248 1143 3315 eruditionis
1165 3248 1362 3332 plenissimo.

245 3373 273 3420 ο.
285 3352 775 3434 15....atneqaeectrinsecns
787 3353 859 3431 api-
883 3345 886 3433 l
957 3352 1046 3416 Pluc.
1067 3352 1112 3418 IV
1132 3351 1152 3415 3
1174 3360 1206 3411 12
1256 3349 1475 3435 Ἡράκλειτος
1513 3351 1565 3432 τὴν

204 3460 266 3522 tari
286 3465 375 3537 palca
395 3456 572 3536 principale
593 3455 678 3517 islad
691 3455 859 3517 secandum
883 3469 885 3501 t
911 3455 963 3536 μὲν
985 3459 1036 3517 τοῦ
1058 3454 1169 3534 κόσμου
1191 3456 1289 3538 ψυχήν
1310 3477 1318 3494 ·
1344 3496 1351 3512 .
1374 3500 1382 3516 .
1406 3455 1457 3536 τὴν
1480 3453 1513 3514 δὲ
1535 3453 1565 3514 ἐν

204 3560 442 3624 Heraclitum
883 3548 885 3561 ⁴
910 3560 969 3625 τοῖς
1001 3551 1088 3640 ζῴοις
1115 3557 1173 3618 ἀπὸ
1200 3561 1252 3639 τῆς
1278 3557 1360 3625 ἐκτὸς
1389 3556 1437 3618 καὶ
1460 3559 1512 3636 τῆς
1535 3555 1564 3616 ἐν

247 3682 343 3744 neque
368 3681 427 3742 per
457 3669 550 3722 totum
579 3677 693 3739 corpus
714 3662 860 3722 ventilari
910 3659 1007 3728 αὐτοῖς
1030 3659 1253 3740 ἀναθυμιάσεως
1276 3661 1400 3741 ὁμογενῆ

204 3767 370 3832 secundum
391 3763 644 3827 iterationem

247 3889 344 3952 neque
361 3871 395 3931 in
413 3869 515 3948 capite
530 3865 674 3928 concludi
691 3867 860 3928 secundum
954 3863 1034 3928 [Vb
1055 3873 1068 3924 1
1104 3864 1250 3928 Πλάτων
1269 3863 1493 3947 applicueris
1510 3862 1565 3944 ὅλῃ

204 3974 399 4036 Platonem
911 3974 948 4049 τῇ
972 3970 1086 4053 κεφαλῇ
1111 3963 1298 4052 [Platorem]

247 4095 344 4158 nepte
366 4074 534 4136 incuriae
555 4074 660 4152 potius
679 4074 860 4153 praesidere

204 4179 370 4242 meandum
394 4177 635 4239 Xenocratem

248 4301 345 4363 aeque
366 4283 399 4342 in
422 4278 860 4341 cerebromtbaresecamdum
954 4275 1065 4340 IVbl
1096 4273 1325 4358 Ἱπποκράτης
1348 4317 1356 4334 .
1378 4314 1386 4329 ·
1407 4319 1415 4334 .
1438 4272 1468 4334 ἐν
1491 4272 1568 4354 ἐγκε-

205 4385 474 4465 Hippocratem
911 4379 998 4462 φαλιρ
1019 4381 1104 4440 τοῦτο
1127 4377 1262 4461 ἱδρῦσθαι
1284 4373 1506 4456 [Theodorou]

247 4489 303 4549 sed
318 4506 373 4550 nee
388 4487 476 4548 circa
494 4485 613 4547 cerebri
626 4485 860 4563 [undamentum
884 4504 886 4589 ρ
954 4479 999 4543 IV
1014 4481 1070 4543 54
1096 4479 1283 4564 Ἡρόφιλος
1306 4479 1335 4541 ἐν
1358 4482 1395 4559 τῇ
1419 4481 1470 4540 τοῦ
1491 4478 1567 4559 ἐγκε-

206 4599 239 4651 ul
261 4589 486 4669 Heropbilus
884 4618 886 4662 ι
911 4583 1005 4665 palea
1028 4583 1122 4666 κοιλίᾳ
1144 4585 1206 4666 ἥτις
1229 4582 1289 4645 ἐστὶ
1312 4581 1360 4643 nul
1383 4580 1464 4662 βάσις

212 4704 429 4794 —T‘chllSe-xt.
440 4703 508 4794 adv..
520 4703 647 4794 ‘sn—athem.
667 4745 720 4794 VII
738 4741 798 4794 313.
822 4743 881 4792 vide
900 4743 968 4791 intra
986 4758 1010 4805 p.
1024 4737 1083 4792 209.

279 4829 289 4862 ²
309 4833 341 4882 cl.
359 4831 667 4882 Tarsumennum.
684 4827 722 4880 15.
742 4828 790 4878 sed
808 4828 859 4878 etsi
876 4827 906 4877 in
924 4828 1028 4878 cerebrm
1047 4827 1089 4877 uel
1106 4827 1135 4877 ia
1154 4826 1239 4877 medic
1257 4822 1458 4891 superciliorum
1477 4821 1569 4872 discri-

206 4918 273 4968 na'tre
290 4917 334 4968 cel
351 4917 443 4968 aliubi
457 4915 620 4982 pbilosophis
645 4915 728 4981 placet
744 4915 933 4980 principalitas
951 4930 1075 4966 sensuam
1099 4922 1252 4966 consecrata
1270 4921 1308 4962 est
1331 4909 1401 4978 qaod
1423 4907 1570 4978 ἡγεμονικόν

207 5005 371 5078 appellatur,
391 5021 454 5058 earo
472 5007 523 5059 erit
542 5019 619 5058 amne
637 5003 741 5054 animae
759 5002 947 5070 reparturiens.
