3648 5736
360 384 425 449 630
765 385 902 437 ειυιιιιι
921 385 1061 436 fflsron.
1079 383 1218 437 remos.
1231 383 1272 436 ισ.
1286 383 1320 438 te

412 554 494 618 ἄλλοι
530 555 563 618 δὲ
598 555 754 618 ἀνάκλασιν
795 557 848 637 τῆς
882 554 1025 639 ἡμετέρας
1056 553 1151 640 ὅψεως
1179 555 1252 640 πρὸς
1280 555 1330 618 τὸν
1360 556 1442 639 ῆλιον
1472 557 1665 640 παραπλησίαν

411 661 475 727 ταῖς
508 661 710 742 κατοπτρικαῖς
742 656 911 740 ἐμφάσεσιν.
958 654 1188 742 Ἀναξαγόρας
1221 657 1270 722 καί
1303 657 1521 743 Δημόκριτος
1558 659 1666 723 σόνοόον

412 759 541 843 ἀστέρων
564 761 643 823 δυοῖν
665 760 685 844 ἢ
708 761 757 825 καί
780 759 920 825 πλειόνων
943 757 1018 823 κατὰ
1039 759 1250 845 συναυγασμόν.
1290 757 1538 846 Ἀριστοτέλης
1564 763 1598 826 δέ
1621 768 1667 845 τῆς

411 862 499 948 ξηρᾶς
514 862 547 926 ἐκ
561 866 613 946 τῆς
627 866 681 946 γῆς
696 863 919 946 ἀναθυμιάσεως
934 863 982 926 διὰ
996 863 1049 946 τῆν
1064 861 1193 948 ἔμπυρον
1208 861 1347 926 ἐπίτασιν.
1381 862 1546 948 Στράτων
1568 865 1665 948 ἄστρον

411 969 476 1050 φῶς
513 965 768 1048 [πεπληρωμένον]
806 964 985 1050 περιληφθὲν
1021 969 1104 1050 ψυχῇ
1140 987 1203 1028 τινι.
1263 965 1430 1050 Διογένης
1467 971 1589 1050 σημεῖον
1623 965 1689 1029 ἐπὶν

411 1063 584 1152 τοῦψσημ”
609 1067 778 1152 ἐπισφαλῶς
805 1089 880 1138 τινος
902 1066 974 1131 εῖναι
1000 1067 1067 1136 τοὺς
1092 1068 1232 1150 κομήτας.
1272 1065 1505 1153 Ἀναξαγόρας
1533 1069 1601 1138 τοὺς
1627 1092 1669 1131 ιια-

412 1171 570 1254 λουμένους
592 1167 729 1255 ᾄττοντας
751 1170 810 1234 ἀπὸ
832 1174 884 1234 τοῦ
906 1169 1036 1254 αἰθερίου
1059 1170 1148 1254 πυρὸς
1171 1171 1329 1256 σπινθῆρος
1352 1171 1435 1256 δίκην
1460 1171 1668 1256 καταφέρεσθαι

415 1275 464 1338 καί
494 1274 657 1360 παραυτίκα
684 1273 866 1358 σβέννυσθαι.
919 1272 1155 1358 Μητρόδωρος
1187 1275 1240 1359 τὴν
1268 1273 1310 1344 είς
1340 1274 1377 1338 τὰ
1406 1275 1480 1359 νέφη
1510 1279 1564 1337 τοῦ
1594 1273 1669 1358 ἡλίου

363 1396 398 1434 νει
411 1374 559 1462 ἔμπτωσιν
582 1380 622 1447 ῶς
645 1377 728 1462 βέλος
744 1379 883 1448 πολλάκις
898 1376 1105 1460 σπινθηρίζειν.
1148 1373 1360 1462 Ξενοφάίνης
1381 1377 1418 1440 τὰ
1439 1380 1560 1442 τοιαῦτα
1580 1379 1668 1460 νεφῶν

417 1479 633 1564 πεπυρωμένων
656 1479 791 1564 σύστημα
813 1479 832 1563 ῆ
856 1479 963 1563 κίνημα
984 1477 1067 1542 εἶναι.
1316 1529 1317 1532 ,
1682 1497 1699 1536 ιι

508 1795 549 1859 76
586 1789 671 1875 Περὶ
695 1793 852 1876 βροντῶν
874 1791 931 1855 καὶ
954 1791 1149 1874 ἀστραπῶν.
1187 1798 1586 1866 [ΡιυιΙΗδι.ι.ιιιιιι.ισ]

497 1976 770 2062 Ἀναξίμανδρος
800 1977 834 2042 ἐκ
863 1981 915 2042 τοῦ
941 1977 1102 2060 πνεύματος
1132 1977 1279 2057 ὑπιόντας,
1304 1979 1373 2043 όταν
1401 1980 1581 2064 περιληφθὲν
1601 1977 1671 2060 νέφει

418 2085 510 2167 παχεῖ
531 2080 700 2166 βιαζόμενον
723 2081 835 2164 ἐκπέση
857 2085 896 2163 τῆ
918 2077 1109 2164 λεπτομερείᾳ
1131 2081 1179 2144 καί
1201 2077 1370 2164 κουφότητι,
1390 2081 1457 2146 τότε
1479 2083 1498 2165 tp
1523 2081 1576 2164 μέν
1602 2077 1671 2164 ῥῆξις

416 2184 465 2246 τὸν
488 2181 582 2268 ψόφον
605 2184 756 2262 ἀποτελεῖ,
786 2184 805 2266 ῆ
829 2184 862 2246 δὲ
885 2184 1022 2268 διαστολὴ
1046 2184 1181 2265 μελανίαν
1203 2187 1255 2246 τοῦ
1277 2183 1391 2268 νέφους.
1434 2182 1671 2269 Μητρόδωρος

420 2285 488 2348 όταν
511 2285 552 2355 είς
574 2285 660 2370 νέφος
681 2285 812 2369 πεπηγὸς
834 2285 891 2348 ὑπὸ
914 2287 1091 2371 πυκνότητος
1114 2286 1230 2370 ἐμπέσῃ
1260 2291 1388 2371 πνεῦμα,
1417 2293 1455 2370 τῆ
1483 2288 1537 2370 μὲν
1560 2284 1701 2370 θραόσειυ

416 2387 466 2449 τὸν
489 2388 596 2451 κτόπον
619 2392 711 2465 ποιεῖ,
733 2393 771 2470 τῇ
794 2389 827 2452 δὲ
848 2390 947 2472 πληγῇ
970 2390 1018 2452 καί
1040 2395 1083 2475 τῷ
1112 2394 1231 2474 σχισμῷ
1254 2390 1416 2472 διαυγάζει,
1445 2395 1484 2474 τῇ
1511 2388 1538 2454 δ’
1567 2386 1668 2466 eterne

417 2494 469 2572 τῆς
491 2495 583 2575 φοραῖς
605 2492 827 2576 προσλαμβάνον
848 2491 901 2576 τὴν
923 2493 982 2556 ἀπὸ
1005 2497 1056 2556 τοῦ
1079 2491 1163 2576 ῆλίου
1187 2489 1354 2576 θερμότητα
1380 2493 1593 2577 κεραυνοβολεῖ.
1626 2491 1670 2551 τοῦ

421 2593 454 2655 δέ
484 2598 623 2676 κεραυνοῦ
650 2595 703 2676 τὴν
730 2593 882 2657 ἀσθένειαν
909 2593 949 2662 είς
977 2599 1130 2679 πρηστῆρα
1159 2593 1346 2678 περιίστησιν.
1386 2593 1618 2680 ’Ἀναξαγόρας
1644 2591 1671 2653 δὲ

422 2694 490 2758 όταν
513 2695 547 2757 τὸ
571 2695 680 2780 θερμὸν
702 2696 743 2765 είς
765 2695 877 2780 ψυχρὸν
905 2695 1021 2780 ἐμπέση
1049 2695 1148 2781 (τοῦτο
1174 2698 1207 2760 δέ
1236 2698 1312 2762 ἐστιν
1339 2697 1468 2784 αἰθέριον
1496 2697 1585 2782 μέρος
1609 2691 1668 2777 (είς)

366 2793 571 2882 ιειάερῶδες),
612 2804 654 2884 τῷ
696 2799 748 2880 μέν
793 2797 876 2883 ζόφιρ
913 2799 1050 2880 μελανίαν
1091 2801 1239 2880 ἀποτελεῖ,
1274 2805 1316 2887 τῷ
1348 2797 1353 2888 ψ
1382 2801 1415 2864 δέ
1454 2802 1590 2886 χρῶματι
1625 2797 1699 2858 τοῖν

417 2901 564 2984 νεφώδους
586 2901 638 2985 τῆν
667 2902 832 2986 ἀστραπήν,
861 2906 904 2987 τῷ
928 2903 961 2965 δὲ
983 2901 1091 2986 πλῆθει
1113 2906 1165 2966 τοῦ
1190 2904 1287 2986 φωτὸς
1317 2905 1367 2968 τὸν
1392 2902 1549 2988 κεραυνόν,
1576 2905 1617 2986 τῷ
1644 2897 1671 2959 δὲ

417 3003 699 3088 πολυσωματωτέρῳ
729 3003 797 3087 πυρί
825 3003 875 3066 τὸν
904 3007 1039 3088 τυφῶνα,
1068 3009 1110 3088 τῷ
1142 3005 1175 3067 δέ
1204 3007 1327 3090 νεφῶδει
1357 3007 1406 3070 τὸν
1435 3011 1598 3090 πρηστῆρα.
1638 2998 1670 3065 θί

418 3105 572 3169 Στωικοί
596 3107 716 3191 βροντὴν
740 3106 792 3188 μὲν
814 3109 958 3190 κρουσμθν
980 3109 1091 3191 νεφῶν,
1113 3107 1166 3190 τὴν
1189 3108 1222 3170 δὲ
1243 3109 1394 3194 ἀστραπὴν
1416 3105 1515 3192 ἔξαψιν
1538 3109 1572 3172 ἐκ
1592 3125 1670 3186 παρα-

417 3209 556 3293 τρίψεως,
583 3209 721 3292 κεραυνὸν
748 3209 781 3272 δέ
808 3209 1003 3294 σφοδροτέραν
1025 3207 1183 3293 έλλαμψιν,
1216 3217 1369 3296 πρηστῆρα
1396 3211 1429 3275 δὲ
1454 3207 1669 3295 νωχελεστέραν·

413 3309 659 3395 Ἀριστοτέλης
682 3312 714 3375 δέ
736 3311 766 3380 ἐξ
788 3313 1012 3394 ἀναθυμιάσεως
1033 3313 1126 3375 πάντα
1147 3312 1183 3374 τά
1205 3318 1325 3377 τοιαῦτα
1345 3313 1524 3398 συμβαίνειν·
1550 3311 1615 3376 όταν
1628 3302 1701 3368 etin

418 3414 527 3499 ἐντόχη
550 3437 586 3496 τη
612 3413 700 3497 ὑγρᾷ,
727 3415 935 3500 παραβιάζεται
957 3415 1011 3498 τὴν
1032 3413 1146 3491 ἔξοδον,
1175 3415 1223 3478 καί
1245 3415 1285 3498 τῆ
1306 3417 1358 3498 μέν
1380 3415 1555 3500 παρατρίψει
1576 3405 1671 3487 καίτῆ

419 3515 497 3602 ῥήξει
519 3519 568 3580 τὸν
591 3517 684 3602 ψόφον
706 3521 759 3601 τῆς
789 3517 910 3602 βροντῆς
939 3517 1084 3600 γίνεσθαι,
1113 3517 1152 3600 τῆ
1180 3515 1205 3580 δ’
1233 3516 1330 3604 ἐξάψει
1359 3523 1412 3603 τῆς
1443 3515 1598 3602 ξηρότητος
1625 3511 1669 3592 τὴν

418 3621 583 3704 ἀστραπήν,
617 3625 770 3705 πρηστῆρα
802 3621 835 3683 δὲ
861 3621 909 3684 καί
935 3625 1055 3706 τυφῶνα
1083 3623 1258 3706 πλεονασμῷ
1288 3627 1341 3707 τῆς
1364 3623 1445 3706 ὕλης,
1477 3621 1513 3704 ῆν
1548 3617 1670 3698 ἑκάτερος

418 3722 516 3786 αὐτῶν
540 3722 705 3807 ἐφέλκεται·
730 3723 905 3808 θερμότερος
928 3724 980 3804 μὲν
1003 3723 1019 3786 ό
1041 3723 1185 3807 πρηστῆρ,
1206 3721 1370 3810 παχότερος
1392 3726 1425 3788 δέ
1448 3728 1464 3789 ό
1486 3727 1595 3808 τυφῶν.

369 3929 537 4000 ίάνάκλησιν
558 3933 584 3982 A
604 3926 617 3998 ψΙ
638 3926 817 3998 παραπλησίως
836 3926 850 3996 Ιψ
871 3929 887 3980 2
906 3945 1024 3980 κατοπτι-
1075 3928 1152 3997 τάπης
1176 3931 1198 3980 Β
1223 3925 1238 3996 ΙΙ
1272 3931 1302 3984 16
1327 3936 1429 4000 χρεσμῷ
1452 3931 1474 3982 Β
1504 3923 1519 3996 ΙΙ
1548 3925 1640 3988 όξυτιίτι
1658 3921 1676 3971 Β
1695 3911 1704 3979 ίί

367 4023 423 4076 καῖς
441 4020 464 4070 Β
485 4015 498 4086 ψψ
523 4019 539 4070 4
559 4015 669 4085 ἔμπυρον
691 4017 729 4067 A:
752 4013 842 4083 ἐπυρον
865 4017 887 4068 Β
909 4015 921 4083 Η
941 4015 1024 4068 intre·
1078 4017 1109 4068 lt
1133 4015 1332 4085 προσλαμβάνων
1357 4017 1392 4068 B:
1421 4016 1596 4087 προλαμβάνων
1614 4014 1635 4063 Δ
1652 4005 1663 4075 ΙΙ
1683 4001 1706 4054 13

367 4121 404 4158 σιν
432 4109 470 4158 A:
505 4123 555 4158 om.
588 4105 611 4156 B
645 4107 728 4169 spatie
760 4121 807 4154 sex
843 4106 890 4154 titt.
924 4107 1024 4156 relicte.
1077 4102 1209 4173 έμπρηστᾶ
1231 4105 1286 4173 περὶ
1304 4106 1350 4173 γῆς
1380 4107 1417 4167 (π.
1435 4123 1457 4174 γ.
1477 4123 1528 4158 om.
1545 4107 1579 4168 Β)
1596 4099 1639 4152 AB
1655 4091 1666 4159 ίί
1683 4089 1705 4141 ¹9

367 4196 437 4247 Plnt.
461 4191 578 4261 διάπυρον
600 4189 714 4243 σίνστασιν
743 4187 755 4258 Ιψ
786 4189 802 4243 5
829 4188 1025 4260 πεπληρωμένον
1076 4188 1093 4259 ῆ
1113 4189 1209 4260 ψυγρόν
1227 4193 1275 4243 AB
1296 4191 1309 4260 ΙΙ
1334 4191 1367 4249 είς
1386 4193 1473 4244 addidi
1495 4190 1510 4260 Ιψ
1529 4191 1566 4244 θθ
1582 4187 1644 4256 ζόφῳ
1659 4179 1704 4232 ᾸΒί

367 4286 501 4348 proximae
524 4283 595 4332 vocis
618 4285 869 4346 interpretamentum
892 4281 984 4329 inclusi
1010 4276 1023 4345 ψψ
1077 4277 1152 4347 ψόφῳ
1171 4277 1217 4348 τῆν
1236 4278 1341 4349 βροντὴν
1359 4277 1476 4332 ἀποττλιῖ
1491 4283 1561 4332 Pint.
1577 4297 1600 4345 ρ.
1612 4263 1704 4328 368113·

367 4368 451 4439 ψυχῆι
479 4371 548 4435 apud
577 4371 646 4420 Pint.
675 4367 742 4435 νέφει
769 4366 856 4434 πυκνηῖ
883 4363 895 4432 ψ
923 4369 960 4416 σία
987 4367 1024 4416 A:
1078 4364 1194 4432 μελανίαν
1212 4368 1245 4418 ad
1264 4369 1383 4432 proxime
1401 4371 1524 4434 pertinet,
1547 4368 1590 4420 nbi
1607 4355 1704 4417 plut-ti

366 4453 484 4526 Διογένης
511 4459 612 4524 σημεῖον
630 4453 760 4506 ....καλ
787 4451 937 4521 ἐπισφαλοῦς
961 4452 1025 4510 τινός
1076 4451 1103 4503 δέ
1122 4451 1190 4520 παρὰ
1204 4450 1250 4521 τῆν
1263 4453 1379 4520 μελανίαν
1390 4457 1436 4506 τοῖν
1448 4452 1574 4523 νεφιίνθους
1586 4446 1683 4520 γρόιμντῑ
1694 4434 1704 4503 ίί
1763 4463 1764 4498 ι

367 4543 428 4596 εἶναι
445 4562 468 4596 τ.
488 4562 513 4595 ιι.
526 4545 558 4606 Β,
578 4557 644 4606 quae
662 4543 724 4607 qnid
742 4543 790 4592 sibi
811 4543 890 4592 veiint
908 4559 961 4592 nen
979 4559 1024 4593 ex·
1077 4539 1108 4592 21
1123 4539 1245 4606 νέφουςΒ
1263 4539 1276 4609 β
1289 4539 1318 4593 τὸ
1330 4540 1357 4593 δέ
1369 4539 1609 4610 πολυσωματωτέρφ
1621 4527 1702 4597 (comp)

366 4635 443 4698 pedio
464 4629 477 4699 ψψ
499 4631 514 4683 t
534 4628 657 4686 ἅπτοντας
670 4631 718 4680 AB
739 4625 751 4696 Ιψ
774 4623 990 4696 θέμπρησινΑΒ
1011 4625 1024 4695 il
1077 4625 1461 4697 ΑιτῷδέπολυσωματιιιῶΒ
1481 4628 1494 4698 ΙΙ
1513 4629 1548 4682 22
1564 4610 1702 4694 νέφιιίλβνί
1763 4655 1764 4696 ;

368 4717 428 4787 βέλη
447 4720 469 4770 Β
492 4715 504 4786 ψΙ
525 4713 676 4786 σπινθηρίζει
695 4719 719 4766 Α
1077 4733 1128 4766 om.
1148 4717 1173 4766 A
1193 4713 1206 4784 ΙΙ
1227 4713 1261 4767 23
1280 4715 1390 4770 ἐτι-24
1409 4715 1531 4785 ἐλλαμψιν
1549 4733 1597 4766 nm.
1613 4713 1635 4763 A
1652 4704 1663 4772 ίί
1678 4699 1702 4752 ἐέ

405 4805 436 4856 12
455 4801 596 4874 περιληφθῆ
614 4807 636 4856 Β
657 4801 670 4870 ΙΙ
692 4801 723 4854 13
736 4801 832 4870 ἐμπέσῃ
847 4803 893 4853 AB
908 4799 922 4868 ΙΙ
936 4799 1023 4852 λεπτο-
1076 4800 1257 4872 νωχελίστιρον
1276 4807 1299 4854 A
1327 4803 1341 4872 ΙΙ
1364 4802 1398 4857 25
1421 4805 1502 4874 πάντη
1520 4801 1632 4855 ταῖνιαΒ
1651 4783 1702 4861 Ιίέί
1763 4817 1764 4868 γ

367 4897 436 4961 μερεῑ
461 4893 483 4943 Β
509 4889 523 4960 Ιψ
548 4889 674 4961 παγίυτητι
700 4899 760 4941 ente
786 4888 923 4958 κουφότητι
953 4891 1024 4939 cuine
1076 4887 1222 4942 πλεονασμ“
1242 4891 1267 4941 A
1763 4873 1764 4894 ¹

367 4977 440 5034 neria
452 4981 528 5031 lectio
542 4989 580 5031 eet
592 4980 614 5030 B
628 4975 642 5046 ψΙ
656 4977 672 5048 ἡ
686 4974 786 5046 μίρηξις
799 4980 824 5027 A
844 4973 858 5044 ψψ
880 4973 912 5028 15
931 4991 1022 5030 πυκνα-
