3708 5732
690 433 967 484 PROLEGOMENA
1460 431 1500 494 91

145 618 260 668 surum
281 604 468 668 remansisse
486 601 502 662 ¹.
548 607 586 664 in
609 624 676 684 quo
700 602 1071 665 animaduertendum
1094 603 1190 684 quod
1212 603 1391 666 Homerus
1414 623 1503 665 cou-

144 711 287 772 seulial
322 705 539 786 Empedocli
573 717 605 768 el
634 706 867 768 Heracleoai
901 707 1095 768 Ciceronis
1128 709 1284 769 diuersa
1314 708 1503 786 opinione.

145 809 352 893 Empedoclis
380 828 450 872 cum
478 806 682 873 Heracleone
709 808 891 873 coniunctio
921 808 1032 891 inepta
1054 814 1104 873 est
1137 807 1186 895 [el.
1211 807 1343 892 Didymi
1370 807 1408 872 lr.
1432 808 1505 872 coll.

145 909 293 978 Schmidt
319 931 350 994 p.
366 906 455 994 48¹],
487 907 549 972 nisi
579 915 615 973 ut
641 907 710 974 fieri
737 911 861 976 essolet
887 909 975 975 citati
1002 909 1167 994 scriptoris
1192 910 1368 976 memoriae
1395 915 1505 975 uotam

145 1013 279 1096 originis
301 1010 490 1076 adhaesisse
513 1009 627 1076 eredis,
1422 1003 1423 1006 ’

229 1116 268 1178 Iu
291 1114 544 1178 Heracleonis
566 1111 663 1195 igitur
682 1113 911 1181 commentario
934 1115 997 1180 looi
1012 1114 1143 1180 Homeri
1163 1120 1195 1179 et
1209 1115 1415 1199 Empedoclis
1436 1120 1506 1179 arte

146 1215 309 1282 coniuucti
337 1222 440 1298 erent,
462 1236 525 1299 quo
552 1215 679 1281 facilius
701 1217 933 1282 sententiarum
961 1217 1135 1282 similitudo
1162 1217 1293 1283 lecturis
1316 1222 1507 1284 occurreret.

144 1320 204 1386 sed
231 1318 328 1384 latius
357 1318 461 1402 patuit
483 1317 655 1384 ambitiosa
682 1318 740 1384 illa
761 1320 971 1403 eomputatio.
1014 1319 1133 1384 aeeidit
1154 1319 1239 1384 enim
1262 1319 1346 1384 forte
1367 1318 1506 1399 fortuna,

144 1429 179 1487 ut
205 1422 328 1504 duplex
356 1441 396 1484 ex
425 1420 628 1485 Heracleone
654 1455 688 1475 -ν-
714 1421 799 1486 hune
829 1420 913 1486 enim
943 1421 1065 1486 lentem
1094 1421 1226 1487 statne*
1248 1457 1289 1468 -
1311 1426 1443 1486 seruata
1465 1419 1507 1484 sit

143 1523 310 1605 memoria,
333 1542 430 1604 quam
455 1521 507 1587 hie
530 1541 570 1587 ex
594 1522 700 1587 Probo
723 1542 817 1605 quem
840 1522 906 1587 dixi
930 1530 962 1589 et
985 1524 1084 1589 Sexto
1107 1525 1282 1608 oomposui.

144 1627 286 1691 Sextus
309 1623 384 1688 adv.
400 1622 553 1688 matham.
569 1625 600 1688 X
620 1625 799 1690 313-318.
825 1623 828 1692 l
901 1626 1049 1692 Probus
1071 1626 1114 1690 ad
1135 1627 1231 1710 Verg.
1254 1649 1286 1710 p.
1303 1628 1354 1708 21,
1374 1625 1459 1690 1411.

183 1727 230 1796 Ἐξ
253 1729 317 1796 ἑνὸς
341 1728 374 1789 δὲ
396 1727 444 1788 καὶ
467 1731 551 1788 ποιοῦ
574 1728 745 1809 γεγενῆσθαι
765 1728 801 1789 τὰ
897 1730 974 1792 Sunt
997 1731 1050 1810 qui
1075 1731 1206 1810 siupulis
1233 1731 1388 1791 clementis
1415 1730 1508 1808 prin-

144 1833 240 1894 πάντα
250 1830 384 1893 θέλουσιν
396 1829 466 1890 alre
474 1829 538 1911 aspi
549 1825 741 1892 rbs‘lmruam
753 1829 801 1891 uui
854 1835 937 1912 cipio
978 1834 1219 1912 adsipnaueruul
1261 1829 1507 1894 Parmenides

142 1929 323 2014 Ἀναξιμένη
347 1932 395 1994 καὶ
419 1930 517 2012 Θαλῆ·
541 1933 581 1992 ὧν
853 1935 977 1996 Eleates
999 1943 1114 1996 terram
1137 1937 1203 2010 (l),
1226 1933 1417 2013 Hippasus
1443 1933 1507 1994 He-

181 2031 345 2104 ’Ίπττασος
369 2034 421 2114 μὲν
446 2033 494 2095 uui
512 2035 586 2096 nard
606 2057 682 2102 τινας
705 2032 800 2118 Ἣρά-
854 2038 1033 2116 lopoulirsus
1064 2045 1093 2098 el
1117 2037 1330 2100 Heraclitus
1357 2036 1508 2115 letess'us

143 2141 283 2204 νλειτος
307 2139 323 2199 ὁ
342 2133 472 2220 Ἐφέσιος
495 2137 528 2198 ἐκ
550 2137 639 2219 πυρὸς
662 2136 801 2199 ἀπέλιπον
855 2143 908 2222 qui
930 2141 1073 2207 σκοτεινὸς
1096 2140 1274 2219 appellalur
1296 2139 1394 2216 ipuem

142 2241 199 2322 τὴν
222 2239 330 2320 γένεσιν
898 2245 1149 2305 Anaximenes
1189 2241 1419 2320 Lampsacenus
1456 2241 1509 2319 qui

187 2339 424 2422 Ἀναξιμένης
450 2341 482 2403 δὲ
504 2339 533 2408 ἐξ
557 2342 641 2425 ἀέρος
854 2349 974 2426 primus
995 2347 1190 2408 esislimalur
1203 2345 1333 2426 plepsica
1347 2343 1508 2404 induxisse

912 2469 958 2510 em

192 2545 311 2629 Θαλῆς
333 2546 366 2608 δὲ
387 2545 416 2613 ἐξ
439 2546 541 2614 ὕδατος
855 2468 1035 2614 Wl'lsales
1076 2551 1212 2612 Milesius
1254 2549 1401 2626 mapister
1441 2548 1508 2606 eius

855 2673 978 2735 aquam.

899 2757 986 2819 Hanc
1003 2758 1124 2839 quidem
1138 2756 1269 2817 Thaletis
1281 2755 1457 2832 opinionem
1469 2751 1508 2812 ab

857 2861 1023 2923 Hesiodo
1044 2868 1155 2941 putant
1170 2878 1299 2920 manare
1322 2858 1374 2936 qui
1394 2855 1508 2915 dicerit

899 2963 962 3046 ἤτοι
979 2965 1030 3046 μὲν
1047 2965 1194 3048 πρώτιστα
1210 2963 1283 3044 χάος
1298 2957 1400 3041 γένετ’,
1415 2956 1507 3038 αὐτὰρ

1400 3058 1509 3122 ἔπειτα.

896 3177 977 3238 Nam
1000 3175 1129 3242 Zenon
1152 3181 1267 3242 Citieus
1289 3171 1336 3230 sia
1353 3170 1508 3242 interpre-

855 3291 939 3344 tatur
962 3301 1075 3363 aquam
1090 3283 1163 3366 χάος
1179 3281 1368 3360 appellatam
1382 3276 1441 3338 dub
1456 3273 1507 3332 τοῦ

854 3384 986 3470 χέεσθαι.
1023 3405 1207 3466 quamquam
1231 3384 1359 3446 eundem
1382 3379 1508 3459 opinio-

855 3511 922 3552 nem
935 3489 973 3551 ab
985 3489 1138 3550 Homero
1150 3507 1312 3568 possumus
1321 3486 1507 3564 iutellepere‚

143 3625 207 3644 ···
231 3585 247 3644 ‘3
270 3583 392 3664 πθῑῗντὴς
407 3579 534 3665 Ὄμηρος
638 3584 739 3667 λέγων·
855 3593 938 3675 qssod
961 3592 1005 3652 oil

138 3683 280 3748 Ὠκεανόν
306 3708 337 3747 τε
364 3685 441 3748 θεῶν
468 3687 576 3768 γένεσιν
609 3688 657 3748 καὶ
692 3689 802 3774 μητέρα
894 3692 1026 3758 Ὠκεανόν
1049 3715 1080 3755 τε
1103 3693 1180 3755 θεῶν
1201 3689 1308 3773 γένεσιν
1331 3690 1378 3752 καὶ
1398 3687 1508 3770 μητέρα

691 3789 802 3877 Τηθύν.
1396 3789 1508 3874 Τηθύν.

286 3895 512 3902 —.—.-·-..---..-
523 3895 549 3900 ..-

224 3927 230 3957 ¹
250 3943 283 3978 ex
301 3930 425 3993 proximis
445 3937 552 3992 apparet
570 3929 714 3994 librarium,
734 3951 787 3985 non
806 3937 933 3996 Probum,
954 3937 1016 3985 baec
1040 3935 1208 4000 interpolasse
1228 3942 1255 3984 ut
1273 3935 1402 3984 Tullianis
1421 3932 1505 3980 diver·

144 4033 202 4067 sam
222 4017 329 4065 Homeri
349 4019 501 4065 sententiam
520 4025 626 4081 aptaret.
653 4035 712 4069 nam
731 4024 752 4071 si
771 4025 946 4088 Empedoclea
965 4024 1074 4085 (scilieet
1091 4025 1197 4072 istorum
1216 4018 1438 4086 interpretatione)
1457 4035 1504 4082 pu-

144 4114 305 4168 grisescunt
325 4103 450 4153 Cicerone
470 4106 486 4153 l.
500 4121 531 4164 c.‚
551 4110 713 4157 consentiant
730 4125 834 4160 neeesse
853 4117 892 4159 est
910 4125 968 4158 cum
986 4111 1138 4160 Homericis.
1166 4111 1225 4159 inde
1249 4109 1329 4159 Probi
1349 4107 1427 4156 verbs
1445 4107 1509 4154 haee

144 4195 199 4242 lere
230 4193 375 4240 restituam:
405 4206 451 4240 aer
473 4191 509 4241 od
527 4191 600 4243 Ditis
624 4194 752 4259 imperia,
778 4231 942 4246 .......
966 4201 1065 4245 terram
1088 4195 1252 4246 remansisse.
1280 4197 1311 4245 el.
1335 4195 1455 4244 Heraclit.
1474 4189 1506 4243 41

143 4283 216 4331 Plat.
236 4281 282 4328 vil.
301 4278 335 4330 98
353 4295 431 4344 supra
449 4297 473 4343 p.
488 4279 521 4330 89
542 4281 585 4330 im.

219 4363 230 4395 ²
249 4368 273 4416 H
279 4369 484 4415 eracleonem
502 4367 595 4418 Glauci
614 4371 694 4418 filium
709 4371 863 4434 Aegyptium
877 4371 995 4433 Augusto
1015 4378 1043 4419 ut
1061 4371 1162 4419 videtur
1180 4367 1223 4433 [el.
1240 4369 1362 4418 Beccerd.
1382 4369 1413 4416 de
1427 4366 1508 4416 schol.

146 4457 253 4504 Homer.
274 4455 304 4503 ll.
325 4455 337 4502 1
355 4455 441 4504 Berol.
464 4451 530 4506 1850
554 4473 578 4520 p.
597 4455 642 4518 76]
670 4472 806 4520 supparem
829 4459 964 4520 intellego,
993 4459 1037 4519 qui
1061 4452 1166 4524 ἔγραψεν
1189 4452 1326 4522 ὺμόμνημα
1348 4453 1382 4509 εἰς
1399 4447 1510 4520 Ὅμηρον

142 4540 213 4590 nard
233 4537 360 4608 ῥαψῳδίαν
379 4539 422 4590 nul
440 4539 474 4598 εἰς
492 4543 549 4600 τοὺς
567 4539 690 4610 lapsuris,
709 4542 832 4610 περὶτῶν
851 4539 906 4609 παρ’
917 4538 1019 4610 Ὁμήρῳ
1039 4547 1231 4610 spectaremur
1245 4541 1364 4610 ῥημάτων
1382 4539 1508 4602 [Suidas].

144 4627 179 4678 err
199 4627 288 4679 Sebol.
314 4629 438 4692 Apollon.
458 4631 470 4678 1
490 4627 652 4682 76911137
678 4633 802 4680 conclusit
820 4631 976 4681 Schmidtius
996 4632 1011 4679 l.
1031 4647 1051 4679 c.
1073 4631 1318 4680 Antieristarcbenm
1343 4646 1399 4678 eum
1423 4630 1508 4676 luisse.

144 4716 301 4778 allegoriae,
328 4731 390 4777 quiae
410 4719 537 4780 excerpsit
556 4716 664 4777 Probus,
684 4719 709 4766 in
731 4720 915 4768 commentario
935 4719 1072 4788 'Homerico
1093 4719 1197 4767 infuisse
1218 4718 1344 4766 videntur.
1381 4717 1424 4764 ubi
1444 4715 1508 4762 ordo

145 4803 344 4866 rhapsodiamm
368 4803 470 4866 longius
494 4801 593 4866 digredi
618 4819 675 4852 enm
700 4820 752 4854 non
776 4807 857 4868 magis
880 4805 1012 4869 probibuit
1036 4820 1112 4867 quem
1134 4805 1292 4854 Heraclitum
1316 4805 1359 4866 qui
1379 4803 1429 4852 eli
1449 4816 1508 4864 pro-

142 4889 231 4938 fitetur
248 4883 315 4944 τάξις
334 4885 360 4937 δέ
379 4903 421 4952 μοι
440 4887 566 4954 γενήσεται
584 4893 636 4939 τῶν
654 4887 734 4956 λόγων
753 4889 769 4958 ἡ
788 4895 840 4941 τῶν
853 4887 998 4958 Ὁμηρικῶν
1022 4890 1090 4941 ἐπῶν
1112 4886 1187 4948 τάξις.
1225 4891 1355 4953 quomodo
1379 4889 1509 4954 promissis

144 4977 251 5037 steterit,
274 4977 346 5025 vides
364 4992 397 5024 ex
421 4975 583 5025 Mebleriane
607 4977 691 5026 iudice
716 4979 856 5028 Homerico
882 4996 906 5042 p.
927 4976 975 5029 153
986 4996 1023 5042 sq.
1058 4997 1090 5030 ex
1115 4981 1276 5029 Heracleoue
1300 4978 1369 5028 haud
1392 4978 1446 5026 seio
1475 4990 1506 5028 sn

143 5064 249 5112 fluxerit
266 5063 384 5113 scholion
403 5063 478 5114 Iliad.
497 5065 521 5114 H
536 5063 578 5125 99,
598 5065 667 5126 quod
685 5067 752 5115 inlra
770 5081 794 5130 p.
815 5061 865 5115 92²
885 5065 1022 5118 exhibebo.
