3756 5736
716 361 989 450 nuonscounna
1472 393 1535 458 209

173 565 217 632 de
237 566 375 630 aliamm
398 583 618 630 cavernarum·
633 564 750 631 tunicis
773 569 908 651 μήνιγγος
931 585 1011 631 voce
1030 563 1212 630 utebantur.
1245 564 1304 628 sed
1318 583 1412 628 nemo
1428 561 1536 627 hercle

175 687 318 751 unquam
340 668 446 752 ipsum
468 667 634 734 cerebrum
664 667 718 733 vel
741 667 935 734 cerebellum
957 667 1178 732 membranam
1200 665 1339 731 meavit.
1383 673 1488 748 neque
1510 665 1536 728 si

175 769 247 854 quis
270 771 514 855 praevaricatus
530 769 670 835 aecana
692 775 843 852 torqueat
865 776 900 834 ut
922 771 957 854 ἣν
980 769 1022 834 ad
1037 768 1219 854 proximum
1237 767 1404 852 ἐπικρανίδα
1419 766 1539 833 referat

175 879 210 938 et
231 873 394 959 ἐγκεφαλοο
416 873 451 938 id
467 893 540 939 esse
555 872 876 954 interpretamentum
893 873 1042 956 explicet,
1065 871 1239 955 quidquam
1254 869 1440 934 lucrabitur.
1466 890 1539 934 con-

175 979 243 1040 stat
276 975 362 1042 enirn
397 976 566 1060 ἐπικρανίδα
599 995 698 1038 unum
732 994 848 1040 sonare
880 973 1075 1040 cerebellum
1108 972 1161 1055 [cf.
1186 971 1537 1056 Galen1172a12p

176 1075 296 1144 erroris
318 1095 451 1142 causam
474 1075 560 1142 hanc
582 1076 727 1160 suspicor
748 1075 875 1160 pristini
898 1075 1092 1160 exemplaris
1114 1074 1285 1138 formulam
1308 1073 1452 1140 dedisse:
1474 1075 1538 1159 περὶ

176 1183 230 1266 τήν
251 1184 303 1243 τοῦ
332 1180 496 1265 ἐγκεφάλου
524 1180 647 1263 μήνιγγα
669 1181 689 1264 ή
712 1180 944 1265 παρεγκεφαλίδα
971 1181 1007 1264 ἣν
1034 1179 1082 1243 καὶ
1111 1177 1278 1263 ἐπικρανίδα
1304 1179 1450 1240 καλοῦσιν.
1495 1177 1541 1242 sic

177 1283 275 1347 homo
299 1279 481 1346 umbratilis
503 1279 570 1346 labi
592 1286 730 1364 poterat.
764 1281 823 1346 sed
844 1283 955 1365 lapsus
978 1287 1026 1347 est
1043 1280 1140 1346 etiam
1155 1281 1273 1346 Pollux
1294 1278 1363 1344 sive
1379 1277 1538 1343 librarius.

177 1403 255 1450 nam
282 1383 435 1465 vrrlgatur
463 1381 523 1446 εἴτε
544 1380 611 1467 παρ’
639 1383 814 1469 ἐριεφαλίδι.
857 1403 969 1450 vocem
997 1381 1090 1448 nihili
1115 1382 1315 1468 ἐγκεφαλίδος,
1345 1399 1441 1461 quam
1469 1379 1541 1446 tulit

179 1486 362 1584 Benkasos,
384 1483 501 1551 leniter
525 1485 705 1551 coniunctis
719 1485 887 1552 vocabulis
906 1487 1129 1571 παρεγκεφαλίδι
1145 1482 1331 1550 emendavit
1353 1483 1389 1547 L.
1405 1484 1542 1549 Dindor-

178 1587 239 1654 fius
252 1587 288 1652 in
303 1586 483 1652 Thesauro:
507 1586 577 1670 ipse
592 1587 867 1672 praepositionem
882 1587 1100 1654 necessariam
1119 1585 1240 1652 addidi.
1276 1585 1419 1652 Soranus
1433 1593 1542 1651 autem

178 1689 240 1756 fnit
265 1689 321 1773 qrri
343 1696 458 1772 suopte
480 1694 584 1755 marte
606 1691 744 1774 μήνιγγας
767 1712 826 1775 ριο
850 1691 1005 1774 singulari
1027 1709 1161 1755 numero
1179 1695 1325 1772 poneret.
1370 1708 1446 1754 nam
1469 1689 1543 1753 Ter·

179 1792 334 1858 tullianus
355 1810 483 1874 quoque
505 1795 539 1856 in
560 1791 778 1856 ωοοιθιιιπκιίο
799 1793 905 1861 vertit.

268 1891 432 1977 Singulari
452 1891 582 1958 lomina
604 1894 771 1980 contingit,
794 1901 829 1960 ut
844 1893 942 1960 etiam
958 1895 1043 1960 ultra
1059 1894 1217 1960 Soranum
1232 1893 1456 1976 quaestionem
1472 1913 1543 1976 pro·

181 2015 314 2062 morere
336 1994 442 2062 liceat.
487 2014 564 2060 nam
585 2015 658 2062 cum
680 1998 832 2064 Tulliana
854 1997 907 2082 [cf.
930 2017 961 2080 p.
979 1998 1055 2079 202]
1078 1995 1259 2062 consimilia
1280 1995 1354 2080 sint,
1377 1995 1544 2078 antiquum

181 2097 306 2168 fontem
333 2097 424 2164 velut
451 2095 633 2164 odoramur.
677 2121 773 2184 quern
799 2105 957 2166 monstrat
979 2098 1098 2165 Sextus
1125 2099 1199 2164 adv.
1223 2095 1544 2162 mathem.V11313

182 2200 248 2264 ἐπεί
260 2223 315 2285 περ
329 2198 356 2262 εἰ
371 2199 473 2263 ἑαυτὸν
495 2203 711 2288 καταλαμβάνει
733 2206 750 2268 ὁ
772 2208 838 2273 νοῦς
860 2202 908 2266 καὶ
931 2203 980 2265 τδν
1001 2200 1090 2266 τόπον
1112 2202 1142 2264 ἐν
1165 2198 1268 2286 ιβέστι
1285 2201 1545 2284 συγκαταλήψεται.

182 2307 240 2366 πᾶν
261 2303 316 2386 γὰρ
338 2301 372 2364 τδ
395 2303 620 2388 καταλαμβάνω
642 2305 694 2370 σύν
716 2331 768 2370 τινι
790 2307 873 2392 τόπιρ
896 2305 1157 2389 καταλαμβάνεται.
1189 2301 1215 2364 εἰ
1238 2302 1271 2364 δὲ
1293 2303 1341 2366 καὶ
1363 2303 1411 2366 τδν
1425 2303 1545 2367 atocio

183 2409 250 2474 νοῦς
263 2404 314 2468 τδν
329 2403 359 2466 ἐν
375 2400 401 2488 ᾧ
417 2399 479 2466 ἔστι
495 2408 766 2492 συγκαταλαμβάνει
781 2409 877 2494 ἑαοιιβ
894 2407 985 2492 ἐχρῆν
1001 2407 1042 2490 μὴ
1059 2403 1267 2490 διαφωνεῖσθαι
1282 2407 1382 2467 τοῦτον
1394 2405 1473 2488 παρὰ
1486 2409 1546 2474 τοῖς

183 2505 409 2592 φιλοσόφοις,
431 2509 498 2568 τῶν
522 2506 582 2588 μὲν
605 2512 759 2594 κεφαλὴν
781 2508 953 2592 λεγόντων
976 2507 1155 2571 εἶναιτῶν
1178 2506 1215 2568 δὲ
1237 2505 1381 2589 θώρακα
1408 2508 1463 2570 καὶ
1490 2505 1540 2570 ἐπ’

184 2606 301 2676 εἴδους
330 2611 398 2668 τῶν
429 2607 490 2688 μὲν
517 2607 711 2695 ἐγκέφαλον
739 2616 805 2674 τῶν
833 2611 872 2674 δὲ
901 2613 1049 2695 μήνιγγα
1076 2613 1180 2672 τινῶν
1203 2610 1241 2672 δὲ
1263 2608 1409 2692 καρδίαν
1432 2609 1547 2672 ἄλλων

185 2710 223 2773 δὲ
248 2710 383 2794 ἥπατος
413 2708 525 2778 πύλας
556 2709 576 2793 ἤ
602 2735 636 2774 τι
663 2718 802 2777 τοιοῦτο
834 2712 939 2797 μέρος
967 2717 1028 2776 τοῦ
1056 2714 1230 2794 σώματος·
1263 2713 1440 2796 διαφωνοῦσι
1462 2711 1495 2774 δέ
1516 2735 1549 2794 γε

186 2812 251 2896 περὶ
274 2810 377 2874 τούτου
400 2811 427 2874 οἱ
450 2813 617 2894 δογματικοὶ
640 2819 698 2878 τῶν
720 2815 898 2901 φιλοσόφων.
933 2814 986 2878 οὐκ
1008 2813 1065 2898 ἄρα
1087 2815 1301 2900 καταλαμβάνει
1325 2815 1427 2878 ἑαυτὸν
1443 2815 1458 2876 δ
1474 2817 1550 2884 νοῦς.

188 2911 275 2998 qnod
305 2911 383 2979 dicit
415 2916 526 2998 ἥπατος
559 2915 652 2986 πύλας
684 2917 727 2982 ad
759 2918 887 2984 Platon.
910 2917 990 2982 lim.
1014 2935 1045 2998 p.
1064 2915 1102 2978 ll
1136 2922 1284 2999 spectare
1311 2915 1448 2982 videtur.
1493 2915 1551 2980 sed

186 3016 279 3082 novit
301 3020 337 3080 ut
359 3015 486 3081 Placita
509 3020 631 3102 μήνιγγα
654 3018 860 3102 singularem.
896 3016 1072 3102 soeptieum
1096 3018 1258 3100 quendam
1281 3019 1468 3102 opinionum
1490 3015 1552 3082 dis-

186 3117 373 3184 sensionem
392 3117 601 3185 eavillantem
616 3139 674 3204 per
689 3127 898 3187 transennam
913 3121 1036 3187 rideas.
1067 3139 1186 3186 nomen
1201 3122 1299 3204 paulo
1315 3119 1400 3186 infra
1415 3125 1553 3204 apparet

211 3221 273 3287 VII
283 3219 347 3285 349
366 3220 393 3282 οἱ
404 3221 456 3303 μὲν
471 3223 562 3306 μηδέν
573 3243 659 3307 φασιν
671 3221 742 3286 εἶναι
753 3222 845 3308 αὐτὴν

189 3320 244 3410 [ec.
256 3319 394 3408 διάνοιαν]
406 3325 486 3409 παρὰ
491 3326 525 3388 τδ
536 3328 599 3394 πῶς
607 3322 676 3410 ἔχον
683 3330 770 3408 σῶμα
775 3325 845 3389 καθ-

189 3427 292 3512 άπερὸ
308 3425 519 3511 Δικαίαρχος
535 3427 562 3490 οἱ
580 3427 613 3490 δὲ
630 3424 702 3490 εἶναι
722 3428 774 3510 μὲν
786 3426 845 3491 ἕλε

189 3553 238 3612 γον
261 3527 316 3592 οὐκ
337 3528 367 3591 ἐν
389 3534 431 3614 τῷ
455 3529 536 3614 αὐτῷ
560 3529 593 3592 δὲ
613 3528 696 3614 τόπῳ
718 3528 847 3614 περιέχε-
942 3523 1074 3590 Tertull.
1090 3543 1116 3588 c.
1132 3523 1171 3588 15
1194 3519 1245 3609 [cf.
1262 3543 1293 3605 p.
1307 3520 1380 3609 203]
1403 3533 1436 3586 nt
1458 3545 1555 3606 neque

191 3631 271 3708 σθαι,
294 3628 358 3694 ἀλλ’
377 3631 404 3694 ot
421 3632 473 3714 μὲν
489 3632 590 3700 ἐκτὸς
604 3635 666 3694 τοῦ
682 3634 848 3714 σώματος
872 3652 876 3758 Ι
900 3630 1091 3693 eatrincecna
1118 3628 1235 3707 agitari
1264 3635 1353 3706 pates
1380 3629 1556 3709 principale

192 3731 849 3817 ιὀςΜνησίδημοςκατὰἩράκλειτον,
900 3733 984 3796 istud
1010 3731 1178 3794 secundnm
1200 3729 1436 3793 Heraclitum.
1470 3729 1555 3796 idom

192 3837 218 3899 ct
233 3836 267 3898 δὲ
281 3835 312 3898 ἐν
335 3834 396 3919 etp
418 3841 461 3920 τῷ
486 3838 599 3918 σώματι
622 3835 755 3918 καθάπερ
776 3834 849 3903 τινὲς
902 3856 929 3902 c.
946 3836 988 3900 14
1009 3853 1072 3896 non
1093 3835 1182 3913 longe
1202 3832 1260 3894 too
1282 3833 1453 3912 exemplum
1476 3845 1520 3896 eat
1537 3855 1558 3897 a

192 3938 266 4002 κατὰ
288 3936 506 4021 Δημόκριτον
535 3939 561 4000 οἱ
588 3937 621 4000 δὲ
643 3937 673 4000 ἐν
697 3937 777 4022 μέρει
798 3939 849 3999 τοῦ
903 3939 1076 4002 Stratone
1095 3944 1123 3999 et
1138 3934 1377 3997 Aenesidemo
1393 3935 1558 4000 etHera-

193 4042 330 4123 σώματος
352 4039 397 4102 ὧν
419 4041 529 4104 πάλιν
551 4040 783 4123 πολοσχιδεῖς
805 4039 851 4101 εἰ·
905 4041 1002 4104 clito.
1035 4059 1108 4102 nam
1134 4047 1162 4100 et
1183 4039 1245 4117 ipsi
1266 4039 1414 4100 unitatem
1436 4041 1559 4104 animae

194 4164 245 4206 σιν
274 4143 309 4206 αἱ
338 4145 472 4226 γνῶμαι
499 4142 547 4206 καὶ
576 4143 603 4206 σῖ
627 4141 679 4224 μὲν
708 4139 852 4225 διαφέρειν
905 4153 1026 4206 tueretur
1038 4161 1117 4224 qnae
1127 4143 1162 4203 in
1173 4147 1267 4202 rotam
1279 4159 1393 4220 corpus
1405 4141 1520 4224 diffusa
1532 4152 1559 4204 et

195 4245 286 4330 αὐτὴν
308 4249 367 4309 τῶν
389 4245 559 4330 αἰσθήσεων
581 4247 622 4315 ὡς
644 4245 671 4308 οἱ
694 4243 810 4312 πλείους
825 4243 852 4305 οἱ
906 4247 1017 4327 ubique
1047 4247 1119 4326 ι’ρτα
1145 4243 1227 4306 ceint
1254 4241 1347 4322 flatus
1375 4245 1408 4305 in
1439 4246 1581 4320 calamo,

195 4349 228 4412 δὲ
255 4346 347 4432 αὐτὴν
369 4346 441 4412 εἶναι
463 4347 515 4417 τὰς
540 4346 691 4432 αἰσθήσεις
719 4348 853 4430 καθάπερ
906 4368 963 4428 per
978 4366 1130 4410 cavernae
1144 4348 1190 4408 ita
1210 4363 1267 4424 μοι·
1288 4347 1448 4408 censualia
1462 4349 1561 4410 uariis

196 4453 245 4514 διά
268 4473 352 4513 τινων
375 4451 456 4513 ὀπῶν
481 4453 540 4512 τῶν
566 4448 764 4534 αἰσθητηρίων
788 4472 855 4534 προ·
909 4449 1011 4512 modia
1024 4452 1131 4512 emicet
1152 4465 1214 4510 non
1237 4453 1299 4509 tam
1322 4451 1449 4511 concisa
1470 4469 1562 4530 φασιν

197 4554 360 4618 κθπτοοσαν
391 4552 428 4636 ἧς
455 4553 584 4622 στάσεως
607 4551 676 4638 ἦρξε
694 4551 854 4636 Στράτων
909 4551 1100 4632 dispensata.

195 4680 227 4720 τε
249 4657 265 4720 δ
288 4655 408 4740 φοσικδς
429 4655 478 4718 καὶ
500 4652 754 4738 Αἰνήσίδημος.
881 4647 885 4736 l

198 4777 282 4841 quae
303 4755 356 4821 lric
379 4756 596 4822 Aenesidemo
624 4757 686 4840 ipsi
707 4755 892 4820 tribuuntur
921 4755 1103 4839 opiniones,
1126 4752 1266 4818 dubitari
1288 4752 1399 4835 nequit
1421 4752 1498 4834 quin
1520 4753 1563 4818 ab

199 4860 255 4924 illo
282 4858 466 4942 explicatae
489 4865 615 4926 tantum
638 4863 671 4924 et
692 4856 889 4922 diiudicatae
911 4855 1041 4922 luerint.
1073 4855 1115 4921 de
1129 4854 1294 4921 Heraclito
1315 4859 1402 4920 certe
1426 4861 1564 4941 constat,

199 4962 275 5046 quia
296 4967 466 5044 utramque
489 4960 674 5045 opinionem
697 4959 839 5025 animam
866 4965 900 5026 et
927 4959 1126 5026 extrinsecus
1154 4957 1272 5039 agitari
1300 4957 1369 5022 sive
1397 4957 1510 5038 vagari
1534 4963 1566 5023 et

251 5091 342 5140 Dlsle.
362 5091 506 5142 Dcxcmlrl
526 5091 608 5141 grasel-
1323 5058 1364 5122 14
