3710 5730
11 627 17 656 i

714 384 989 438 raouncounna
1012 431 1018 448 ,
1509 377 1529 440 3

166 555 354 622 Aristotelis
365 553 506 620 Zenonis
519 553 623 638 Philo,
636 553 767 621 eosdem
781 551 986 618 Plutarchus:
1001 551 1129 634 ignorat
1141 549 1285 615 Thaletis
1297 546 1530 614 Anaximandri

163 657 377 724 Anaximenis
393 657 617 738 Anaxagorae
632 661 743 740 patres
758 675 830 720 cum
845 655 910 720 illo.
937 654 1101 738 discrepat
1115 673 1198 718 unus
1214 652 1437 734 Empedocles,
1453 669 1528 714 nam

163 759 312 826 Platonis
335 759 417 824 ratio
441 757 548 841 paulo
572 758 712 824 diversa.

254 865 340 944 Ergo
363 859 558 925 Plutarchus
581 859 783 943 compilatur,
806 859 864 925 sed
886 841 950 924 nri,
973 877 994 922 a
1017 857 1164 923 Philone.
1202 857 1278 939 quid
1301 856 1420 938 igitur?
1441 855 1530 920 dubi-

165 954 344 1031 tandumn'c
374 962 416 1026 de
446 960 536 1026 libris
567 961 608 1027 de
634 961 857 1045 providentia,
889 959 942 1042 qui
972 965 1127 1041 quantum
1157 959 1224 1024 scio
1252 959 1285 1024 ιιι
1313 957 1528 1042 suspicionem

166 1085 343 1148 numquam
368 1063 575 1128 inciderunt?
608 1063 748 1130 minime.
794 1068 909 1146 parata
939 1071 989 1128 est
1016 1061 1119 1127 lenior
1149 1079 1187 1127 ac
1219 1061 1414 1146 probabilior
1436 1059 1527 1124 ratio.

166 1170 222 1252 qui
245 1169 297 1233 vel
320 1167 436 1233 leviter
458 1164 606 1230 Philouei
627 1165 692 1230 stili
715 1165 946 1248 proprietatem
968 1163 1161 1248 gustaverit,
1184 1165 1341 1232 eiusmodi
1364 1165 1528 1230 nominum

166 1271 285 1337 scriem
307 1288 391 1352 quae
406 1287 427 1332 a
442 1267 581 1350 catalogi
605 1268 750 1334 siccitate
772 1265 852 1332 nihil
874 1266 972 1331 distat
993 1267 1027 1330 in
1049 1267 1116 1332 ullo
1140 1287 1274 1350 usquam
1290 1267 1372 1332 libro
1390 1265 1527 1332 inveniri

166 1372 309 1454 negabit.
353 1369 535 1436 accuratius
555 1389 634 1435 vero
655 1368 793 1436 intuenti
822 1368 936 1435 mirum
964 1368 1068 1435 rideri
1097 1369 1208 1453 debet,
1240 1389 1335 1452 quam
1364 1389 1429 1434 non
1457 1388 1528 1432 cum

167 1472 328 1557 prioribus
349 1479 447 1555 atque
469 1471 712 1554 insequentibus
733 1470 797 1536 ista
818 1471 1017 1536 enumeratio
1040 1471 1221 1538 cohaereat.
1259 1491 1301 1536 ne
1318 1472 1433 1553 multa,
1457 1470 1529 1534 Phi-

168 1578 284 1641 loneae
298 1573 437 1640 orationi
451 1575 591 1640 insertus
607 1581 657 1640 est
673 1591 800 1656 pannus
815 1593 855 1639 ex
870 1572 1072 1639 Plutarcheis
1087 1579 1249 1638 consutus.
1274 1593 1313 1637 ac
1328 1572 1396 1638 lieri
1412 1581 1529 1657 potest,

166 1685 202 1742 ut
217 1678 363 1742 Platonis
384 1675 540 1742 memoria
561 1674 728 1740 librarium
750 1675 913 1758 impulerit
935 1671 1110 1740 utsimilia
1132 1676 1165 1740 in
1189 1675 1334 1757 margine
1352 1675 1527 1756 colligeret,

167 1798 251 1861 quae
273 1785 340 1842 tum
363 1786 398 1844 ιιι
420 1779 489 1844 lieri
511 1779 594 1844 solet
616 1777 650 1841 iu
672 1777 859 1844 continuam
885 1779 1075 1862 scripturam
1103 1779 1310 1860 irrepserunt.
1354 1797 1454 1858 quare
1476 1777 1530 1842 ad·

168 1881 297 1945 modum
320 1881 420 1946 miror
442 1881 477 1945 C.
494 1879 786 1964 Wachsmuthium,
809 1881 863 1964 qui
878 1879 1044 1946 Plutarchi
1066 1880 1233 1946 immemor
1255 1878 1363 1944 ‘Zeno
1378 1915 1421 1924 —-
1436 1899 1529 1944 eom-

169 1982 339 2064 positum'
355 1991 510 2065 tanquam
521 1983 666 2065 ignotum
679 1983 894 2066 fragmentum
906 1981 1129 2048 Zenonearum
1144 1981 1350 2063 reliquiarum
1363 1981 1529 2064 spicilegio

168 2104 227 2148 suo
254 2083 504 2170 [commentatl
526 2086 568 2150 de
591 2085 722 2151 Zenone
749 2077 881 2150 Citiensi
906 2091 939 2149 et
961 2083 1120 2150 Cleanthe
1141 2081 1246 2147 Assio.
1270 2081 1413 2164 Gotting.
1447 2084 1530 2148 rell

169 2207 199 2268 p.
215 2186 246 2250 8.
268 2207 299 2250 n.
316 2184 348 2272 5]
371 2187 519 2252 inseruit.
563 2185 701 2252 fortasse
724 2187 886 2254 schedulis
915 2186 982 2252 suis
1003 2184 1081 2250 fisus
1108 2184 1223 2248 librum
1249 2205 1313 2248 uon
1342 2185 1457 2250 iterum
1486 2185 1530 2250 in-

171 2287 284 2370 spexit.
328 2287 450 2370 alioqui
480 2287 691 2372 obstipuisset
717 2310 781 2371 quo
804 2289 959 2354 orat-ionis
981 2307 1100 2370 genere
1129 2285 1254 2352 inistis
1280 2287 1441 2369 excerptis
1467 2288 1529 2352 dici

171 2395 280 2472 posset
307 2389 489 2457 ‘ceterum
511 2391 549 2456 in
572 2390 850 2475 superioribus
869 2391 948 2456 suis
971 2389 1100 2456 verbis
1121 2388 1296 2454 dicebat'.
1340 2389 1433 2471 quis?
1466 2412 1529 2472 quo

169 2489 203 2554 in
219 2489 323 2554 libro?
347 2492 616 2573 quemadmodum
640 2492 879 2577 superioribus?
899 2491 933 2556 in
950 2491 1123 2556 Plutarcho
1146 2497 1233 2556 cert-e
1250 2509 1418 2574 nusquam,
1441 2491 1531 2556 cuins

168 2592 315 2672 eclogam
337 2613 402 2658 non
426 2595 512 2660 ultra
536 2603 574 2661 et
596 2596 790 2661 elementa
812 2602 974 2677 quatuor
996 2592 1146 2676 progredi
1169 2592 1379 2658 certissimum
1395 2600 1454 2658 est.
1491 2615 1530 2658 ac

168 2713 210 2758 ne
232 2693 313 2758 illud
335 2697 463 2777 quidem
488 2697 690 2764 dubitatione
712 2705 815 2782 earet,
845 2719 920 2762 num
943 2703 1031 2762 recte
1053 2703 1126 2779 post
1149 2695 1399 2778 compositum
1422 2695 1530 2761 verbis

168 2795 280 2860 relatis
308 2796 350 2861 ab
380 2797 529 2864 Auchero
556 2798 628 2864 linis
658 2799 700 2865 sit
725 2800 903 2884 impositus.
952 2819 1027 2864 uam
1054 2799 1087 2863 in
1113 2797 1305 2863 armeniacis
1332 2797 1424 2863 deest
1453 2798 1529 2862 talis

169 2897 370 2979 significatio.
414 2899 511 2966 immo
534 2901 610 2966 mihi
634 2901 762 2985 quidem
786 2903 885 2967 multo
908 2899 1026 2968 rectius
1049 2906 1123 2984 post
1144 2899 1380 2982 corruptioni
1403 2899 1529 2980 virgula

169 3001 247 3082 poni
269 3001 406 3084 videtur,
429 3011 465 3068 ιιι
486 3003 633 3086 proxima
655 3004 720 3068 sint
735 3003 901 3088 scriptoris
916 3009 1115 3085 argumenta.
1152 3007 1186 3066 at
1207 3001 1279 3083 quis
1300 3001 1432 3066 tandem
1449 2999 1527 3064 illud

168 3102 317 3186 superius
333 3102 435 3168 dixit?
460 3125 576 3189 nempe
600 3106 693 3172 Philo
709 3107 789 3189 ipse.
808 3106 815 3139 ¹
849 3107 982 3172 revolsa
1004 3104 1130 3188 librum,
1152 3123 1227 3169 cccc
1249 3103 1363 3168 eadem
1386 3101 1449 3166 iam
1474 3105 1529 3180 §a

169 3205 234 3286 p.6
250 3213 408 3288 occupata
430 3189 583 3272 ‘etenim
598 3206 629 3270 si
644 3227 732 3290 pars
754 3208 989 3291 corruptioni
1011 3205 1266 3288 obnoxiaest,
1290 3203 1528 3287 corruptioni

170 3305 376 3370 obnoxium
411 3314 448 3372 et
486 3315 608 3373 totum
641 3309 691 3384 sit
724 3309 899 3392 oportet’.
949 3309 1064 3374 iterum
1094 3311 1114 3388 ξ
1142 3310 1181 3372 13
1203 3309 1285 3390 pi:
1317 3305 1529 3389 ‘corruptio

169 3409 446 3490 particularum
461 3409 626 3475 alicuius
642 3409 766 3494 partis
781 3418 818 3476 et
839 3411 976 3477 iterum
990 3409 1189 3493 corruptio
1210 3408 1387 3474 minimae
1409 3409 1529 3491 partis

171 3509 507 3592 huiusparticulae
521 3512 552 3576 si
569 3531 613 3578 cx
628 3511 711 3596 ipsa
727 3521 862 3578 natura
874 3521 987 3598 atque
1003 3511 1171 3578 essentia
1186 3509 1360 3593 eorporis
1376 3509 1529 3590 oriatur,

170 3611 395 3693 praesignat
411 3613 694 3697 corruptionem
710 3633 856 3696 quoque
870 3615 1034 3680 futuram
1057 3612 1230 3696 corporis
1252 3612 1387 3678 totius!
1411 3633 1471 3677 uec
1484 3633 1531 3677 se·

170 3731 227 3776 cus
245 3715 264 3792 ξ
279 3715 331 3776 14:
354 3713 426 3794 ‘qui
442 3733 531 3796 ergo
547 3763 555 3778 .
570 3765 577 3779 .
592 3716 718 3782 ·ridet
732 3715 987 3782 conditionem
1002 3714 1250 3780 animantium
1265 3763 1273 3780 .
1286 3763 1293 3779 .
1308 3765 1316 3780 .
1329 3721 1366 3779 et
1381 3714 1531 3779 unirer-

171 3812 243 3877 sim
266 3815 426 3880 omnium
448 3837 569 3884 rerum
594 3838 689 3900 quae
711 3819 748 3882 in
778 3817 912 3882 mundo
942 3823 1028 3882 sunt
1057 3836 1100 3880 ac
1130 3815 1237 3882 fuere
1266 3815 1365 3898 quod
1395 3836 1531 3899 nempe

171 3915 210 3979 in
233 3915 339 3980 fluxu
366 3917 462 4002 sint,
501 3939 625 3986 noune
651 3919 865 3986 universum
892 3919 1069 3982 mundum
1098 3919 1145 3984 ad
1176 3939 1345 3984 normam
1367 3918 1530 4001 partium

172 4037 323 4082 suarum
346 4019 563 4086 habitururn
585 4043 671 4088 esse
691 4021 973 4104 corruptionem
987 4019 1192 4086 fatebitur?
1213 4022 1289 4086 item
1306 4021 1445 4102 denique
1460 4024 1479 4099 ξ
1495 4023 1529 4084 li

171 4121 255 4204 pli:
287 4119 419 4202 ‘quum
441 4123 540 4188 euim
563 4131 603 4188 ut
625 4122 776 4190 ostendi
806 4131 944 4206 partes
974 4122 1102 4188 mundi
1134 4143 1200 4206 per
1229 4123 1532 4188 destructionem

171 4221 366 4306 corrumpi
389 4222 558 4308 videam,
581 4245 646 4290 cur
668 4245 741 4290 non
763 4223 926 4290 maiores
949 4245 1096 4308 quoque
1119 4233 1157 4290 et
1177 4226 1239 4290 vel
1262 4225 1348 4308 ipsa
1370 4225 1532 4290 elemen-

171 4329 240 4388 ta.
264 4373 272 4389 .
297 4373 305 4390 .
332 4323 573 4392 destruenda
594 4326 684 4392 fore
706 4325 931 4409 concedam,
957 4346 1067 4409 quum
1089 4327 1164 4391 iam
1191 4327 1236 4392 de
1259 4327 1424 4410 partium
1447 4347 1533 4390 oor-

170 4427 358 4510 ruptione
386 4445 517 4493 omnes
544 4427 826 4494 consentiant‘l’
861 4446 967 4510 neque
988 4428 1088 4494 semel
1110 4447 1149 4494 ac
1164 4427 1224 4512 bis,
1246 4429 1304 4493 sed
1326 4447 1532 4512 peromnem

243 4715 251 4746 ¹
272 4719 299 4768 iu
318 4717 395 4782 plane
415 4718 483 4768 idem
502 4720 568 4771 ultro
588 4723 678 4772 incidit
690 4722 909 4781 Gildemelsterns,
928 4721 971 4784 qui
990 4729 1015 4769 et
1034 4721 1087 4784 ipse
1106 4721 1232 4784 virgulam
1251 4729 1310 4784 post
1327 4723 1531 4785 corruptioni

169 4805 317 4869 ponendam
328 4805 459 4856 monebat.
491 4815 616 4871 quantum
629 4811 689 4858 insit
701 4811 728 4858 ιιι
741 4810 853 4860 Philone
866 4807 1013 4858 Stoicorum
1032 4807 1221 4870 philosophiae,
1241 4808 1317 4856 discet
1330 4809 1444 4858 Zellerus
1463 4809 1505 4856 Ill
1518 4804 1532 4854 2

172 4909 196 4956 p.
209 4889 261 4944 342
269 4891 285 4952 ¹,
300 4889 351 4943 352
361 4908 399 4954 sq.
418 4893 548 4956 Siegiried
561 4895 637 4944 Philo
652 4897 729 4945 Alex.
742 4913 766 4959 p.
780 4893 837 4944 lle.
855 4894 900 4942 sed
914 4904 1021 4956 possunt
1033 4897 1112 4944 multa
1125 4895 1194 4944 addi.
1207 4895 1239 4942 de
1253 4893 1340 4944 Stoica
1354 4896 1452 4956 origine
1466 4895 1533 4942 illius

171 4979 312 5042 syllogismi
324 4987 424 5029 constat
434 4995 466 5029 ex
477 4981 583 5030 Laertio
594 4982 646 5030 Vll
659 4982 720 5031 141:
742 4979 839 5050 ἀρέσκει
849 4974 868 5028 δ’
881 4977 963 5036 αὺτοῖς
973 4981 1016 5032 aad
1026 4979 1135 5049 φθαρτὸν
1150 4978 1208 5030 εἶναι
1223 4978 1264 5028 τὸν
1276 4979 1369 5044 κόσμον
1381 4977 1436 5042 [ἅτε
1449 4997 1533 5048 parur,-

1283 5069 1333 5146 1Ιῖιέ
