3710 5730
335 391 376 455 62
794 396 831 444 IV
870 395 918 444 DE
940 395 1041 444 Anrrr
1059 393 1224 444 PLAOITIS

316 560 368 644 ,δέ
400 557 554 642 correxit,
581 559 737 625 audacius
764 560 935 645 Byzantini
960 564 992 632 ὃς
1018 561 1048 631 ἐξ
1075 563 1187 634 ὕδατος.
1222 581 1335 628 veram
1360 563 1416 644 γάρ
1446 579 1529 624 nnus
1556 560 1699 624 Iushnus

340 659 484 726 servarit
512 661 744 728 sententiarum
769 683 893 730 conexu
919 664 1066 730 restituto
1092 665 1147 747 qui
1174 669 1247 748 post
1267 661 1411 748 Μιλήσιος
1432 661 1561 728 additi
1584 665 1699 746 πρῶτος

339 767 392 846 τῆς
414 768 539 847 φυσικῆς
560 766 732 850 φιλοσοφίας
753 765 839 849 ἄρξας
858 769 953 852 ἀρχὴν
969 803 1007 812 -
1025 769 1059 830 τὸ
1080 767 1158 851 ὕδωρ
1176 767 1345 851 ἀπεφήνατο
1358 764 1409 834 ’ἐξ
1431 766 1535 835 ὕδατος
1555 767 1610 849 γάρ
1634 767 1697 828 κτλ.

337 864 378 930 de
405 864 548 946 genuina
573 867 711 932 lectione
737 867 822 932 Astii
852 868 989 934 conlatis
1011 869 1197 932 133.4.11
1221 867 1362 935 dubitari
1390 866 1511 950 nequit
1555 873 1699 932 ceterum

338 965 540 1032 confirmavit
561 967 631 1052 ipse
646 969 840 1034 Plutarchus
857 969 1004 1036 fraudem
1026 969 1079 1052 §7
1104 969 1301 1054 circumcisa,
1325 975 1360 1034 ut
1381 989 1466 1052 quae
1488 977 1586 1036 antea
1608 988 1701 1052 prae

338 1075 471 1152 ceperat
504 1089 546 1134 ne
580 1073 715 1138 moleste
747 1079 896 1156 repetere
928 1072 1102 1138 rideretur.
1151 1070 1299 1138 similiter
1331 1071 1507 1138 Metrodori
1540 1091 1582 1138 cx
1609 1072 1698 1137 154

340 1171 536 1237 mentionem
558 1172 592 1237 in
613 1174 645 1238 Π
667 1176 684 1236 1
707 1183 724 1236 3
746 1175 885 1258 repetiit,
913 1175 968 1240 ubi
990 1174 1150 1241 Stobaeus
1172 1193 1212 1240 ao
1234 1174 1458 1242 Theodoretns
1480 1193 1590 1240 veram
1613 1173 1699 1240 herii

342 1273 514 1340 lectionem
536 1283 714 1340 servarunt.

423 1377 589 1442 Plutarchi
618 1379 716 1460 igitur
746 1378 942 1445 emblemata
963 1399 1068 1462 pauca
1090 1387 1179 1462 sunt,
1207 1385 1294 1446 certa
1324 1380 1425 1446 multo
1454 1379 1579 1446 minora
1601 1397 1699 1462 quam

341 1478 546 1544 librariorum
568 1487 646 1546 ante
664 1480 839 1548 Eusebium
862 1491 895 1548 et
916 1489 991 1565 post
1011 1502 1084 1548 eum
1105 1481 1313 1548 licentissime
1335 1490 1565 1566 grassatorum.
1600 1501 1700 1565 quan-

338 1589 406 1646 tum
423 1580 587 1648 breviator
603 1581 747 1648 omiserit
761 1603 826 1650 non
841 1603 969 1668 semper
982 1590 1133 1650 accurate
1148 1590 1257 1668 potest
1270 1584 1395 1669 dispici.
1429 1605 1535 1669 neque
1556 1583 1643 1650 idem
1664 1582 1701 1648 in

338 1683 488 1748 omnibus
510 1683 688 1749 consilium.
722 1705 822 1770 saepe
845 1686 978 1751 dimidia
1000 1704 1077 1770 pars
1099 1685 1219 1752 omissa
1235 1686 1373 1771 ridetur,
1395 1687 1479 1754 alias
1494 1685 1586 1770 nihil,
1609 1705 1700 1769 pror·

339 1807 394 1852 sus
416 1787 567 1869 neglecta
589 1793 664 1852 sunt
685 1807 790 1870 pauca
812 1789 931 1874 capita.
962 1789 1009 1854 sic
1024 1807 1045 1852 a
1060 1787 1201 1854 Stobaeo
1223 1790 1382 1856 1116-8
1404 1787 1502 1873 capiti
1518 1789 1699 1873 asphaltico

337 1889 525 1954 adiunctum
556 1895 605 1954 est
634 1891 698 1973 περὶ
728 1896 779 1954 τοῦ
809 1895 926 1975 πρώτου
955 1892 1048 1956 αἰτίου
1077 1891 1231 1958 omissum
1256 1890 1300 1956 ab
1326 1890 1393 1956 illo.
1437 1897 1511 1975 post
1533 1891 1606 1956 Ilb
1632 1891 1699 1974 περὶ

339 1993 506 2078 χρωμάτων
530 1991 564 2058 in
579 1991 722 2059 Stohaeo
745 1993 950 2060 continuatur
971 1993 1120 2076 quaestio
1135 2013 1212 2060 num
1233 1991 1406 2079 obcecsint
1421 1993 1547 2060 colores
1560 2011 1600 2058 ac
1614 2010 1701 2074 qnae

339 2096 389 2160 his
420 2101 494 2160 suut
524 2094 663 2160 confinia
690 2098 731 2176 ἓξ
750 2097 875 2162 8-11.
919 2097 953 2162 in
981 2094 1156 2162 Plutarcho
1184 2115 1225 2162 ea
1250 2093 1492 2162 interciderunt
1536 2093 1619 2160 haec
1648 2111 1702 2158 ca·

339 2197 409 2280 pita
434 2195 469 2260 in
497 2195 638 2262 Stobaco
666 2197 768 2264 titulis
794 2207 906 2264 carent
934 2199 993 2266 sed
1020 2197 1147 2264 codices
1176 2197 1306 2262 omnino
1329 2195 1459 2281 parcius
1480 2215 1521 2262 ea
1543 2198 1700 2262 lemmata

340 2297 552 2364 tradiderunt.
590 2319 691 2381 quare
712 2320 778 2364 non
804 2307 932 2366 constat
952 2319 1029 2365 num
1051 2299 1143 2364 iustis
1165 2298 1266 2364 titulis
1288 2300 1323 2364 in
1344 2298 1439 2364 Aetio
1462 2298 1612 2382 praedita
1633 2295 1703 2362 fuc-

343 2400 406 2464 rint
431 2419 475 2464 an
501 2400 662 2464 corollarii
689 2401 791 2466 instar
819 2402 995 2467 maioribus
1021 2401 1159 2466 adnexa.
1203 2406 1238 2464 at
1264 2419 1362 2465 unum
1389 2405 1476 2465 certe
1504 2406 1602 2483 eaput
1623 2405 1702 2484 post

338 2503 408 2568 114
426 2511 457 2562 14
478 2501 622 2583 neglexit
641 2502 844 2586 epitomator,
866 2504 953 2586 quod
969 2502 1102 2570 Stobaci
1118 2501 1247 2568 codices
1262 2501 1451 2585 inscriptum
1466 2507 1627 2568 testantur
1641 2505 1700 2564 τοῦ

339 2603 402 2690 ἔχει
424 2606 458 2666 τὸ
480 2606 651 2688 ἡγεμονικὸν
672 2605 820 2686 taicum.
853 2612 927 2688 post
949 2605 1033 2670 1119
1055 2606 1120 2689 περὶ
1139 2609 1193 2688 γῆς
1215 2603 1295 2668 nihil
1310 2603 1344 2668 in
1359 2601 1535 2668 Plutarcho
1556 2601 1703 2685 sequitur

339 2705 426 2788 qnod
447 2704 644 2788 respondeat
666 2705 798 2772 Stobaei
822 2714 965 2774 cxbcmo
987 2707 1094 2772 titulo:
1121 2707 1185 2790 περὶ
1212 2711 1265 2790 γῆς
1292 2707 1318 2768 εἰ
1346 2705 1398 2788 μία
1424 2706 1472 2769 καὶ
1495 2705 1702 2790 πεπερασμένη

338 2810 386 2872 καὶ
409 2809 510 2872 τοίου
534 2807 712 2889 μεγέθους.
757 2829 834 2892 crgo
860 2809 902 2874 dc
924 2806 1145 2890 magnitudine
1171 2813 1278 2890 caput,
1301 2808 1389 2890 quod
1411 2807 1515 2874 simile
1536 2806 1703 2874 invenitur

339 2911 380 2978 dc
402 2911 472 2976 sole
493 2917 526 2974 ct
548 2910 626 2974 luna
647 2910 680 2974 Π
702 2913 741 2976 21
765 2912 797 2976 11
820 2912 872 2994 26,
894 2909 1097 2993 excerpentis
1120 2907 1270 2974 socordia
1291 2911 1443 2976 omissum
1466 2915 1525 2975 est.

425 3011 590 3092 Cognatas
613 3018 662 3076 est
683 3012 772 3078 locus
795 3013 837 3078 de
858 3011 1000 3095 capitum
1025 3010 1108 3076 falso
1131 3010 1253 3076 ordine.
1283 3011 1375 3078 mitto
1402 3029 1459 3078 eas
1481 3009 1594 3075 turbas
1616 3026 1701 3090 quas

339 3111 452 3178 Actius
473 3111 544 3195 ipse
567 3113 683 3179 alicnis
698 3115 850 3180 admixtis
864 3114 898 3178 in
914 3113 1111 3178 Placitornm
1125 3133 1251 3180 conexu
1273 3113 1421 3180 ediderit.
1454 3119 1489 3180 at
1504 3110 1701 3178 Plutarchus

338 3216 354 3280 I
377 3216 418 3280 16
440 3215 504 3299 περὶ
526 3221 618 3298 τομῆς
641 3218 785 3298 σωμάτιον
808 3215 948 3282 absurde
969 3235 991 3280 a
1011 3236 1039 3282 c.
1057 3217 1096 3280 12
1123 3216 1188 3299 περὶ
1216 3216 1361 3298 σωμάτιον
1384 3213 1522 3280 diremit.
1566 3232 1702 3279 eonsen-

339 3325 470 3408 taneum
493 3317 638 3383 ordinem
661 3325 770 3384 serrat
793 3317 963 3384 Stohacus.
999 3317 1058 3384 sed
1080 3317 1177 3383 ctiam
1199 3316 1285 3382 intra
1300 3317 1409 3401 capita
1431 3316 1552 3384 similes
1573 3313 1703 3398 turbae,

6 3391 328 3489 s
340 3440 421 3504 quas
447 3438 548 3503 saepo
574 3418 713 3486 haereas
739 3427 845 3486 utrum
867 3419 952 3486 Acti
979 3439 1022 3484 un
1043 3418 1211 3484 Plutarchi
1232 3437 1275 3486 an
1296 3419 1500 3488 librariorum
1522 3436 1632 3486 errore
1653 3423 1705 3482 at»

338 3523 471 3590 tribuas.

423 3624 473 3688 1Π
497 3626 572 3689 114
601 3623 803 3692 Parmenidis
830 3623 872 3688 dc
901 3623 990 3688 aunis
1017 3622 1126 3706 opinio
1148 3622 1258 3706 inepte
1279 3621 1411 3688 additur
1433 3630 1579 3690 extremo
1601 3620 1703 3706 capiti

339 3727 403 3812 περὶ
434 3725 546 3796 θέσεως
571 3733 634 3812 γῆς.
674 3725 851 3808 releganda
883 3731 933 3790 cat
958 3723 1001 3790 ad
1029 3745 1055 3790 c.
1080 3725 1120 3788 14
1146 3725 1211 3807 περὶ
1239 3725 1407 3808 διαιρέσεως
1431 3731 1494 3810 γῆς.
1529 3743 1602 3790 cum
1636 3723 1703 3788 hoo

339 3833 436 3912 caput
458 3827 491 3892 in
513 3827 577 3894 fine
598 3834 782 3894 truncatum
803 3826 855 3911 sit,
877 3826 946 3894 reri
968 3825 1073 3892 simile
1094 3833 1145 3894 est
1160 3824 1312 3890 laciniam
1326 3825 1396 3892 lolii
1418 3827 1585 3894 cuiusdam
1607 3825 1703 3892 scissi

279 3929 281 3932 ’
339 3951 417 3998 casu
439 3930 516 3996 illuc
537 3931 730 3996 translatam
752 3949 834 3996 cssc.

425 4033 561 4098 11234
591 4031 746 4114 Diogenis
776 4030 818 4097 de
849 4029 927 4095 solis
954 4030 1115 4096 exstinctu
1144 4029 1298 4114 placitum
1330 4029 1483 4098 inseritur
1510 4029 1610 4115 capiti
1635 4031 1704 4115 cccl

338 4139 454 4221 τροπῶν
478 4134 573 4218 ἡλίου.
595 4132 779 4215 ambiguum
802 4151 869 4196 non
890 4137 941 4196 est
955 4132 1031 4214 quin
1046 4129 1306 4200 bmsserendum
1320 4131 1363 4198 sit
1376 4139 1451 4216 post
1471 4135 1602 4200 11144.
1622 4133 1709 4200 talia

338 4237 458 4304 luerint
479 4233 654 4302 Plutarchi.
688 4241 737 4301 est
758 4240 867 4300 tamen
888 4231 943 4298 ubi
965 4233 1078 4300 Attius
1100 4253 1228 4317 quoque
1249 4233 1482 4302 dormitaverit

424 4341 555 4405 11262
586 4337 768 4424 Παρμενίδης
801 4335 865 4421 ἴσην
899 4340 942 4420 τῷ
968 4337 1044 4421 ἡλίῳ
1078 4333 1210 4423 [lunam]
1244 4338 1293 4402 καὶ
1326 4334 1373 4401 ἀπ’
1411 4337 1502 4404 αὐτοῦ
1534 4337 1705 4422 φωτίζεται.

341 4441 501 4508 Stobacus
522 4439 614 4506 addit
635 4441 704 4524 γάρ,
731 4439 817 4505 idem
844 4437 984 4504 fortasse
1005 4437 1119 4504 babuit
1139 4439 1300 4506 Eusebius
1322 4435 1427 4524 [codd
1450 4435 1620 4524 DEFG]‚
1642 4437 1707 4504 sed

340 4564 454 4628 parum
481 4542 557 4609 fidei
579 4541 829 4609 Gaislordianac
859 4539 993 4606 editioni
1016 4548 1049 4608 et
1075 4547 1165 4608 caret
1186 4541 1347 4625 particula
1373 4538 1519 4606 Galenus
1541 4560 1613 4606 cum
1634 4539 1708 4606 vul-

340 4646 435 4728 gatis.
480 4645 521 4712 dc
543 4645 744 4713 absurditate
767 4642 929 4727 opinionis
951 4642 1032 4708 nihil
1054 4641 1164 4710 dico.¹
1208 4661 1270 4710 nco
1295 4641 1405 4708 sanior
1431 4639 1566 4708 efficitur
1586 4659 1708 4708 sensus

412 4883 420 4915 ¹
439 4887 545 4935 omnino
564 4887 694 4936 conmaria
712 4885 892 4936 concluserunt
909 4883 991 4934 Stoici
1010 4883 1096 4934 Laert.
1111 4881 1163 4932 v11
1180 4879 1229 4930 144
1248 4877 1327 4946 μείζω
1350 4879 1376 4932 el
1399 4883 1445 4949 τῆς
1466 4883 1513 4949 γῆς
1534 4881 1641 4946 [solem]
1662 4887 1705 4951 τῷ

341 4977 422 5026 πᾶσαν
441 4969 480 5024 ὑπ’
502 4969 580 5024 αὑτοῦ
599 4965 759 5040 φωτίζεσθαι.
