3756 5736
324 339 384 422 198
588 359 653 410 XVI
690 359 739 409 Du
760 360 861 408 ΑΕΤΠ
880 359 1116 410 Ρ1Αο1Το1111111
1138 359 1408 410 (ὈΜΡΟὸΙΤΙΟΝΕ

366 529 466 607 ipsum
487 547 589 592 semen
611 530 736 610 quinium
757 536 867 610 putun't
888 549 929 592 ec
950 529 1093 592 medullis
1115 537 1247 605 tontum,
1277 531 1403 612 quiniou
1430 549 1471 592 ee
1499 532 1582 592 omui
1609 549 1683 593 cor-

322 648 400 710 pore
422 630 466 692 orl
487 649 596 694 cenum
616 633 778 714 penituleu
800 632 953 712 confluere
974 632 1077 714 ilique
1097 651 1305 696 coummcere.

367 751 432 795 non
455 738 563 816 potest
584 731 654 798 fieri
676 732 752 817 quin
764 732 919 798 Varronis
938 733 1151 802 eruditionem
1174 733 1227 818 [of.
1244 733 1448 799 Censorini>
1466 741 1483 794 i
1505 734 1635 800 Plao.V
1651 735 1684 817 3]

324 830 517 914 adgnosoue.
561 833 620 900 sed
642 853 717 901 ecce
740 833 837 900 etiem
859 855 978 902 nomen

368 945 547 1017 conceptum
566 939 661 1018 iqitnr
681 937 799 1000 Varro
815 948 843 1000 et
859 940 1089 1004 Aristoteles
1109 941 1156 1002 sic
1176 939 1246 1018 fieri
1263 937 1466 1002 arbitrentur.
1502 940 1686 1002 1111111111(

326 1057 388 1100 non
410 1048 527 1102 tontum
547 1039 686 1103 muribus
707 1043 807 1102 inesse
827 1061 929 1105 semen
950 1063 1056 1106 ouum
1078 1045 1171 1106 etium
1191 1042 1324 1122 seminia
1367 1049 1394 1104 et
1414 1041 1487 1104 iude
1506 1041 1687 1122 pinumque

326 1141 477 1205 matribus
505 1144 620 1206 mutiles
646 1145 819 1224 procreari.
864 1146 919 1207 secl
950 1166 1056 1208 eorum
1085 1147 1238 1227 sanquine
1266 1163 1333 1206 erse
1359 1152 1544 1224 purpurium:
1576 1143 1687 1224 quodsi

326 1252 408 1306 recte
431 1263 499 1306 cum
520 1247 605 1308 uirili
626 1247 754 1307 minctum
776 1249 817 1308 sit
839 1257 970 1329 utruque
991 1258 1137 1311 concretu
1159 1257 1187 1309 et
1208 1248 1301 1309 simul
1322 1247 1490 1326 maculata
1510 1247 1687 1326 informari.

324 1347 458 1426 primurn
480 1348 602 1428 quitiam
625 1367 680 1410 cor
704 1349 820 1412 lumini
841 1353 988 1431 confinpi,
1012 1352 1149 1432 quentin
1171 1369 1207 1412 eo
1228 1352 1269 1412 sit
1290 1359 1319 1411 et
1341 1350 1407 1412 nitu
1427 1349 1559 1412 1111111111
1581 1357 1609 1410 at
1630 1366 1688 1410 eo-

325 1451 454 1528 pientia,
478 1451 608 1531 denique
631 1458 724 1512 totum
748 1471 826 1532 opus
850 1454 1087 1534 quadropeaimo
1110 1453 1161 1514 ulie
1183 1453 1399 1515 commutari.

370 1548 412 1614 de
444 1549 629 1616 Aristotelis
662 1550 809 1618 doctrina
841 1573 863 1618 a
889 1555 1036 1620 Varrone
1068 1561 1199 1637 receptu
1232 1553 1272 1618 oi.
1299 1553 1385 1618 Rose
1417 1551 1471 1616 Ar.
1494 1571 1543 1635 ps.
1566 1572 1597 1635 p.
1615 1551 1687 1616 383.

328 1651 416 1716 Plan.
428 1650 490 1716 Vl)
509 1661 534 1717 2.
552 1653 572 1717 6
594 1664 617 1719 1.
640 1653 682 1718 de
698 1654 794 1720 eorde
810 1656 976 1722 crescendi
991 1655 1084 1721 initio
1100 1655 1138 1722 ef.
1152 1654 1320 1722 Censorin.
1336 1656 1357 1718 6
1376 1665 1389 1716 1
1406 1661 1439 1720 et
1453 1673 1552 1738 supra
1566 1675 1597 1738 p.
1608 1653 1689 1718 190²

328 1751 370 1818 de
391 1753 639 1838 quadragesimo
662 1754 716 1820 die
738 1757 825 1822 Ploe.
842 1757 870 1822 V
885 1759 924 1822 21
949 1768 973 1823 1.
996 1759 1004 1788 ¹

416 1853 536 1921 Similis
575 1856 762 1942 opinionum
799 1860 998 1926 enumeratio
1032 1859 1169 1926 Varroni
1202 1859 1237 1924 in
1275 1857 1507 1925 Commentis
1543 1858 1688 1924 Lucani

330 1955 548 2024 Bernensibus
569 1959 719 2025 tribuitur
741 1979 773 2043 p.
789 1961 862 2046 220,
880 1964 919 2028 19
932 1963 1067 2030 Usener.

422 2059 523 2124 Varro
549 2064 631 2126 dieii
656 2065 777 2126 somnia
798 2068 888 2128 nurci
910 2075 964 2128 out
992 2087 1031 2128 ec
1053 2065 1247 2130 mutantia
1266 2065 1494 2145 principiorum
1515 2065 1690 2128 (1111111111-

330 2164 465 2239 untione,
488 2183 556 2226 cum
578 2175 631 2226 out
651 2167 724 2246 plue
745 2167 834 2229 nobis
856 2169 974 2232 coloris
996 2179 1041 2232 eat
1063 2178 1118 2232 out
1139 2169 1240 2230 minue
1255 2177 1309 2230 out
1322 2168 1394 2246 plus
1407 2167 1546 2230 tumoris
1561 2175 1616 2230 nist
1629 2169 1691 2230 oti-

331 2285 389 2327 nus
411 2275 466 2328 unt
484 2267 557 2346 pius
580 2269 665 2330 ueris
687 2281 741 2334 out
763 2275 864 2336 minus
887 2274 1032 2354 uutplus
1055 2273 1169 2334 terreto
1194 2271 1381 2332 autminus.
1427 2289 1500 2332 num
1526 2287 1595 2332 cam
1620 2271 1691 2350 plus

330 2369 411 2448 ionis
434 2377 488 2444 cst,
509 2372 542 2431 in
563 2375 688 2435 semum·
699 2377 843 2454 potiones
858 2387 886 2438 et
901 2397 989 2438 omne
1002 2395 1097 2456 penus
1112 2375 1362 2454 refriperotionis
1378 2373 1602 2447 desideramus,
1624 2389 1691 2434 eum

332 2473 415 2534 ceris
437 2470 632 2536 abnndantia
652 2479 761 2540 colore
776 2499 833 2541 nos
849 2490 876 2541 et
890 2479 1034 2541 sublimio
1047 2487 1151 2560 petere
1166 2486 1195 2540 et
1209 2479 1243 2540 in
1258 2479 1367 2540 ceteris
1381 2479 1432 2540 sui
1445 2475 1562 2540 riutilio
1577 2474 1691 2556 collipi.

417 2575 608 2655 Epicurus
630 2579 704 2642 dicit
727 2589 846 2658 atomos
867 2583 995 2663 intinere
1016 2583 1264 2644 animisnostris
1279 2582 1312 2644 in
1326 2577 1512 2658 iuopinlbut
1526 2596 1692 2658 corporum

333 2683 361 2738 ct
383 2697 421 2739 co
444 2697 523 2759 quoe
542 2683 692 2760 pessimus
715 2694 768 2744 orit
792 2704 871 2774 quoe
897 2688 1012 2765 pesturi
1033 2705 1138 2748 turnus
1158 2705 1216 2765 per·
1237 2686 1366 2766 quietem
1386 2677 1497 2744 toccu.

418 2781 522 2846 Pluto
545 2784 615 2845 item
638 2786 718 2848 linit
739 2789 826 2850 iecur
845 2797 983 2852 nostrum
1005 2791 1120 2852 leuiore
1133 2807 1209 2852 suco
1222 2796 1387 2868 proestare
1402 2786 1596 2866 splendorem
1610 2786 1693 2848 uelut

331 2887 489 2964 speculum
503 2889 567 2962 [in]
583 2907 642 2968 quo
662 2891 734 2952 dum
748 2893 914 2954 inciderint
929 2895 1077 2974 inrupines
1093 2894 1167 2956 illue
1182 2911 1260 2973 quae
1275 2891 1431 2971 Epicurus
1445 2889 1543 2954 tradit
1557 2891 1692 2952 animum

333 3008 387 3050 ens
408 2989 514 3052 cidere
541 3001 570 3052 et
592 3011 671 3072 quoe
699 2993 812 3056 lubeat
833 2999 955 3058 somnia
978 2999 1079 3060 cortici
1095 2998 1156 3072 [?].
1191 3013 1398 3077 quoecumque
1419 2996 1514 3076 ipitru
1532 2993 1693 3056 uideamus

333 3100 386 3152 urit
413 3111 470 3171 per
496 3094 745 3157 recordationem
766 3117 870 3160 rerum
893 3117 970 3180 quos
994 3101 1145 3178 pessimus
1168 3108 1222 3160 out
1241 3117 1299 3178 per
1319 3108 1439 3174 metum,
1461 3098 1535 3160 duur
1555 3098 1693 3160 timemus

333 3194 442 3273 qualia
463 3205 610 3258 eoentnro
630 3199 703 3274 sint,
723 3203 939 3282 prospicimus.

332 3303 431 3310 ...ψ-,-

405 3337 466 3389 ¹ex
493 3340 593 3401 reliqua
616 3341 745 3392 Lactantii
773 3343 830 3392 libri
858 3351 929 3406 perte
958 3344 1057 3404 insigne
1086 3357 1107 3392 c.
1123 3341 1163 3393 17.
1188 3357 1224 3391 un
1247 3341 1270 3392 ai
1293 3339 1359 3392 milii
1380 3338 1435 3406 quis
1460 3337 1558 3389 (11111111
1582 3351 1691 3388 aeneum

333 3439 388 3474 este
415 3423 517 3474 coslum
544 3435 589 3477 unt
617 3426 726 3477 vitreum
753 3437 798 3478 nul
824 3439 854 3480 ut
881 3427 1052 3494 Enipedcclae
1080 3429 1119 3479 cit
1146 3443 1233 3479 aerem
1253 3426 1394 3494 glacialem
1418 3426 1462 3489 [ci.
1484 3427 1556 3478 Plau
1573 3427 1602 3475 11
1619 3425 1648 3476 ll
1668 3429 1693 3492 u]

332 3511 456 3562 statimne
478 3512 628 3564 essentiari
655 3517 687 3568 de
710 3519 806 3568 mundo
831 3519 914 3569 Varro
942 3519 970 3568 in
992 3517 1129 3568 Tuberone
1152 3531 1254 3580 quoque
1277 3525 1372 3580 egerat.
1399 3516 1431 3566 ci.
1453 3515 1533 3566 Proh.
1556 3515 1590 3566 ed
1612 3515 1692 3580 Verg.

333 3601 379 3650 ecl.
393 3597 424 3650 31
446 3617 471 3666 p.
495 3600 535 3663 19,
552 3601 605 3652 111.
633 3601 670 3652 ud
697 3619 776 3668 quant
799 3605 938 3670 imaginem
967 3599 1052 3654 Varro
1075 3601 1172 3653 mundo
1200 3619 1275 3654 ouum
1301 3601 1462 3668 comparauit
1490 3599 1573 3664 [Plac.
1598 3603 1626 3652 Il
1648 3599 1693 3652 21

333 3687 429 3737 Achill.
447 3704 468 3738 s.
486 3705 511 3753 p.
526 3685 575 3739 127
590 3691 645 3739 Pet.
675 3690 774 3742 Comm.
801 3693 900 3744 Lucani
928 3709 953 3758 p.
974 3690 1032 3754 153,
1047 3689 1081 3742 ut
1109 3691 1222 3742 Cassiod.
1250 3691 1312 3742 San.
1339 3700 1356 3742 t.
1372 3693 1400 3742 11
1423 3687 1532 3758 puoch
1561 3690 1635 3754 Gan]
1664 3689 1693 3739 in

334 3773 484 3840 lepistorico
507 3777 553 3842 qui
576 3776 728 3828 inscribitur
749 3777 848 3830 Tubero
871 3779 903 3829 ‹le
926 3778 1028 3846 origine
1051 3778 1168 3830 humanu
1192 3779 1230 3830 eie
1252 3779 1342 3829 dicens
1363 3773 1476 3829 ‘coelunt
1498 3783 1527 3828 ut
1546 3786 1613 3830 testo
1632 3777 1693 3828 item

333 3860 452 3911 vitellum
471 3871 500 3914 ut
519 3871 599 3925 terro,
618 3864 687 3916 inter
705 3863 754 3915 illo
773 3865 823 3916 tirno
841 3865 933 3917 utimur
952 3867 1030 3933 quasi
1049 3865 1123 3932 1κμάς
1142 3865 1260 3917 inclusus
1281 3883 1327 3916 aer
1342 3867 1371 3918 in
1384 3883 1433 3930 quc
1446 3863 1535 3916 cclor'.
1557 3864 1586 3914 in
1605 3863 1694 3914 eodeni

333 3947 413 3998 atium
440 3947 507 4000 libro
536 3947 620 4000 Varro
644 3951 837 4016 interpretetur
864 3953 984 4004 vitellum
1013 3953 1180 4020 appellatum
1208 3955 1271 4018 quic
1297 3961 1399 4020 perteret
1422 3951 1524 4004 vitalio.
1561 3968 1653 4018 nempe
1677 3967 1694 4001 a

332 4037 428 4088 mundo
448 4035 502 4086 sive
521 4047 627 4089 aeterno
647 4041 701 4090 sive
719 4042 824 4091 mortali
843 4043 959 4092 similiter
977 4043 1009 4093 de
1028 4044 1142 4094 humanu
1155 4045 1254 4106 origiue
1267 4043 1454 4106 disceptabunt
1473 4055 1534 4106 ergo
1548 4041 1693 4090 Tuberonis

332 4125 380 4174 tuit
392 4127 493 4175 initium
506 4128 583 4189 quale
597 4129 755 4178 Placitorunr
769 4129 791 4178 V
808 4129 840 4182 19
859 4125 917 4180 καθ’
933 4127 975 4186 οὒς
987 4129 1032 4196 μὲν
1044 4127 1145 4200 γενητὸς
1163 4126 1283 4195 inituro:
1300 4127 1391 4197 γενητὰ
1408 4127 1440 4180 τὰ
1459 4127 1512 4196 ζῷα
1530 4127 1574 4180 uel
1592 4123 1694 4195 φθαρτά

333 4209 400 4262 εἰσιν.
428 4214 459 4262 ei.
478 4213 586 4264 Sueten.
610 4216 702 4278 reliqu.
722 4233 746 4280 p.
761 4215 810 4268 193
828 4218 904 4268 Rern.
936 4219 1023 4268 mundi
1047 4222 1145 4269 oeterni
1169 4221 1319 4284 opinionem
1345 4219 1537 4268 Varroniensm
1560 4219 1694 4282 impugnet

333 4300 411 4348 libros
423 4301 614 4364 Antiquitatum
633 4302 778 4353 divinarum
798 4307 935 4369 respiciens
948 4307 1123 4356 Tartrrtlianue
1142 4305 1239 4355 edunt.
1253 4303 1317 4355 113.
1343 4307 1373 4356 ci.
1387 4305 1554 4370 Philargyrus
1567 4304 1600 4353 ed
1613 4305 1692 4367 Verg.

334 4389 429 4452 Georg.
446 4389 474 4438 11
492 4386 544 4442 336
573 4386 657 4438 Varro
675 4397 762 4440 eutem
780 4391 809 4441 in
827 4402 920 4442 actura
939 4409 1006 4458 quae
1025 4393 1151 4444 scribitur·
1164 4391 1196 4442 de
1207 4391 1294 4442 reluta
1308 4391 1347 4442 ait
1365 4390 1492 4442 mundum
1510 4391 1584 4442 kostel
1602 4400 1694 4441 nutum

333 4490 388 4525 esse
406 4490 490 4540 neque
508 4475 583 4526 mori.
611 4475 691 4529 Pluto
710 4487 796 4528 cutam
815 4487 907 4529 notum
926 4487 954 4530 at
971 4496 1025 4530 nou
1044 4481 1119 4531 mori.
1140 4479 1307 4530 Metrodorus
1330 4487 1417 4529 autern
1435 4495 1519 4544 neque
1537 4487 1629 4529 natum
1647 4493 1693 4528 ne·

333 4577 381 4629 que
406 4563 482 4614 mori.
511 4561 601 4614 Zenon
625 4580 656 4614 ee
674 4565 721 4616 lucc
740 4565 837 4617 mundo
856 4569 975 4632 quumvis
995 4567 1089 4634 aliquo
1112 4569 1259 4630 intereunt,
1285 4575 1371 4618 tomen
1390 4567 1477 4634 ipsum
1495 4575 1621 4632 perpetuo
1639 4583 1692 4614 nro-

332 4665 394 4701 nere
416 4650 480 4716 quia
499 4649 653 4702 inhaereant
671 4651 696 4704 ei
714 4653 842 4705 elementa
862 4670 875 4705 e
894 4653 984 4718 quibus
1001 4665 1164 4722 quererentur
1177 4657 1304 4707 materiae
1317 4665 1345 4706 ut
1364 4655 1432 4706 uteie
1451 4669 1567 4706 crescere
1586 4652 1692 4720 quidem

332 4737 380 4790 secl
398 4733 435 4789 att
453 4738 590 4790 interitum
612 4755 667 4790 non
690 4742 833 4807 peruenire
855 4741 1020 4793 manentibus
1039 4743 1207 4794 elementiae
1225 4745 1318 4810 quillus
1344 4741 1519 4794 recalescant.
1556 4743 1693 4807 opiniones

332 4829 352 4877 si
376 4841 392 4877 e
416 4829 535 4879 Varrone
559 4829 681 4880 collectae
705 4833 821 4893 luerunt,
845 4847 862 4880 a
889 4837 977 4880 sutura
1001 4831 1148 4882 abhorrent.
1181 4835 1212 4882 cs.
1235 4833 1311 4883 Riese
1335 4835 1411 4882 Verr.
1427 4817 1483 4880 sat.
1507 4831 1552 4880 rel.
1573 4845 1597 4893 p.
1610 4827 1645 4878 45
1654 4844 1692 4891 sq.

332 4931 398 4979 quae
417 4918 448 4966 de
462 4917 632 4982 Xenophanie
651 4919 736 4968 studio
756 4919 920 4968 Varroniano
940 4927 1050 4982 nugatus
1069 4921 1102 4968 sit
1125 4920 1245 4971 Krahner
1263 4937 1354 4972 comm.
1373 4921 1404 4970 (le
1425 4920 1536 4970 Vertou.
1557 4917 1591 4967 N.
1610 4917 1691 4966 Bran·

332 5005 407 5058 denb.
428 5003 494 5058 1816
513 5005 567 5072 p.8
586 5007 647 5056 nolo
667 5007 786 5058 refutare.
