3708 5732
683 403 958 458 rsonuuouuus
1438 405 1500 470 159

224 575 320 640 Iuvat
342 572 500 638 hocloco
522 577 666 638 nostram
688 573 731 640 de
745 569 877 638 Eusebii
899 571 1064 639 codicibus
1079 574 1274 640 sententiam
1289 573 1443 658 prolerre,
1466 580 1501 638 ut

137 682 251 742 votum
273 694 372 761 snpra
394 697 426 759 p.
441 676 483 744 43
506 679 691 758 susceptum
714 673 888 740 solvamus.
926 681 1053 741 constat
1075 695 1135 742 nee
1155 675 1375 742 Gaislordium
1397 676 1502 759 potuit

139 777 255 844 fallere
270 777 415 845 codicem
429 777 459 842 A
474 783 509 842 ut
524 775 783 860 antiquissimum
797 775 844 843 ita
859 775 1013 860 optimum
1029 796 1101 844 esse
1115 777 1241 844 librum.
1269 779 1327 845 sed
1340 798 1406 844 non
1420 777 1502 844 vidit

138 902 180 948 ex
203 880 318 948 eodem
341 878 520 964 exemplari
543 879 629 946 unde
643 879 683 965 A,
705 880 764 947 sed
785 877 922 945 subinde
944 879 1126 961 religiosius
1148 881 1344 965 descriptum
1366 899 1438 946 esse
1460 879 1500 945 H.

138 982 227 1067 quod
247 1001 309 1048 nos
330 981 461 1049 edocuit
483 981 521 1048 (i.
545 980 732 1048 Dindorlius
755 981 889 1048 editioni
911 1001 990 1048 suae
1012 981 1179 1066 praelatus
1200 1005 1232 1067 p.
1248 1003 1282 1046 vr
1294 1003 1362 1066 sqq.
1397 983 1501 1048 altera

137 1085 265 1152 familia
286 1083 508 1169 complectitur
530 1083 629 1150 libros
652 1082 749 1149 CGD
764 1119 807 1131 --
821 1103 897 1150 nam
912 1083 939 1148 F
955 1104 996 1150 ex
1011 1083 1041 1149 (i
1056 1084 1236 1169 descriptus
1259 1085 1396 1152 videtur.
1425 1085 1501 1150 boni

138 1194 215 1255 sunt
238 1186 311 1272 OG,
333 1186 450 1252 futtilis
473 1185 730 1270 coniecturisque
755 1193 790 1252 et
815 1207 856 1253 ex
878 1186 1053 1253 Plutarcho
1075 1187 1308 1271 supplementis
1329 1187 1503 1272 interpola-

138 1297 192 1357 tos
205 1291 247 1356 D.
269 1287 366 1356 tertia
380 1286 494 1354 classis
510 1287 653 1354 continet
668 1287 796 1356 codices
810 1289 906 1374 BEI,
928 1287 1061 1354 inferior
1076 1289 1179 1372 prima
1194 1289 1355 1356 etaltera.
1378 1289 1424 1354 sic
1439 1309 1500 1372 ego

138 1395 269 1461 codices
286 1399 373 1458 taxo.
396 1390 492 1456 aliter
507 1390 546 1456 (i.
560 1389 709 1456 Wolffius
724 1391 898 1478 Porphyrii
919 1391 961 1458 (le
982 1391 1189 1476 philosophia
1209 1411 1250 1458 ex
1274 1392 1395 1457 oracul.
1410 1391 1501 1458 baur.

137 1497 211 1563 libr.
223 1495 337 1578 reliqu.
353 1514 385 1578 p.
398 1494 469 1560 103.
492 1493 520 1559 is
537 1492 631 1559 Bes
647 1494 834 1578 complexus
846 1494 949 1560 codici
960 1495 975 1559 l
987 1495 1184 1579 peculiarem
1195 1496 1300 1561 locum
1312 1494 1500 1578 assignavit.

138 1619 237 1682 quem
259 1602 389 1665 secutus
413 1604 463 1662 est
485 1595 525 1662 G.
541 1593 737 1662 Dindorfius.
770 1595 945 1663 novissime
966 1603 1000 1662 et
1020 1597 1228 1664 subtilissime
1250 1603 1286 1662 ut
1307 1597 1391 1663 solet
1404 1597 1502 1663 Freu-

138 1699 328 1767 deuthalina
350 1696 532 1786 [Hellenist.
550 1697 642 1764 Stud.
665 1719 697 1781 p.
715 1699 776 1764 199
787 1697 871 1786 eqo}
896 1719 964 1766 rem
990 1697 1098 1765 denuo
1121 1699 1289 1791 ¹tractavit.
1332 1699 1361 1764 is
1387 1698 1503 1764 notitia

141 1803 186 1868 de
209 1801 309 1868 codic.
337 1801 497 1868 Vossiauo
521 1801 581 1865 197
606 1798 715 1882 [simili
736 1798 806 1887 Ill]
829 1809 862 1868 et
883 1801 1041 1868 Vaticano
1066 1801 1149 1868 1303
1170 1821 1196 1866 s.
1211 1801 1273 1867 XV
1296 1799 1403 1888 [simili
1425 1799 1502 1890 ΘΓ]

139 1904 256 1972 addita
277 1905 414 1989 primum
438 1904 467 1969 ll
489 1924 529 1970 ex
547 1903 573 1986 1,
596 1901 622 1966 F
646 1921 687 1969 ex
702 1902 732 1969 G
747 1903 926 1989 descriptos
947 1904 1089 1988 negavit.
1122 1904 1193 1988 ipse
1215 1910 1325 1971 tamen
1347 1903 1410 1971 hoc
1431 1923 1503 1988 pro-

139 2007 216 2073 tulit
238 2007 386 2074 codicum
407 2013 539 2092 praeter
559 2004 624 2072 ΑΗ
646 2011 783 2074 stemma

695 2219 836 2232 mu·—
871 2223 873 2228 .

696 2233 703 2324 l
830 2233 835 2320 l

751 2391 776 2586 l

139 2899 218 2966 hinc
244 2895 460 2983 principatum
481 2897 497 2963 I
519 2916 592 2964 oum
613 2897 641 2963 E
664 2895 789 2980 obtulit,
811 2893 906 2961 OGF
928 2895 1071 2960 secundo
1093 2895 1165 2962 loco
1187 2897 1369 2982 collocavit,
1390 2900 1428 2985 Β,
1451 2901 1503 2966 cui

138 3004 172 3070 D
189 3002 289 3086 paulo
304 3005 497 3086 praestaret,
512 2999 546 3066 in
561 2997 708 3064 ultimum
722 2999 829 3064 locum
844 3002 880 3062 ut
893 2995 1124 3081 interpolatum
1139 3004 1172 3064 et
1186 3004 1368 3066 truncatum
1381 3001 1503 3070 reiecit.

137 3112 257 3172 neuter
284 3103 363 3170 mibi
389 3123 502 3170 rerum
531 3101 706 3168 adsecutus
733 3100 870 3168 videtur.
914 3098 995 3164 illud
1022 3099 1152 3183 quidem
1179 3101 1266 3168 unde
1293 3103 1429 3188 quisquc
1450 3106 1504 3172 de

137 3206 281 3291 scriptus
314 3205 370 3290 sit,
401 3205 562 3287 integrum
593 3223 666 3272 esse
692 3203 798 3272 iubeo.
843 3201 995 3285 expediet
1025 3207 1134 3270 antem
1166 3203 1221 3287 qui
1253 3204 1342 3289 ipsos
1375 3209 1503 3276 codices

136 3307 328 3393 inspexerit.
373 3306 508 3374 forsitan
530 3305 561 3374 ei
582 3306 660 3390 loci,
688 3306 742 3389 qui
765 3303 1052 3372 Frendenthalium
1072 3306 1107 3372 in
1129 3325 1222 3372 suam
1244 3307 1428 3391 opinionem
1450 3310 1504 3378 de·

137 3411 318 3496 duxerant,
344 3409 555 3492 neglegenter
575 3407 610 3474 ln
632 3407 864 3474 Galsfordiana
889 3407 992 3473 notati
1015 3407 1230 3476 inveniantur.
1274 3411 1371 3476 venia
1393 3419 1502 3478 autem

137 3512 253 3578 danda
274 3519 325 3579 est
346 3513 518 3597 unicuique
540 3510 595 3595 qui
615 3509 701 3576 illius
721 3516 884 3594 apparatu
905 3509 1001 3576 nixus
1023 3530 1153 3577 manum
1175 3513 1375 3580 recensendo
1394 3513 1504 3580 admo·

136 3621 233 3680 turus
253 3621 312 3682 est
356 3615 441 3682 adeo
469 3623 503 3682 et
527 3613 584 3680 ille
609 3612 756 3680 codicum
783 3612 879 3680 crisin
907 3611 1100 3695 subterfugit
1126 3620 1160 3680 ct
1186 3613 1295 3697 quiin
1318 3616 1503 3682 elususum

137 3718 347 3784 contulerunt
371 3717 622 3784 accurationem.
645 3715 652 3747 ¹
698 3721 734 3781 nt
755 3721 865 3782 tamen
892 3731 998 3781 meam
1028 3712 1213 3798 opinionem
1234 3715 1420 3784 confirmem
1442 3718 1504 3803 pri-

136 3841 228 3886 mum
249 3839 413 3906 apponam
435 3820 497 3886 XV
519 3821 561 3888 23
573 3839 620 3901 sq.
654 3816 709 3882 ubi
731 3815 864 3883 Placitis
887 3815 1083 3900 comparatis
1108 3816 1150 3884 de
1171 3839 1251 3884 vera
1272 3819 1413 3888 lectione
1434 3820 1503 3888 lere

136 3941 316 4005 numquam
337 3922 510 3990 dubitabis.

181 4023 246 4089 XV
267 4025 309 4090 23

226 4127 419 4214 ἐκφαινοΰσης
441 4125 572 4194 ODFG
594 4125 655 4209 [sic
677 4123 883 4206 Plutarchus]
1176 4125 1348 4214 ἐμφαίνοντα
1369 4126 1396 4190 Β

226 4232 481 4316 προσονομάζομεν
504 4227 637 4295 ODFG
658 4232 747 4294 recte
1175 4230 1248 4314 πρὸς
1274 4230 1453 4312 ὀνομάζομεν
1476 4227 1503 4293 Β

1200 4335 1265 4400 πῶς
1280 4332 1460 4414 ὀνομάζομεν
1475 4329 1503 4396 E

225 4435 393 4519 ἁνταύγιιαν
415 4433 488 4500 εἶναι
510 4437 562 4498 τοῦ
585 4432 650 4518 περὶ
672 4432 725 4516 τὴν
747 4429 921 4516 γῆνμοῖθνὶ
945 4429 1029 4496 osil.
1181 4431 1289 4499 omiss.
1312 4431 1371 4498 ΒΕ

160 4536 205 4601 24
224 4534 289 4602 ἴσον
312 4535 384 4602 εἶναι
406 4535 506 4603 ceteri
528 4535 612 4602 esil.
637 4531 694 4621 [sic
716 4529 813 4618 Pleu]
1180 4532 1253 4598 εἶναι
1274 4533 1337 4598 ἴσον
1359 4533 1408 4598 ΒΙ

215 4827 224 4860 ¹
242 4829 293 4880 boc
307 4833 432 4896 exipsius
450 4831 535 4884 verbis
553 4834 632 4893 petet.
646 4826 716 4875 velut
734 4833 751 4874 t.
763 4825 805 4875 111
822 4841 848 4890 p.
859 4820 933 4878 486‘¹
953 4821 1004 4875 tect
1017 4849 1050 4859 -
1064 4819 1158 4889 κόσμος
1171 4837 1219 4872 om.
1233 4823 1289 4874 OD
1303 4821 1341 4886 [et
1352 4821 1388 4886 B]
1402 4829 1426 4873 ct
1439 4819 1504 4871 baec

144 4913 292 4966 immine
302 4913 427 4970 ridentur
439 4915 477 4983 (i)
491 4915 603 4968 editores
615 4929 647 4965 cc
658 4909 810 4965 Plutarcho.
839 4927 895 4962 cum
907 4913 940 4961 ‹le
959 4914 1050 4962 ceteris
1069 4911 1133 4962 nibil
1151 4911 1221 4962 dicat
1239 4911 1377 4971 codicibus,
1396 4915 1504 4973 apparet

142 5017 222 5066 quam
239 5001 321 5056 fallax
339 5007 373 5056 slt
390 5019 405 5056 e
424 5005 551 5058 acauno
570 5001 699 5054 iudicium.
736 4999 805 5054 idem
823 4999 961 5052 mnnilcsto
980 5005 1087 5066 apparet
1106 5013 1130 5062 p.
1143 4996 1195 5051 483
1214 5015 1234 5048 s.
1254 5015 1278 5048 v.
1297 4993 1393 5064 μήλιος.
