3708 5732
318 389 379 454 112
538 391 603 440 Vlll
640 388 686 436 bs
704 385 953 438 THEOPHRASTI
974 385 1200 436 PllYSlCOliUbl
1220 385 1446 436 OPlNlONIBUS

237 609 239 614 .
316 578 413 643 quam
437 557 568 624 diversa
589 559 631 624 sit
652 558 817 642 utriusque
845 557 878 622 in
906 563 1096 639 argumento
1126 557 1223 622 simili
1251 558 1348 638 ratio,
1381 565 1528 642 apparet.
1566 570 1682 630 eontra

317 681 389 726 oum
417 659 712 726 Pseudaristotelea
740 667 864 726 tantum
891 678 954 724 non
984 657 1187 724 adverbum
1215 677 1285 724 oum
1308 660 1475 744 Simplicio
1498 663 1681 744 concinant,

316 763 423 828 nullus
446 762 558 838 dubito
580 762 697 828 Zelleri
718 763 782 827 iam
809 761 991 828 accuratius
1017 760 1174 846 probatae
1205 760 1349 844 opinioni
1379 761 1596 849 subscribere,
1626 767 1682 850 qui

316 865 538 952 Theophrasto
565 864 674 929 relicto
702 863 799 930 tacito
821 864 952 928 nomine
974 863 1031 930 illa
1053 861 1227 946 compilata
1251 883 1324 928 esse
1348 866 1466 948 posuit

403 967 468 1034 Sed
490 965 632 1030 nondum
655 965 892 1032 dubitationum
914 971 1050 1050 apparet
1072 965 1154 1032 finis.
1177 966 1262 1032 unde
1284 967 1414 1032 tandem
1438 975 1581 1034 extrema
1603 971 1682 1038 snb

317 1071 453 1138 affluunt
467 1071 543 1134 ὥστε
558 1071 605 1134 καὶ
618 1071 685 1134 ὅταν
698 1070 728 1132 ἐν
739 1069 837 1154 ταύτῷ
851 1070 944 1152 μένειν
955 1069 1027 1152 λέγῃ
1041 1105 1080 1115 -
1093 1069 1261 1154 κραδαίνειί
1283 1069 1383 1153 quid?
1405 1070 1602 1156 Simplicium
1616 1093 1682 1140 non

317 1176 421 1240 solum
437 1172 714 1238 ratiocinationem
737 1170 907 1238 sedetiam
923 1191 1035 1238 versus
1050 1172 1153 1255 ipsum
1169 1172 1319 1254 largitum
1334 1172 1525 1240 credamus?
1546 1177 1684 1243 innuere

319 1276 448 1344 videtur
462 1275 606 1340 Zellerus
621 1273 757 1340 1⁴474⁸
772 1273 874 1356 (lto).
909 1273 993 1338 absit
1007 1281 1043 1338 ut
1057 1274 1222 1359 Simplicio
1245 1275 1430 1358 insperatae
1452 1296 1510 1360 pro
1533 1283 1686 1363 tempori·

317 1380 378 1444 bus
400 1386 432 1445 et
447 1377 637 1444 eruditionis
660 1383 693 1440 et
706 1375 895 1458 diligentiae
910 1376 1039 1441 laudem
1055 1375 1226 1442 invideam.
1250 1384 1284 1442 at
1298 1376 1533 1462 Xenophanem
1555 1401 1620 1446 non
1637 1382 1684 1447 in·

318 1482 433 1568 spexit.
466 1479 545 1563 quid
566 1481 650 1546 enim
673 1478 716 1543 ad
739 1477 995 1563 Theophrastum
1010 1487 1165 1564 provocat
1180 1479 1399 1546 Alexandrum
1419 1480 1614 1548 refutaturus
1630 1486 1684 1550 cui

318 1586 424 1652 aditus
447 1583 506 1648 fuit
521 1581 564 1646 ad
579 1581 683 1665 ipsum
699 1580 955 1666 Xenophanem?
976 1581 1157 1650 memineris
1172 1583 1348 1666 velimque
1364 1582 1485 1665 gaudio
1500 1585 1684 1666 Diogenem

318 1685 547 1772 Apolloniates
562 1682 585 1748 l.
600 1683 663 1748 32v
679 1685 722 1750 40
736 1684 951 1750 Parmeniden
967 1683 989 1748 f.
1005 1685 1068 1748 31r
1089 1685 1132 1749 48
1147 1684 1231 1750 alios
1247 1691 1359 1750 eontra
1373 1685 1476 1751 falsos
1491 1687 1685 1773 interpretes

318 1788 508 1856 obtenderit
532 1805 572 1850 ne
587 1785 688 1850 multa
703 1785 773 1870 ipse
795 1807 830 1852 se
853 1787 972 1852 frustra
993 1785 1228 1870 Xenophanem
1251 1787 1451 1870 quaesivisse
1473 1794 1606 1856 testatum
1629 1789 1685 1878 [de

319 1893 408 1958 caclo
433 1913 463 1975 p.
476 1889 557 1956 233?
576 1887 664 1954 23K.
686 1889 768 1956 506·
787 1889 831 1954 40
842 1889 910 1970 Bt]
926 1889 1021 1971 ἀγνοῶ
1038 1889 1070 1952 δὲ
1085 1889 1143 1972 ἐγὼ
1158 1895 1219 1960 τοῖς
1237 1890 1418 1976 Ξενοφάνους
1438 1889 1521 1956 ἔπεσι
1539 1899 1600 1963 τοῖς
1615 1897 1684 1978 περὶ

318 1997 420 2060 τούτου
436 1996 477 2079 μὴ
493 1995 623 2078 ἐντυχὼν
638 1992 758 2075 πότερον
773 1994 806 2056 τὸ
823 1995 903 2056 κοίταν
916 1997 970 2076 τῆς
984 1996 1037 2076 γῆς
1053 1992 1139 2077 μέρος
1153 1991 1270 2078 ἄπειρον
1292 1994 1384 2077 λέγων
1407 1994 1456 2058 διὰ
1477 1999 1563 2059 τοῦτο
1586 1997 1686 2078 μένειν

318 2100 409 2184 αὐτήν
420 2118 517 2184 φησιν.
533 2095 540 2126 ¹
577 2101 609 2160 et
623 2093 683 2160 fuit
698 2093 779 2160 libor
793 2093 954 2160 veteribus
969 2093 1173 2178 paucissimis
1188 2097 1278 2160 visus
1295 2096 1335 2160 cf.
1351 2097 1515 2162 Karstenii
1531 2099 1685 2184 Xenoph.

318 2222 350 2286 p.
366 2201 417 2269 26.
445 2198 518 2264 hine
540 2197 711 2282 apparebit
731 2216 794 2280 quo
818 2197 887 2262 iure
909 2202 1054 2264 extrema
1071 2215 1199 2280 quoque
1214 2196 1436 2282 Theophrasto
1452 2198 1687 2285 adscripserim

319 2300 428 2366 omnia
456 2303 585 2382 praeter
610 2297 737 2364 Nicolai
768 2299 959 2364 sententiam
986 2298 1130 2370 Νικόλαος
1152 2335 1193 2346 -
1215 2301 1447 2385 ἀπομνημονεύει
1471 2307 1504 2366 et
1524 2301 1686 2386 Simplicii

318 2401 419 2470 verba
445 2399 505 2465 ἀλλ’
539 2401 582 2466 ὅτι
604 2436 647 2446 -
668 2403 766 2485 δῆλον.
801 2421 876 2467 nam
903 2420 987 2484 quae
1014 2401 1201 2468 Alexandro
1231 2402 1381 2468 tribuitur
1406 2404 1569 2470 sententia
1596 2429 1686 2470 πεπε-

320 2505 460 2591 ρασμένον
483 2503 555 2568 αὐτὸ
578 2504 626 2567 καὶ
649 2503 828 2588 σφαιροειδές
850 2523 928 2570 vere
942 2503 1170 2588 Xenophanes
1193 2523 1265 2570 esse
1280 2505 1418 2572 videtur.
1453 2505 1562 2588 utique
1580 2507 1688 2574 Theo-

320 2609 472 2692 phrastus
490 2605 571 2672 talia
585 2602 763 2672 narravit'
784 2603 860 2670 nolo
881 2605 1025 2687 argutari
1049 2625 1114 2688 qua
1136 2607 1263 2673 ratione
1284 2607 1366 2674 haee
1388 2629 1460 2674 oum
1483 2609 1590 2692 priore
1612 2631 1687 2676 sen·

318 2711 421 2778 tentia
432 2709 608 2776 secundnm
619 2706 845 2792 metaphysica
856 2705 1058 2774 conformata
1069 2707 1299 2794 conciliaverit,
1320 2718 1426 2776 utrum
1437 2710 1687 2793 ambiguitatem

319 2815 409 2880 illam
436 2811 545 2879 allatis
566 2809 782 2895 Xenophanis
811 2809 959 2877 versibus
986 2808 1257 2877 demonstraverit
1284 2829 1327 2878 an
1356 2813 1423 2878 alia
1449 2813 1482 2878 in
1508 2814 1616 2898 capite
1638 2814 1685 2880 de

319 2915 478 3000 principio
500 2913 566 2980 alia
587 2913 621 2978 in
643 2933 671 2978 c.
693 2913 734 2980 de
757 2913 819 2980 deo
842 2909 997 2978 attulerit.

404 3018 448 3084 At
473 3016 600 3100 inquies
625 3017 755 3099 qualem
781 3023 816 3082 tu
847 3013 940 3098 fingis
968 3013 1191 3098 Simplicium?
1222 3015 1328 3084 istane
1358 3017 1464 3084 credis
1497 3017 1598 3086 fuisse
1627 3019 1686 3086 vel

320 3120 466 3188 amentia
488 3121 541 3188 vel
564 3118 766 3203 impudentia
787 3123 822 3184 ut
843 3136 928 3200 quae
953 3115 987 3180 in
1009 3115 1235 3202 Theophrasto
1262 3120 1388 3203 legerat
1414 3129 1447 3188 et
1474 3127 1687 3204 excerpserat

322 3231 436 3288 eontra
458 3221 679 3288 Alexandrum
709 3219 882 3286 vaferrime
903 3218 1142 3286 dissimularet?
1172 3227 1260 3288 recte
1282 3241 1404 3306 mones,
1426 3241 1487 3289 nec
1508 3229 1617 3289 nmen
1639 3221 1688 3288 ab

342 3325 474 3411 pinione
489 3343 563 3390 mea
578 3321 705 3390 recedo.
739 3322 815 3388 nolo
830 3320 874 3386 ad
889 3321 1089 3406 exemplaria
1103 3321 1208 3388 minus
1223 3321 1351 3406 integra
1366 3323 1550 3408 confugere,
1573 3323 1688 3407 qualia

2 3347 386 3512 „fs—ion
408 3426 509 3495 semel
524 3423 725 3510 Simphcinm
741 3421 982 3490 eonbmdebant
998 3423 1018 3489 ³.
1051 3431 1086 3489 at
1105 3423 1177 3507 quis
1191 3424 1331 3508 spondet
1345 3425 1604 3512 Theophrastum
1620 3426 1689 3492 hoe

320 3533 392 3598 loeo
414 3529 594 3614 inspeetnm
619 3547 692 3594 esse
713 3527 756 3594 ab
779 3525 976 3610 interprete?
1009 3525 1132 3592 seilicet
1153 3533 1354 3612 accuratum,
1377 3529 1454 3611 quin
1477 3528 1575 3594 etiam
1598 3529 1684 3614 puti-

320 3633 444 3700 diorem
466 3631 615 3698 novimus
639 3629 854 3715 Simplicium,
880 3629 952 3712 ipse
974 3628 1001 3694 si
1024 3635 1124 3696 testes
1146 3629 1233 3696 citat.
1278 3629 1343 3694 iam
1365 3629 1538 3696 recordare
1559 3636 1689 3712 quanta

321 3733 471 3801 molestia
493 3734 602 3800 omnia
623 3732 706 3798 haec
726 3751 813 3798 nexa
835 3732 909 3796 sint
954 3751 1059 3815 neque
1085 3731 1166 3797 illud
1193 3730 1282 3816 prius
1304 3749 1370 3796 non
1393 3737 1443 3797 est
1465 3731 1689 3798 observatum.

320 3847 414 3906 taceo
437 3837 479 3904 de
501 3835 565 3902 illis
588 3837 796 3918 ὁμολογῶν-
814 3832 899 3916 δόξης
920 3832 1103 3918 importune
1123 3833 1264 3919 insertis,
1287 3833 1329 3900 de
1352 3833 1499 3901 oratione
1522 3833 1628 3901 subito
1648 3835 1688 3900 in

321 3940 478 4007 directam
504 3938 589 4006 flexa
611 3939 644 4001 τὸ
666 3937 721 4021 γὰρ
750 3935 781 3999 ἓν
807 3939 892 4000 τοῦτο
919 3939 980 4000 κτλ.
1013 3937 1072 4004 sed
1099 3935 1154 4002 vix
1179 3935 1315 4002 ferenda
1341 3942 1415 4004 sunt
1441 3943 1601 4022 extrema,
1627 3935 1689 4002 ubi

322 4042 500 4109 Alexandri
526 4039 628 4106 verba
653 4039 929 4120 interrumpuntur
955 4037 1056 4122 ipsius
1072 4035 1287 4104 refutatione.
1332 4057 1428 4122 porro
1457 4039 1516 4104 sub
1538 4039 1629 4122 λέγει,
1656 4038 1690 4103 si

324 4145 567 4229 Simplicianam
588 4141 747 4206 rationem
770 4139 915 4222 sequeris
930 4139 1112 4206 audiendus
1135 4147 1184 4206 est
1199 4139 1397 4224 Alexander,
1418 4139 1565 4224 proximo
1588 4159 1690 4206 versu

322 4249 410 4334 φησίν
436 4253 486 4313 est
511 4242 734 4328 Xenophanis.
783 4241 848 4308 hae
876 4242 989 4309 turbae
1021 4243 1065 4309 ad
1091 4241 1313 4308 Alexandrum
1345 4241 1479 4326 digitum
1505 4242 1691 4309 intendunt.

323 4388 428 4395 1—--
685 4385 725 4391 —

396 4454 402 4485 ¹
423 4455 494 4506 Korn
513 4453 669 4506 Untersuoh.
688 4469 713 4518 p.
727 4447 760 4503 6⁹
777 4451 872 4502 iniuria
890 4449 998 4502 dubitat.
1024 4454 1076 4508 τοῖς
1094 4449 1149 4518 περὶ
1167 4445 1257 4500 τοίντοο
1275 4450 1330 4500 noli
1348 4465 1474 4516 premere.

396 4537 406 4570 ί
425 4542 455 4590 el.
474 4541 579 4608 Hippol.
598 4543 616 4590 l.
635 4557 657 4590 ο.
676 4539 737 4610 φησὶ
755 4535 781 4589 bl
800 4537 844 4589 καὶ
861 4536 904 4588 τὸν
921 4535 979 4590 θεὸν
997 4535 1057 4590 εἶναι
1075 4534 1152 4588 ἀίδιον
1170 4535 1214 4588 καὶ
1233 4533 1276 4586 ἕνα
1293 4535 1337 4588 καὶ
1350 4532 1434 4604 ὅμοιον
1453 4536 1533 4606 πάντη
1552 4537 1595 4588 aori
1613 4551 1693 4588 πεπε-

325 4627 446 4698 ρααμίνον
464 4626 508 4678 οιαὶ
526 4624 677 4696 spospondit
715 4627 768 4678 Cio.
787 4627 888 4678 Lucull.
907 4625 941 4678 37
961 4635 995 4674 11⁸
1013 4634 1039 4676 et
1056 4625 1150 4676 Sextus
1169 4641 1228 4675 oum
1247 4624 1348 4676 Galeno
1367 4626 1384 4678 l.
1404 4641 1425 4676 ο.
1445 4643 1469 4690 p.
1491 4622 1570 4675 111³.

396 4715 540 4782 8Βίονρλλο.
558 4716 631 4781 phys.
650 4713 725 4767 136Γ
748 4713 779 4764 ll
805 4708 869 4764 ἀλλὰ
890 4712 923 4764 τὰ
945 4713 989 4780 μὲν
1008 4711 1042 4770 νίς
1060 4711 1105 4780 ίμλ
1123 4707 1228 4763 ἐλθόντα
1248 4707 1330 4778 βιβλία
1348 4709 1547 4775 [Anaxagorae]
1566 4711 1640 4760 τοῦτο
1658 4707 1693 4760 τὸ

325 4801 444 4874 tapetibus
463 4799 510 4854 oba
529 4799 582 4872 ἔχει
599 4798 683 4871 ὥσπερ
706 4797 762 4852 obii
780 4798 809 4852 τὸ
828 4796 910 4868 ίτερον
931 4795 1084 4869 ὃπαρίίλοτο
1102 4795 1116 4849 b
1133 4795 1297 4867 Ἀλέξανδρος
1316 4793 1374 4866 ἔχον
1392 4793 1481 4854 οὕτως.
1509 4800 1526 4850 t
1545 4795 1596 4849 29Γ
1610 4795 1642 4848 13
1661 4795 1693 4847 ἐν

323 4893 382 4958 γοῦν
400 4895 437 4960 τῷ
456 4887 551 4960 πρώτῳ
568 4895 620 4942 τῶν
634 4885 753 4942 Φυσικῶν
766 4887 924 4952 [Eudemus]
942 4887 997 4956 περὶ
1011 4882 1164 4955 Παρμενίδου
1182 4883 1262 4953 λέγων
1280 4885 1359 4935 ταῦτα
1378 4883 1497 4952 γίγροφεν
1516 4882 1552 4942 ὡς
1570 4879 1693 4942 Ἀλέξαν-

324 4976 379 5046 opor
397 4991 479 5046 φησιν.
498 4976 549 5046 ipah
567 4977 612 5047 γὰρ
631 4975 679 5048 οίνχ
697 4973 768 5045 οὖρον
786 4975 812 5026 ln
830 4979 867 5044 τῷ
886 4969 1019 5043 Είνδημιίῳ
1038 4972 1084 5041 τὴν
1103 4969 1166 5032 llio
1185 4969 1287 5041 ταύτην.
