3710 5730
691 432 966 482 raonucounua
1462 433 1513 495 61·

141 599 300 683 scriptore
323 605 421 664 antea
436 619 462 664 c.
480 599 500 664 8
519 598 717 664 2111166111.
741 599 855 681 quibus
870 600 972 664 turbis
986 620 1063 664 num
1080 600 1161 664 illud
1176 619 1302 682 quoque
1317 599 1436 663 factum
1453 601 1503 684 sit,

141 709 178 767 ut
200 699 308 784 quarti
329 697 521 782 principium
543 697 598 784 (de
620 701 687 764 Nili
713 701 937 786 inundatione)
968 722 987 768 c
1015 709 1223 784 cognatorum
1253 701 1338 765 tertii
1363 703 1504 784 capitum

140 803 262 869 vicinia
282 799 523 884 1161616616161,
544 800 607 866 hoc
629 802 777 869 conicere
801 805 905 887 magis
927 823 1023 886 quam
1045 803 1184 888 probare
1206 823 1347 886 possum.
1380 809 1505 869 tantum

140 905 217 970 hinc
231 923 359 987 qnoque
375 905 490 986 elucet,
512 903 600 984 quod
615 923 714 988 supra
735 925 776 970 cx
798 905 904 988 quarti
922 907 1087 989 prooemio
1112 905 1342 989 demonstravi,
1366 892 1525 973 eundem

139 1006 311 1089 prooemia
333 1004 520 1090 praefixisse
543 1010 576 1070 ot
598 1005 818 1071 diversissima
840 1007 1002 1088 genuinae
1019 1007 1214 1073 Placitorum
1235 1006 1391 1072 materiae
1406 1009 1505 1074 admi-

139 1109 274 1174 scuisse.
297 1108 505 1192 quamobrem
516 1107 577 1173 etsi
589 1107 722 1174 Stobaci
733 1128 817 1191 qnae
829 1108 959 1190 quidem
970 1131 1056 1175 nunc
1068 1115 1240 1176 serrantur
1251 1110 1401 1192 exempla
1416 1110 1505 1193 igno-

141 1218 216 1278 rant
246 1209 437 1276 brevissima
462 1210 571 1294 capita
591 1211 682 1275 1116
708 1216 740 1275 et
762 1211 803 1275 18
828 1211 970 1293 itemque
993 1211 1038 1276 IV
1060 1214 1094 1296 1,
1124 1217 1234 1277 tamon
1264 1210 1402 1276 Aetiona
1431 1223 1504 1280 sunt

145 1333 214 1378 non
240 1311 446 1378 Plutarchoa.

229 1415 325 1480 Haud
347 1433 440 1480 secus
462 1414 676 1481 iudicabimus
698 1415 739 1481 de
762 1416 890 1498 quarti
913 1416 1146 1500 supplementis
1169 1417 1358 1501 plerumque
1376 1417 1503 1484 Stoicis.

142 1537 279 1600 quorum
307 1515 456 1582 doctrina
481 1517 522 1584 de
548 1537 646 1584 66161
667 1517 712 1583 IV
735 1521 774 1582 11
802 1519 971 1585 enucleate
993 1518 1174 1603 exponitur,
1196 1519 1237 1584 de
1260 1519 1433 1602 phantasia
1455 1528 1505 1586 cst

142 1618 321 1704 Chrysippi
351 1618 499 1684 doctrina
527 1640 553 1685 c.
578 1622 628 1686 12.
673 1628 843 1703 utrumque
867 1625 965 1704 caput
987 1619 1093 1685 omisit
1122 1619 1293 1686 Stobaeus.
1337 1641 1376 1686 eo
1404 1622 1505 1704 pluris

140 1721 327 1788 faciendum
341 1721 485 1788 Nemeeii
500 1722 729 1807 testimonium,
760 1723 846 1806 quod
869 1742 967 1806 supra
989 1723 1247 1788 commemoravi.
1293 1725 1503 1806 nequeenim

141 1825 221 1889 illuc
247 1823 421 1906 confugere
447 1824 607 1909 quispiam
633 1825 749 1910 possit,
778 1833 813 1891 ut
840 1824 1035 1891 aNemesio
1057 1824 1142 1890 Ac’tii
1164 1824 1289 1889 Placita
1311 1824 1356 1889 IV
1378 1826 1408 1889 2.
1431 1828 1460 1890 3.
1483 1827 1503 1890 8

143 1933 309 2011 excerpta,
335 1927 526 1992 accersitum
548 1935 657 1993 autem
679 1928 724 1993 lV
740 1929 781 1993 12
802 1947 821 1992 6
843 1925 1002 1992 communi
1024 1925 1165 2008 quodam
1187 1925 1277 1992 fonte
1299 1928 1389 1992 velut
1405 1927 1505 2013 Ohry-

142 2025 237 2110 sippo
259 2026 331 2110 ipso
355 2028 514 2112 opinetur.
547 2030 609 2096 hoc
628 2029 714 2096 enim
735 2029 885 2096 fortunae
906 2028 1038 2093 nimium
1060 2028 1215 2094 tribueret
1236 2049 1342 2112 neque
1361 2029 1506 2096 similitu·

142 2127 251 2194 dinem
284 2137 526 2216 excerptorum,
553 2152 637 2215 qnae
663 2137 713 2199 est
739 2151 874 2218 summa,
900 2130 979 2196 satis
1010 2131 1198 2214 explicaret.
1242 2132 1422 2198 Stoicorum
1448 2133 1504 2200 ille

140 2229 225 2296 liber
247 2229 346 2296 etiam
367 2231 401 2295 in
417 2233 573 2315 proximis
595 2235 653 2317 [IV
669 2237 712 2301 20
728 2242 753 2296 a.
769 2235 823 2316 21]
846 2232 999 2299 6111116
1021 2232 1185 2298 adhibitus
1200 2233 1338 2300 videtur.
1372 2234 1504 2302 Stobaei

141 2332 328 2397 testimonia
356 2333 505 2400 mutilata
536 2336 595 2402 illa
627 2337 699 2402 libri
731 2343 824 2420 parte
853 2335 991 2401 conferri
1020 2354 1086 2400 non
1115 2341 1259 2419 possunt.
1305 2336 1363 2402 sed
1393 2345 1505 2403 extant

145 2433 242 2500 tituli.

230 2537 355 2602 Eadem
383 2539 547 2605 titulorum
571 2561 632 2626 ope
658 2541 826 2624 quintum
848 2539 934 2606 Acti
959 2539 1076 2606 librum
1103 2559 1123 2604 a
1149 2539 1291 2606 Stobaoo
1318 2548 1505 2625 excerptum

143 2645 282 2705 constat.
326 2659 403 2705 nam
431 2663 472 2707 ex
498 2649 589 2709 tanto
618 2642 782 2708 volumine
808 2643 916 2708 miseri
942 2642 1042 2727 panni
1067 2641 1272 2724 naufragium
1302 2651 1505 2726 superamnt.

142 2741 172 2806 V
196 2745 226 2806 1.
252 2743 316 2826 περὶ
342 2749 482 2828 μαντικῆς
508 2745 719 2829 probabiliter*
742 2764 813 2809 cum
836 2745 895 2810 661.
917 2746 949 2810 Π
973 2747 1013 2810 13
1039 2745 1104 2829 περὶ
1128 2751 1266 2830 μαντικῆς
1292 2745 1505 2828 comparabis

145 2861 223 2906 num
244 2842 360 2908 eodem
386 2847 548 2929 pertineat
575 2849 644 2922 12
671 2852 735 2916 πῶς
762 2846 866 2931 ὄνειροι
887 2848 1010 2930 γίνονται
1036 2865 1097 2912 166
1119 2845 1281 2912 affirmare
1303 2866 1363 2912 nec
1385 2867 1506 2929 negare

143 2964 287 3028 possum.
331 2945 488 3014 incertum
515 2971 582 3016 non
611 2949 730 3033 minus,
757 2947 834 3031 quid
866 2945 907 3014 sit
934 2949 1233 3015 carcaram
1259 2969 1301 3014 16
1327 2949 1411 3014 tituli
1440 2949 1507 3032 qni-

142 3047 219 3112 dem
252 3047 371 3130 cogniti
399 3049 478 3134 sint;
508 3051 619 3134 utique
645 3073 686 3118 ex
712 3051 849 3118 vetustis
877 3052 1010 3118 Placitis
1038 3051 1213 3135 compilata
1242 3057 1317 3115 sunt
1351 3057 1507 3134 quotquot

145 3150 257 3233 capita
279 3150 314 3216 in
336 3151 502 3217 Plutarchi
524 3154 636 3237 quinto
659 3160 780 3220 extant.

235 3249 372 3319 Omnino
393 3255 502 3340 igitur,
527 3262 564 3320 ut
585 3255 691 3322 dicam
705 3255 791 3339 qnod
807 3255 1022 3339 consequitur,
1046 3254 1211 3320 Plutarchi
1233 3254 1374 3338 epitome
1396 3273 1508 3320 veram

142 3354 231 3419 Attii
253 3354 427 3438 imaginem
450 3357 557 3423 reddit
579 3358 638 3424 sed
658 3358 693 3422 in
712 3358 933 3440 angustiorem
951 3359 1052 3422 multo
1073 3357 1210 3422 sormam
1228 3356 1405 3421 redactam.
1428 3355 1508 3420 diffi-

142 3456 206 3522 teri
228 3462 338 3522 tamcn
363 3457 440 3522 nolo
463 3458 668 3526 breviuscula
689 3461 850 3543 quaedam
875 3479 897 3525 a
922 3457 1106 3525 breviatore
1132 3457 1330 3541 interpolata
1352 3477 1433 3524 csse.
1466 3458 1507 3524 de

142 3558 248 3621 1318
269 3557 342 3621 εἶναι
366 3558 387 3622 δ’
414 3561 489 3626 αὐτὰ
506 3599 543 3610 -
561 3566 701 3650 σχήματα
722 3562 801 3647 λόγῳ
824 3561 962 3644 θεωρητά
982 3561 1123 3644 ambigo.
1156 3579 1235 3624 nam
1254 3559 1390 3625 6111661
1412 3580 1508 3644 quac-

143 3659 222 3724 dam
244 3659 392 3726 doctrina
413 3669 446 3728 et
466 3663 537 3748 ipsc
560 3683 649 3729 error
670 3664 712 3730 dc
732 3662 910 3728 Democriti
932 3662 1092 3744 gravitate
1115 3660 1299 3727 carentibus
1322 3663 1438 3728 atomis
1460 3681 1508 3728 rc-

145 3759 268 3846 petitur
282 3762 298 3826 1
316 3763 356 3827 12
375 3774 401 3848 6,
424 3763 479 3830 uhi
492 3765 579 3831 aetii
594 3766 771 3832 auctoritas
785 3765 969 3830 addubitari
984 3764 1105 3849 nequit.
1139 3763 1198 3829 sed
1212 3763 1305 3829 deest
1315 3765 1350 3830 in
1365 3764 1507 3830 Stobaoo

144 3872 180 3932 et
194 3865 402 3932 'lbeodorcto
417 3873 450 3932 et
464 3867 631 3950 aliquanto
647 3867 761 3934 melior
775 3867 876 3951 fieret,
893 3867 920 3932 61
935 3867 1153 3934 eximerentur
1167 3866 1234 3949 illa,
1250 3866 1365 3930 oratio.
1395 3865 1508 3930 ultima

142 3987 223 4033 vcro
247 3969 324 4032 ὥστε
343 4005 379 4014 -
397 3969 417 4052 ἡ
433 3971 522 4050 μονάς
544 3975 611 4035 tam
633 3977 708 4035 sunt
730 3969 835 4036 otiosa
857 3975 891 4035 et
911 3969 1024 4053 inepte
1044 3975 1080 4033 ut
1094 3967 1183 4032 haud
1198 3973 1329 4033 cuncter
1342 3967 1507 4032 Plutarchi

141 4079 201 4136 aut
224 4069 346 4135 librarii
369 4075 480 4134 notam
500 4090 573 4136 eam
587 4071 740 4137 iudicare.
773 4071 919 4137 eiusdem
940 4071 1065 4136 formae
1088 4075 1163 4135 sunt
1177 4068 1290 4134 addita
1303 4069 1386 4135 haec
1408 4069 1505 4134 1311

140 4172 253 4238 1113
284 4171 351 4237 111
371 4181 398 4237 t.
439 4171 590 4254 graviora
611 4178 686 4237 6111
708 4171 799 4238 haec.

230 4273 281 4338 13
299 4283 311 4335 1
332 4271 493 4342 Stobaeue
508 4273 698 4358 simpliciter
719 4275 819 4359 Θαλῆς
834 4277 850 4338 ὁ
867 4273 1011 4360 Μιλήσιος
1034 4277 1129 4362 ἀρχὴν
1151 4279 1210 4338 τῶν
1233 4272 1322 4338 ὄντων
1338 4275 1507 4359 ἀπεφήνατο

141 4379 177 4439 τὸ
201 4377 292 4460 ὕδωρ,
315 4374 345 4444 ἐξ
367 4377 470 4446 ὕδατος
491 4377 545 4460 γάρ
567 4397 638 4461 φησι
660 4378 753 4440 πάντα
775 4377 847 4441 εἶναι
870 4378 918 4441 καὶ
940 4378 982 4447 εἰς
1005 4378 1082 4462 ὕδωρ
1104 4379 1198 4441 πάντα
1220 4376 1406 4440 ἀναλύεσθαι.
1436 4377 1508 4441 Plu·

142 4478 276 4544 tarchus
298 4483 334 4542 ut
355 4477 513 4562 principio
541 4477 649 4543 statim
677 4497 768 4543 suam
795 4477 990 4563 sapientiam
1020 4485 1198 4545 ostentaret
1222 4478 1406 4562 importune
1434 4485 1508 4563 post

143 4581 224 4665 ὕδωρ
252 4579 333 4646 haec
359 4580 582 4664 interpolavit:
615 4583 697 4645 δοκεῖ
716 4582 749 4644 δὲ
773 4583 788 4644 ὁ
811 4583 884 4666 ἀνὴρ
908 4580 992 4652 οὖτος
1014 4581 1095 4667 ἄρξαι
1116 4588 1169 4666 τῆς
1191 4582 1363 4666 φιλοσοφίας
1385 4583 1433 4644 καὶ
1456 4581 1502 4645 cir?

141 4683 236 4746 αὐτοῦ
257 4685 277 4767 ἡ
297 4681 409 4766 Ἰωνικὴ
432 4684 541 4768 αἵρεσις
562 4683 795 4768 προσηγορεύθη.
830 4684 959 4767 ἐγένοντο
987 4685 1040 4767 γὰρ
1067 4688 1200 4748 πλεῖσται
1227 4684 1362 4768 διαδοχαὶ
1393 4687 1507 4768 φιλοσο-

141 4785 222 4870 φίας.
248 4787 449 4872 φιλοσοφήσας
463 4784 486 4849 δ’
507 4786 536 4848 ἐν
552 4783 692 4870 Αἰγύπτῳ
708 4785 799 4870 ἦλθεν
815 4787 856 4856 εἰς
872 4785 1002 4869 Μιλητον
1018 4787 1218 4873 πρεσβύτερος.
1253 4785 1399 4867 arguitur
1418 4784 1507 4849 fraus

141 4886 285 4952 maxime
305 4887 382 4954 inde
405 4888 492 4971 qnod
514 4887 544 4957 a
566 4889 670 4956 ὕδατος
695 4890 749 4972 γάρ
771 4893 846 4972 post
867 4893 934 4952 tam
960 4887 1092 4971 longum
1119 4886 1292 4954 embolium
1317 4907 1384 4951 non
1409 4885 1507 4951 habet

141 5009 207 5070 qno
231 4987 398 5054 referatur.
433 4989 519 5072 quod
542 4988 659 5054 callide
675 4987 960 5054 dissimulaverunt
974 4991 1181 5074 posteriores.
1215 4985 1375 5053 Eusebius
1396 4987 1506 5071 inepte
