3648 5736
432 393 629 446 HIPPOLYTI
647 389 1014 444 PHILOSOPHUMENON
1035 387 1074 441 18.
1097 387 1195 440 191-r
1432 381 1494 448 567

263 569 305 632 18
337 562 369 629 Ὁ
393 565 445 646 μὲν
469 563 519 628 οὖν
542 561 735 644 Σωκράτης
757 558 862 641 γίνεται
878 555 1070 642 Ἀρχελάου
1085 562 1136 621 τοῦ
1152 561 1275 641 φυσικοῦ
1292 557 1447 639 ἀκροατής·

180 672 213 739 ὁς
234 669 267 732 τδ
289 668 383 750 γνῶθι
405 666 511 732 σαυτὸν
534 664 715 749 προτιμήσας
737 661 785 726 καὶ
809 661 935 744 μεγαλην
951 661 1064 746 σχολὴν
1080 661 1225 744 συστήσας
1245 656 1318 742 ἔσχε
1331 658 1446 720 πάντων

180 777 238 836 τῶν
262 771 404 854 μαθητῶν
427 770 601 850 ἱκανώτερον
623 766 672 828 τδν
695 762 882 842 Πλάτωνα,
904 763 992 832 αὐτὸς
1015 763 1067 844 μὲν
1083 763 1159 845 μηδὲ
1173 762 1346 844 σύγγραμμα
1361 782 1446 822 κατα-

179 879 281 939 λιπάιν.
438 873 453 934 ὁ
491 870 524 932 δὲ
560 868 708 933 Πλάτων
740 869 792 950 τὴν
827 871 923 930 πᾶσαν
961 863 1051 927 αὐτοῦ
1085 865 1188 948 σοφίαν
1223 861 1479 945 ἀπομαξάμενοςν

150 979 337 1061 ισυνέστησε
358 976 391 1038 τὸ
414 973 613 1038 διδασκαλεῖον
637 968 718 1052 μίξας
740 971 815 1051 ὁμοῦ
846 967 970 1053 φυσικὴν
1001 966 1108 1050 ἠθικὴν
1135 965 1327 1048 διαλεκτικήν.
1373 963 1447 1026 dit

181 1085 197 1146 ὁ
222 1080 366 1145 Πλάτων
389 1079 513 1161 ὁρίζεται
535 1077 635 1136 ταῦτα.

266 1184 306 1247 19
343 1180 491 1245 Πλάτων
513 1176 608 1261 ἀρχάς
630 1174 702 1240 εἶναι
724 1179 775 1238 τοῦ
799 1175 905 1242 παντὸς
927 1173 997 1236 θεὸν
1019 1171 1068 1234 καί
1092 1171 1162 1254 ὕλην
1184 1171 1233 1234 καὶ
1248 1171 1445 1252 παράδειγμα·

182 1286 251 1349 θεὸν
283 1284 335 1366 ρέν
366 1283 416 1345 τδν
443 1280 566 1363 ποιητὴν
598 1277 646 1342 καί
676 1279 913 1362 διακοσμήσαντα
942 1275 1064 1340 τόδετὸ
1086 1277 1143 1336 πᾶν
1165 1272 1213 1336 καὶ
1236 1271 1446 1356 προνοούμενον

183 1388 286 1452 αὐτοῦ·
311 1385 381 1468 ὁλην
404 1384 437 1447 δέ
458 1384 510 1466 τὴν
533 1386 620 1446 πᾶσιν
643 1379 845 1464 ὑποκειμένην,
868 1380 903 1463 ἣν
918 1377 967 1442 καὶ
983 1376 1141 1460 δεξαμενὴν
1155 1375 1203 1438 καὶ
1218 1375 1340 1458 τιθήνην
1355 1375 1447 1450 καλεῖ,

143 1509 166 1547 ιο
184 1488 213 1558 ἐξ
236 1489 271 1572 ἧς
294 1486 541 1570 διακοσμηθείσης
564 1483 699 1566 γενέσθαι
721 1483 757 1546 td
782 1482 910 1566 τέσσαρα
937 1483 1084 1564 στοιχεῖα,
1110 1477 1140 1547 ἐξ
1168 1478 1209 1540 ιὸν
1236 1477 1408 1561 συνέστηκεν
1431 1479 1447 1541 ὁ

180 1592 303 1673 κόσμος,
331 1589 420 1673 πυρδς
448 1587 532 1672 ἀέρος
559 1591 612 1670 γῆς
639 1587 755 1662 ὕδατος,
785 1584 815 1655 ἐξ
846 1586 886 1648 ῶν
914 1583 963 1646 καὶ
988 1581 1025 1646 td
1051 1580 1126 1645 ἄλλα
1155 1581 1248 1644 πάντα
1270 1580 1449 1665 συγκρίματα

179 1693 353 1775 καλούμενα,
376 1692 442 1777 ζηῑά
462 1713 495 1754 τε
516 1689 565 1754 καὶ
586 1687 663 1772 φυτὰ
684 1687 897 1771 συνεστηκέναι.
1078 1685 1111 1748 rb
1134 1684 1168 1748 δέ
1189 1683 1371 1768 παράδειγμα
1392 1683 1445 1765 τὴν
1464 1689 1481 1743 2

182 1795 309 1859 διάνοιαν
330 1799 382 1858 τοῦ
405 1794 476 1858 θεοῦ
499 1791 582 1869 εἶναι,
604 1791 621 1856 ὁ
643 1791 692 1854 καὶ
715 1789 793 1855 ἰδέαν
815 1793 899 1854 καλεῖ
920 1789 980 1853 οἷον
1003 1788 1160 1868 είκόνισμά
1181 1809 1219 1863 τι,
1242 1784 1268 1871 ᾦ
1292 1784 1447 1870 προσέχων

180 1897 211 1960 ἐν
241 1920 278 1980 τη
307 1898 390 1983 ψυχῇ
421 1899 437 1961 ὁ
467 1897 536 1966 θεὸς
562 1895 599 1958 τὰ
627 1897 722 1958 πάντα
751 1893 944 1978 ἐδημιούργει.
1095 1891 1144 1954 τὸν
1177 1889 1229 1970 μὲν
1261 1888 1329 1952 θεόν
1358 1895 1481 1972 φησινθ

143 2018 167 2056 1ο
185 1999 341 2082 ἀσώματόν
364 2023 396 2062 τε
417 2000 466 2062 καὶ
488 1997 616 2062 ἀνείδεον
639 1997 687 2060 καὶ
711 1997 807 2079 μόνοις
829 1999 930 2081 σοφοῖς
953 1987 1073 2080 ἀνδράσι
1087 1992 1272 2075 καταληπτὸν
1287 1989 1375 2055 εἶναι·
1396 1991 1450 2074 τὴν

183 2103 216 2166 δέ
238 2103 308 2184 όλην
332 2103 450 2183 δυνάμει
474 2101 526 2182 μέν
549 2104 647 2182 σῶμα,
669 2099 797 2183 ἐνεργείᾳ
818 2099 853 2162 δὲ
874 2097 1007 2162 οὐδέπω·
1038 2095 1257 2182 ἀσχημάτιστον
1280 2094 1335 2179 γὰρ
1357 2094 1448 2176 αὐτὴν

181 2201 270 2268 οὖσαν
299 2206 347 2268 καὶ
374 2203 494 2280 ἄποιον,
522 2203 742 2287 προσλαβοῦσαν
770 2202 910 2285 σχήματα
939 2201 987 2264 καὶ
1015 2199 1171 2282 ποιότητας
1193 2196 1328 2280 γενέσθαι
1351 2200 1448 2277 σῶμα.

225 2307 277 2390 τὴν
301 2308 353 2388 μὲν
376 2305 426 2370 οὖν
450 2306 520 2390 όλην
543 2307 638 2391 ἀρχὴν
662 2305 734 2368 εἶναι
757 2305 805 2367 καί
828 2304 986 2388 σόγχρονον
1014 2307 1056 2386 τῷ
1079 2301 1158 2386 θεῷ,
1186 2300 1279 2383 ταότη
1307 2300 1356 2363 καὶ
1384 2299 1482 2382 ἀγέ-4

183 2433 267 2493 νητον
289 2411 338 2474 τδν
361 2411 480 2492 κόσμον.
519 2410 553 2472 ἐκ
575 2407 630 2492 γάρ
652 2407 744 2491 αὐτῆς
766 2408 934 2470 συνεστάναι
957 2405 1044 2490 φησίν
1067 2404 1165 2468 αὐτόν.
1202 2402 1247 2486 τηῖ
1268 2403 1302 2465 δέ
1317 2403 1449 2488 ἀγενήτῳ

142 2531 166 2570 ιν
185 2513 356 2576 ἀκολουθεῖν
379 2512 493 2580 πάντως
515 2511 563 2574 καὶ
585 2511 619 2573 rb
641 2509 801 2595 ἄφθαρτον.
845 2506 866 2592 Ἠ
889 2510 923 2573 δέ
945 2509 1033 2591 σῶμά
1053 2529 1085 2570 τε
1106 2507 1154 2570 καὶ
1176 2506 1210 2570 ἐκ
1232 2507 1348 2568 πολλῶν
1373 2529 1450 2570 ποιο

182 2619 278 2699 τήτων
301 2616 349 2680 καλ
373 2615 457 2679 ἰδεῶν
481 2613 664 2697 συγκείμενον
688 2611 873 2690 ὑποτίθεται,
903 2611 996 2695 ταότη
1018 2611 1067 2676 καὶ
1088 2611 1206 2693 γενητὸν
1233 2609 1281 2672 καὶ
1309 2608 1450 2693 φθαρτόν.

226 2719 300 2787 τινὲς
328 2718 360 2780 δὲ
394 2721 452 2780 τῶν
485 2715 682 2781 Πλατωνικῶν
712 2715 864 2800 ἀμφότερα
893 2713 992 2798 ἔμιξαν
1026 2713 1207 2800 χρησάμενοι
1237 2711 1483 2796 παραδείγματιὸ

183 2821 322 2906 τοιούτῳ·
354 2821 397 2884 ὁτι
427 2821 526 2903 ὥσπερ
557 2817 654 2902 ἅμαξα
683 2818 801 2883 δύναται
833 2819 878 2882 ἀεὶ
912 2817 1055 2900 διαμένειν
1086 2814 1236 2900 ἄφθαρτος
1266 2814 1341 2878 κατὰ
1364 2815 1451 2898 μέρος

186 2921 442 3006 ἐπισκευαζομίνη,
465 2922 518 2986 κάν
540 2921 577 2984 τὰ
600 2921 675 3004 μέρη
697 2921 853 3006 φθείρηται
875 2922 1030 2996 ἑκάστοτε,
1053 2918 1127 3002 αότη
1159 2919 1192 2982 δέ
1219 2918 1378 3001 ὁλόκληρος
1405 2917 1451 2980 ἀεὶ

145 3046 169 3084 ιι
188 3025 280 3108 μένει·
302 3031 403 3090 τοῦτον
418 3026 467 3089 τὸν
488 3025 593 3109 τρόπον
613 3024 662 3088 καὶ
685 3026 701 3088 ὁ
723 3024 833 3108 κόσμος
855 3023 929 3087 κατὰ
952 3023 1027 3107 μέρη
1050 3022 1102 3104 μὲν
1125 3021 1171 3085 ἀεί
1194 3020 1269 3102 [καί]
1292 3019 1452 3105 φθείρεται,

185 3129 455 3210 ἐπισκευαζομένων
477 3127 535 3212 (δέ)
556 3128 605 3191 καὶ
628 3128 876 3211 ἀντανισυυμένων
898 3131 957 3190 τῶν
979 3122 1201 3210 ἀφαιρουμένων
1225 3124 1316 3194 ἀίδιος
1338 3123 1428 3206 μένει.

228 3233 277 3295 τὸν
300 3231 334 3295 δέ
356 3229 425 3294 θεὸν
448 3231 476 3293 οἱ
499 3231 551 3312 μὲν
573 3231 625 3295 ἕνα
647 3231 734 3316 φασὶν
756 3231 843 3294 αὐτὸν
866 3231 956 3293 εἰπεῖν
979 3228 1117 3311 ἀγένητον
1139 3227 1188 3290 καὶ
1214 3226 1381 3311 ἄφθαρτον,
1409 3230 1449 3297 ῶς
1469 3238 1484 3290 6

187 3335 265 3417 λέγει
288 3333 318 3397 ἐν
340 3336 400 3402 τοῖς
423 3331 547 3414 Νόμοις·
568 3331 599 3397 ’ὁ
624 3333 676 3415 μὲν
699 3334 735 3417 δὴ
760 3333 838 3410 θεός,
862 3333 961 3415 ῶσπερ
983 3330 1032 3392 καὶ
1056 3331 1071 3393 ὁ
1094 3331 1217 3399 παλαιὸς
1238 3330 1333 3413 λόγος,
1356 3331 1451 3416 ἀρχήν

188 3459 219 3499 τε
248 3435 296 3499 καὶ
323 3436 459 3519 τελευτὴν
486 3435 534 3498 καὶ
563 3435 638 3516 μέσα
660 3441 718 3499 τῶν
743 3434 833 3500 όντων
861 3435 994 3497 ἁπάντων
1024 3429 1132 3517 ἔχων’.
1176 3432 1269 3503 οὕτως
1292 3432 1343 3496 ἕνα
1365 3433 1453 3497 αὐτὸν

890 3593 892 3597 .
902 3589 1048 3598 --φ--ῌ-

141 3677 153 3726 l
177 3673 234 3726 ὁδί
253 3670 392 3744 Σωκράτης
411 3671 528 3742 μαθητὴς
541 3670 674 3742 Ἀρχελάου
691 3677 737 3725 τοῦ
750 3692 794 3744 φυ-
847 3683 906 3740 post
924 3669 1030 3723 ἀνείδεον
1050 3672 1126 3722 Cedr.
1141 3667 1156 3738 Η
1172 3681 1231 3722 ante
1251 3669 1350 3740 ἀνδράσι
1369 3673 1446 3725 θείνει
1464 3673 1505 3725 ἀν-

137 3765 217 3815 σικοῦ.
249 3760 307 3829 έσγι
325 3759 351 3813 dl
370 3762 471 3814 πάντων
488 3765 541 3814 τῶν
559 3757 683 3830 μαθητῶν
702 3760 795 3814 ίαοινιίι-
847 3757 960 3829 θρῶποις
978 3761 1023 3810 red
1037 3761 1122 3811 statim
1136 3763 1326 3825 expunctumB
1346 3756 1360 3829 Η
1383 3762 1413 3816 16
1432 3758 1505 3815 οὸπω

138 3867 208 3918 τερον
221 3847 264 3901 τὸν
277 3845 409 3901 Πλάτωνα.
439 3845 511 3906 οὖτος
526 3846 672 3919 ἀρχάςκτλ.
692 3851 796 3902 liberius
848 3847 904 3916 ΒΗ
929 3848 959 3900 17
978 3846 1134 3915 πιοτήταςΤ
1155 3845 1168 3914 Η
1191 3847 1222 3898 18
1241 3845 1419 3918 ταὸτηνίὶὸἀι
1439 3868 1505 3902 corr.

138 3957 193 3990 exc.
221 3939 297 3990 Cedr.
333 3935 346 4002 Η
380 3935 396 3988 3
428 3931 587 4004 μαθημάτων
618 3938 641 3988 Β
675 3934 688 4005 Η
722 3935 796 3996 αιἰτδς
849 3939 1032 4002 Gottingensts
1051 3937 1081 3986 σί.
1101 3953 1125 3984 ν.
1136 3933 1179 3998 21,
1199 3939 1285 3988 omisit
1297 3939 1374 3990 Cedr.
1395 3935 1408 4006 Η
1431 3937 1505 3992 Ιθέιι

138 4025 164 4078 δὲ
186 4028 209 4079 Β
229 4023 242 4088 Η
263 4023 327 4094 μηδέ
344 4025 415 4076 libri:
438 4021 516 4091 μηδέν
536 4024 640 4090 Βοερετ
659 4021 672 4089 Η
694 4022 794 4077 ὁδιαλ-
846 4024 895 4093 γάρ
912 4021 990 4074 αυτοῦ
1008 4032 1067 4074 ante
1086 4024 1241 4089 Roeperum.
1269 4024 1299 4077 ἐκ
1318 4025 1364 4095 γάρ
1381 4028 1426 4095 της
1445 4021 1506 4094 ὁλης

138 4113 256 4182 λικτικὴν
279 4114 302 4164 Β
326 4109 340 4178 Η
365 4112 381 4166 6
406 4107 512 4179 ὁρίζεται
534 4111 605 4161 libri:
633 4106 720 4178 ὁρίζει,
745 4109 796 4163 tort
850 4113 925 4164 Cedr.
946 4109 959 4178 Η
980 4106 1189 4164 θθάκουλουθεῖν
1202 4113 1236 4163 B:
1256 4110 1475 4166 ἀκολουθεῐθοάι.
1490 4110 1503 4181 Η

139 4199 266 4270 ΠυυροτΗ
283 4202 393 4254 θπᾶσαν
412 4200 482 4250 libri:
501 4201 575 4250 πᾶσιν
593 4199 670 4250 Οοάτ.
688 4208 717 4250 ut
728 4201 796 4251 Roo-
849 4198 881 4250 21
900 4195 993 4265 ταότην
1011 4201 1034 4249 Τ
1053 4200 1083 4249 εί.
1103 4217 1127 4248 ν.
1144 4198 1175 4251 18
1194 4197 1209 4266 Η
1229 4197 1262 4250 θθ
1281 4198 1430 4269 ἀμφοτέρως
1448 4203 1471 4252 Τ
1492 4197 1505 4266 Η

139 4307 185 4356 ρετ
218 4290 400 4341 amandaverat
433 4289 464 4338 ef.
498 4285 531 4338 20
553 4296 564 4334 1
593 4283 606 4354 Η
639 4283 670 4353 ἣν
698 4283 725 4337 δέ
753 4284 797 4337 καὶ
850 4285 884 4338 24
907 4285 1098 4353 ἐπισκιαζυμίνη
1122 4289 1144 4337 L
1169 4284 1183 4352 Η
1207 4283 1242 4339 25
1265 4285 1310 4354 μὲν
1333 4285 1371 4339 ἀεὶ
1394 4290 1505 4340 Usener:

139 4378 249 4428 solusL
273 4377 343 4426 unde
367 4373 397 4442 Ην
421 4372 452 4441 δὴ
476 4373 519 4424 καὶ
538 4374 643 4425 volebat
660 4375 763 4439 Roeper
783 4369 796 4440 Η
850 4373 917 4441 μένει
945 4373 1016 4424 libri:
1048 4371 1093 4440 μίν
1119 4371 1140 4423 εί
1166 4375 1270 4441 Βοεροτ
1299 4370 1313 4442 Η
1340 4376 1384 4427 καὶ
1411 4377 1507 4426 delevit

142 4465 171 4515 ll
188 4462 394 4532 συγκρῶματαΤ
408 4459 420 4528 Η
441 4460 470 4513 13
483 4459 575 4512 ὁιάνιαν
588 4462 623 4512 B:
642 4458 749 4512 διάνοιαν
763 4462 797 4512 Οι
850 4464 951 4514 Usener
976 4458 989 4528 Η
1015 4457 1148 4530 φθείροντα
1166 4464 1188 4514 Τ
1208 4458 1223 4530 Η
1243 4462 1277 4517 26
1295 4461 1507 4530 ίπισκιαζομένων

141 4550 235 4602 ἐννοιαν
253 4552 329 4602 Cedr.
351 4547 365 4618 Η
384 4547 451 4602 ἰδίαν
464 4550 540 4602 Οεάτ.
554 4549 715 4601 Gronoviutt
734 4545 799 4605 ίὸίας
850 4551 898 4600 ΒΤ
927 4546 940 4615 Η
970 4545 996 4599 δὲ
1022 4558 1083 4600 anto
1111 4548 1154 4598 καὶ
1181 4550 1281 4600 addidit
1309 4551 1411 4615 Roeper
1435 4545 1449 4616 Η
1473 4547 1507 4600 28

140 4641 198 4692 libri
217 4634 231 4708 Η
249 4635 377 4704 είκὸνισμά
390 4653 414 4688 τι
433 4638 522 4689 Cadra
540 4635 692 4703 ιίιιυνίσματι
710 4638 768 4688 iibri
785 4634 798 4705 Η
854 4631 947 4704 Νόμοις
959 4639 999 4688 1v
1017 4655 1042 4703 p.
1053 4634 1127 4688 715r
1146 4637 1214 4688 unde
1231 4633 1262 4704 δὴ
1281 4653 1328 4702 pro
1347 4634 1373 4688 δέ
1391 4637 1508 4686 codicum

141 4726 272 4798 daddidi
285 4742 318 4776 ex
332 4725 460 4786 Οεόιειιο,
479 4726 549 4790 quod
560 4727 663 4790 Roepor
675 4733 734 4776 ante
748 4722 799 4776 οἷον
852 4733 993 4776 οοττεοίιισι
1015 4721 1028 4791 Η
1052 4721 1086 4776 θθ
1109 4720 1188 4774 όντων
1211 4725 1287 4775 Cedr.
1314 4727 1348 4776 Τι
1373 4740 1424 4773 orn.
1448 4724 1469 4772 G
1492 4718 1505 4790 Η

141 4815 307 4881 suppleverat
321 4806 336 4879 Η
348 4806 369 4880 ᾦ
383 4811 524 4880 προσέχων,
542 4825 626 4880 φησιν,
644 4809 657 4862 ὁ
670 4809 727 4869 θεὸς
739 4829 762 4864 τ.
772 4829 798 4864 π.
850 4810 903 4882 ἔχει
915 4827 1002 4864 errore
1014 4813 1106 4862 calami
1115 4813 1226 4877 Roeper‚
1238 4815 1397 4863 iteraverunt
1406 4811 1508 4863 Gottin-

141 4897 329 4972 ίδημιοίιργησε.
356 4898 402 4950 καὶ
425 4898 495 4963 [fort.
517 4900 596 4964 εεοιε]
614 4897 657 4950 τὸν
676 4898 721 4966 μὲν
743 4895 798 4951 κτλ.
849 4915 942 4965 gentos
970 4910 997 4950 et
1018 4900 1119 4951 Cruice.
1152 4899 1228 4950 Cedr.
1253 4901 1354 4965 plenius
1382 4900 1509 4964 extorpsit

143 4991 218 5044 Cedr.
232 4983 246 5056 Η
264 4983 295 5038 15
307 4984 351 5038 καὶ
363 4981 492 5054 ἄφθαρτον
503 4989 611 5040 sortasse
626 5003 685 5039 τετε
699 4987 799 5040 addidit
850 5004 882 5038 εκ
901 4987 983 5039 Suida
995 4988 1022 5038 ll
1036 4984 1051 5036 2
1069 5004 1096 5053 ρ.
1109 4985 1205 5050 litat
1214 5001 1270 5050 sqq·
1289 4985 1312 5036 B
