3750 5746
329 369 393 434 310
764 369 867 420 ιυτιι
885 366 1135 420 meana-⁸
1155 363 1258 416 ναι-ι

464 435 1391 526 ΡιυτινιοΜο
1413 467 1497 520 1131
1517 466 1573 518 ιιι

414 611 644 696 Πυθαγόρας,
673 597 921 697 Ἀριστοτέλης
948 610 1020 673 τά3
1081 608 1298 692 Πυθαγόρας
1319 608 1357 672 τὰ
1379 607 1432 690 μὲν
1453 609 1555 688 πρῶτα
1570 603 1649 668 αίτιοι

372 716 424 798 μὲν
451 717 554 800 πρῶτα
585 714 665 780 αίτια
695 717 855 798 ἀσώματα,
887 712 924 776 τά
953 712 986 776 δὲ
1037 712 1196 795 ἀσώματα,
1230 711 1267 790 τὰ
1299 710 1332 773 δὲ
1361 709 1436 773 κατὰ
1470 708 1598 792 μετοχὴν
1627 707 1648 790 ἢ

372 816 446 880 κατὰ
462 819 592 904 μετοχὴν
607 819 628 902 ἢ
643 816 718 882 κατὰ
735 816 919 903 συμβεβηκὸς
932 818 986 898 τῆς
1037 814 1112 878 κατὰ
1133 813 1316 900 συμβεβηκὸς
1329 816 1383 896 τῆς
1397 815 1567 895 σωματικῆς
1582 810 1649 874 ὑπο-

373 925 542 1004 σωματικής
568 921 766 990 ὑποστάσεως.
800 917 879 1004 [ὥστ’
913 916 985 982 εἶναι
1037 917 1166 986 στοίσεως
1188 915 1271 979 εἶναι.

350 1024 423 1086 στὸν
446 1022 555 1107 κόσμον
578 1021 688 1110 σῶμα]

1003 1132 1021 1184 4
1071 1118 1318 1205 Ἀριστοτέλης
1340 1117 1433 1204 ἔφησε
1455 1120 1561 1201 δηλοῦν
1584 1118 1649 1182 ἕνα·
1673 1139 1686 1176 ι

1038 1245 1104 1288 στω
1137 1225 1288 1308 κνώμενον
1320 1224 1452 1307 σχήμασι
1484 1225 1537 1305 τῆς
1564 1221 1650 1305 ἑιιι·

1038 1326 1115 1395 νείας
1136 1325 1290 1404 τοιούτοις,
1316 1325 1349 1388 τό
1371 1345 1403 1387 τε
1424 1321 1454 1392 ἐξ
1476 1322 1510 1387 οῦ
1533 1323 1652 1406 λέγοντα

1038 1429 1091 1512 τὴν
1107 1429 1188 1510 ῦλην,
1210 1429 1307 1491 καὶτὸ
1323 1425 1368 1512 ὑφ’
1390 1427 1424 1491 οῦ
1440 1427 1473 1490 τὸ
1488 1430 1599 1504 ποιοῦν,
1617 1427 1651 1488 τὸ

1039 1527 1147 1596 δὲκαθ’
1165 1531 1226 1595 θτό
1238 1529 1325 1609 εἶδος,
1346 1531 1380 1594 τὸ
1391 1531 1425 1594 δὲ
1435 1527 1468 1593 δι’
1486 1529 1548 1594 θτὸ
1558 1529 1651 1598 τέλος.

418 1619 462 1688 Οί
484 1620 638 1685 Στωικοὶ
661 1622 811 1686 πάντατὰ
832 1619 910 1686 αἴτια
932 1633 1022 1686 σω-5

375 1725 497 1807 ματικοί·
526 1725 676 1807 πνεύματα
697 1725 761 1808 γοίρ.

1005 1829 1022 1881 6
1084 1818 1203 1902 Θαλῆς
1230 1819 1279 1882 καὶ
1307 1819 1334 1882 οἱ
1356 1816 1460 1902 ἐφεξῆς
1482 1819 1516 1880 τὸ
1538 1819 1652 1901 πρῶτον
1665 1836 1689 1876 ιο

1038 1919 1130 1985 αἴτιον
1152 1920 1287 2004 ἀκίνητον
1309 1922 1505 2006 ἀποφήναντα.

1006 2025 1022 2078 ’ί
1083 2021 1149 2109 (Οἱ)
1177 2022 1331 2087 Στωικοὶ
1355 2024 1389 2087 τὸ
1415 2025 1530 2106 πρῶτον
1563 2019 1652 2084 αἴτιον

1043 2125 1184 2210 ὡρίσαντο
1206 2126 1332 2210 κινητόν.

1007 2233 1025 2286 8
1086 2224 1129 2292 O!
1163 2226 1441 2312 Περιπατητικοὶ
1469 2230 1528 2290 τῶν
1554 2227 1653 2291 αἰτίων

1042 2327 1115 2393 εἶναι
1136 2329 1173 2393 τά
1196 2330 1248 2412 μὲν
1270 2329 1409 2414 αίσθητοί,
1431 2329 1468 2393 τά
1490 2329 1523 2392 δὲ
1544 2328 1641 2412 νοητοί.
1666 2348 1690 2386 ιι

483 2502 521 2585 ιβ.
555 2497 642 2584 Περὶ
665 2501 850 2583 σωμάτων.
1227 2501 1313 2588 Περὶ
1336 2505 1519 2586 σωμάτων.

420 2620 515 2702 Σῦμοί
548 2619 608 2683 ἐστι
640 2621 674 2682 τό
707 2625 795 2705 τρτγῇ
829 2621 1024 2700 διαστατόν,1
1087 2623 1180 2706 Σῶμα
1206 2623 1278 2686 εἶναι
1307 2625 1341 2687 τὸ
1373 2631 1461 2711 τριχῇ
1495 2626 1656 2702 διαστατόν,

346 2745 370 2782 ιο
383 2725 484 2786 πλάτει
507 2721 592 2808 βάθει
615 2723 713 2806 μήκει,
735 2721 754 2805 ή
777 2720 862 2805 όγκος
885 2723 992 2788 ἀντίτυ
1043 2727 1144 2789 πλοὶτει
1167 2725 1252 2810 βρίθει
1275 2727 1372 2811 μήκει.
1398 2725 1483 2810 ὄγκον
1506 2727 1656 2792 ἀντίτυπον

378 2850 432 2895 πος
455 2826 523 2890 ὅσον
551 2821 598 2908 ἐφ’
625 2823 738 2909 ἑαυτῷ,
764 2823 784 2908 ἢ
812 2825 845 2888 τὸ
868 2825 992 2911 κατέχον
1043 2829 1112 2892 όσον
1134 2826 1177 2892 ἐπ’
1203 2827 1297 2914 αὐτῷ.

378 2929 478 2992 τόπον.

423 3027 569 3094 Πλάτων
592 3025 632 3114 [ὃ]
656 3031 730 3113 μήτε
745 3029 817 3115 βαρῦ
834 3032 908 3115 μήτε
926 3036 1026 3096 κοῦ-θ
1088 3032 1235 3097 Πλάτων
1259 3036 1332 3118 μήτε
1356 3035 1427 3119 βαρὺ
1451 3036 1525 3119 μήτε
1546 3039 1654 3119 κοῦφον
1667 3053 1691 3092 τι

380 3155 434 3218 φον
456 3130 528 3194 εἶναι
550 3136 588 3214 τῇ
611 3131 696 3215 φύσει
718 3129 749 3194 ἔν
770 3155 803 3215 γε
827 3138 870 3218 τῷ
893 3134 993 3220 οἰκείῳ
1045 3133 1119 3198 εἶναί
1144 3157 1171 3198 τι
1198 3135 1283 3220 φύσει
1311 3136 1341 3199 ἐν
1373 3141 1415 3221 τῷ
1447 3135 1547 3220 οἰκείῳ
1574 3138 1656 3223 τόπῳ

347 3257 370 3294 ιι
380 3235 462 3320 τόπῳ
486 3235 628 3319 ὑπάρχον,
650 3233 679 3297 ἐν
697 3234 730 3298 δέ
743 3257 777 3317 γε
791 3240 833 3320 τῷ
850 3237 993 3322 ἀλλοτρίῳ
1045 3237 1187 3322 ὑπάρχον,
1210 3239 1240 3301 ὲν
1263 3239 1296 3302 δὲ
1316 3243 1359 3324 τῷ
1383 3237 1527 3323 ἀλλοτρίῳ
1542 3241 1657 3324 γενόμε-

379 3340 532 3424 γενόμενον
553 3337 620 3400 τότε
642 3341 736 3400 νεῦσιν
764 3334 874 3422 ἴσχειν,
901 3339 935 3402 ἐκ
962 3341 995 3404 δὲ
1044 3361 1092 3402 νον
1119 3339 1185 3403 τότε
1215 3345 1310 3404 νεῦσιν
1344 3340 1450 3426 ἴσχειν,
1484 3341 1518 3404 ἐκ
1546 3342 1579 3405 δὲ
1603 3347 1656 3428 τῆς

379 3447 432 3527 της
457 3441 581 3511 νεόστως
610 3440 702 3524 ῥοπὴν
728 3437 795 3523 ήτοι
816 3441 887 3524 πρὸς
910 3442 994 3526 βαρῦ-
1044 3441 1169 3511 νεῦσεως
1191 3443 1284 3527 ῥοπὴν
1306 3442 1371 3528 ήτοι
1390 3445 1461 3528 πρὸς
1476 3445 1657 3529 βαρίτηταή

379 3567 452 3628 τητα
474 3543 494 3627 ή
516 3541 694 3626 κουφότητα.
1043 3544 1220 3628 κουφότητα.
1667 3564 1692 3604 νο

417 3643 662 3730 Ἀριστοτέλης
678 3643 836 3728 βαρῦτατον
852 3645 904 3727 μὲν
919 3645 992 3710 εἶναι
1010 3651 1027 3706 3
1085 3642 1329 3731 ’Ἀριστοτέλης
1344 3648 1502 3734 βαρύτατον
1518 3647 1569 3731 μὲν
1585 3645 1657 3711 εἶναι

346 3749 433 3833 υοτήν
447 3753 501 3831 γῆν
518 3747 629 3824 ἁπλῶς,
644 3747 821 3832 κουφότατον
833 3747 910 3810 δὲτὸ
926 3753 994 3833 πῦρ·
1045 3747 1098 3833 τὴν
1131 3754 1202 3833 γῆν,
1240 3751 1419 3836 κουφότατον
1455 3749 1487 3814 δὲ
1521 3751 1554 3813 τὸ
1589 3753 1657 3834 πῦρ,

380 3851 454 3934 ἀέρα
476 3849 508 3912 δὲ
531 3849 579 3912 καὶ
603 3850 680 3932 ὕδωρ
703 3845 797 3912 ἄλλοτ’
824 3848 931 3920 ἄλλως.
1044 3849 1118 3934 ἀέρα
1152 3850 1185 3913 δὲ
1221 3851 1269 3916 καί
1304 3853 1382 3938 ῦδωρ
1415 3851 1519 3916 ἄλλοτε
1551 3851 1656 3924 ἄλλως.

376 3990 387 4040 l
409 3984 556 4055 Πυθαγόρας
574 3986 658 4038 ABG:
678 3982 825 4056 Πυθαγόρας
844 3987 888 4039 καὶ
905 3990 993 4053 τυίςο.
1082 3987 1098 4042 5
1117 3985 1270 4060 Ἀριστοτέλη
1289 3988 1316 4042 δέ
1336 4005 1396 4059 φασι
1413 3995 1481 4044 coni.
1500 3995 1616 4057 Ηεετοιι,
1639 3997 1700 4046 item

338 4079 370 4128 do
384 4076 517 4128 Plutarchi
540 4089 627 4125 errore
642 4076 673 4126 τί.
686 4077 758 4128 Prol.
776 4094 800 4144 p.
814 4077 857 4131 64.
876 4078 908 4129 de
922 4079 993 4130 Antii
1043 4079 1089 4128 οεό
1102 4091 1162 4147 φησι
1175 4079 1298 4131 Mainake
1312 4074 1353 4147 116
1366 4079 1478 4149 σχήμασι
1491 4083 1531 4133 D:
1545 4079 1656 4150 σχήματι
1666 4083 1700 4134 F:

276 4190 283 4207 ι
338 4165 389 4214 fide
409 4164 440 4214 σί.
460 4164 494 4212 ib.
507 4169 538 4227 'p.
553 4160 602 4214 181
1043 4162 1162 4234 χρώματι
1171 4166 1193 4217 C
1203 4163 1217 4232 ΙΙ
1229 4165 1244 4218 7
1254 4163 1374 4225 τοιοῦτοις
1383 4167 1412 4218 τό
1421 4170 1523 4220 ττΒΔι
1533 4165 1638 4236 τοιοθτιμ
1649 4185 1700 4220 om.

370 4253 385 4300 3
404 4249 471 4301 κατὰ
491 4257 556 4314 post
573 4246 590 4316 ἢ
613 4267 663 4301 σοι.
678 4251 700 4302 Β
1043 4269 1071 4303 τε
1085 4255 1207 4304 Mainake
1216 4257 1310 4319 partim
1320 4257 1475 4308 nomnium
1486 4265 1587 4308 secutus
1601 4254 1614 4323 ΙΙ
1629 4255 1701 4325 8τὴν

373 4339 391 4391 4
410 4333 469 4389 ὥστ’
489 4334 549 4388 εἶναι
559 4363 591 4372 -
603 4341 678 4406 σῶμα
696 4357 713 4390 ο
724 4341 865 4392 Plutarcho
878 4343 992 4407 ίοιοτρο-
1044 4335 1107 4408 ῦλην
1125 4343 1158 4392 Οι
1177 4357 1228 4393 om.
1241 4342 1289 4392 DF
1300 4337 1314 4410 Η
1329 4341 1361 4394 10
1379 4345 1412 4394 de
1428 4342 1458 4407 ἐξ
1471 4343 1541 4398 6-8
1558 4345 1614 4396 dlxi
1628 4345 1700 4396 Ptol.

338 4431 392 4478 lats
409 4434 468 4476 sunt
486 4426 518 4476 τί.
536 4426 607 4477 Prol.
626 4443 651 4490 p.
665 4425 707 4478 61.
727 4425 761 4480 65
1044 4443 1069 4492 ρ.
1080 4425 1114 4480 62
1125 4423 1138 4496 ΙΙ
1155 4425 1188 4480 12
1197 4426 1220 4479 οί
1230 4444 1281 4480 om.
1289 4431 1342 4480 DA
1357 4424 1371 4496 ΙΙ
1387 4429 1419 4483 18
1431 4427 1506 4498 ὄγκον
1519 4433 1635 4484 Haerent
1649 4430 1701 4484 ίσον

373 4513 389 4566 7
409 4515 525 4580 suspicor
538 4512 693 4579 πνευματικὰ
705 4513 760 4584 γάρ.
779 4517 909 4566 Ποεοοτοε
922 4517 993 4567 πνεῦ-
1044 4515 1069 4565 Δ
1081 4511 1095 4582 ΙΙ
1107 4513 1141 4568 23
1151 4513 1214 4586 ίσχει
1222 4518 1247 4566 Δ
1260 4512 1273 4585 ΙΙ
1285 4514 1320 4568 28
1328 4525 1389 4584 post
1396 4514 1480 4576 ἄλλως
1489 4523 1604 4584 sequitur
1614 4518 1701 4582 τ.16ι,

338 4619 375 4670 μα
392 4601 439 4670 γὰρ
457 4601 511 4658 (καὶ
529 4597 543 4652 ό
561 4597 629 4662 θεός)
1045 4613 1098 4656 tum
1120 4607 1248 4672 prolixior
1265 4605 1419 4670 diuputstio,
1438 4623 1516 4671 quam
1538 4609 1604 4658 Δτίο
1623 4608 1701 4658 fflbui

377 4689 407 4740 ll
427 4688 465 4757 ἐφ’
480 4687 561 4756 ἑαυτῷ
574 4689 609 4738 B:
628 4685 665 4755 ἐφ’
681 4686 755 4739 ἑαυτό
768 4691 805 4738 A:
819 4687 858 4756 ἐφ’
872 4687 993 4742 ίαυτόνΟ
1045 4691 1085 4754 (ἲς.
1094 4689 1130 4754 5),
1142 4693 1255 4756 deniquo
1268 4687 1346 4760 μηδὲν
1358 4689 1384 4744 ἀί
1396 4694 1565 4762 πῦρ-σῶμα,
1578 4695 1649 4759 quod
1660 4710 1700 4745 m·

375 4775 409 4830 13
427 4775 440 4828 θ
460 4777 565 4840 (A)BC:
585 4777 685 4838 delevi,
705 4791 765 4826 nam
785 4793 816 4827 οο
835 4773 861 4827 δὲ
879 4780 993 4843 corrigas
1045 4779 1156 4844 spondet
1171 4777 1236 4844 ὁδί.
1247 4778 1298 4834 5.6
1316 4783 1437 4832 extremis
1453 4783 1486 4834 ct
1504 4781 1537 4834 14
1549 4791 1569 4832 ι.
1588 4783 1628 4833 hia
1645 4783 1698 4834 for·

341 4869 426 4918 obstat
444 4865 517 4918 θεοῦ.
1046 4875 1113 4918 τουτο
1134 4868 1263 4934 peculiare
1285 4868 1318 4918 ab
1340 4871 1419 4920 Δὸτίο
1443 4877 1520 4935 οιιροι
1538 4871 1701 4935 adsignatum

378 4953 409 5004 14
428 4950 488 5003 εἶναι
506 4951 598 5002 ABG:
618 4947 670 5001 ἐστὶ
689 4953 766 5016 vulgo
789 4947 803 5018 Η
824 4948 850 5002 ίν
868 4969 896 5004 τε
914 4956 952 5004 τῶ
970 4953 993 5004 Β
1047 4963 1109 5017 erat,
1129 4957 1197 5006 undo
1217 4955 1385 5006 aPlutarcho
1405 4959 1500 5009 omissa
1521 4965 1581 5008 ευοι
1599 4965 1702 5024 praeter

375 5039 410 5093 20
427 5035 456 5091 τὸ
474 5048 532 5090 ante
551 5040 600 5110 πῦρ
619 5039 705 5092 οω.Β
1048 5043 1201 5110 Epicuream
1220 5046 1372 5097 sententiam
1391 5041 1433 5112 §5
