3768 5736
364 403 429 467 464
677 406 755 457 nnn
773 405 910 456 οιοκιιι
928 405 1113 458 ευιτοιιιισ
1132 405 1185 456 τε.
1203 405 1305 458 inin
1319 405 1361 459 νε.
1375 403 1409 458 εν

359 571 600 658 συνεκφαίνεσθαι
622 572 677 658 γὰρ
699 573 733 636 ἐκ
754 578 807 656 τῆς
828 575 959 658 κράσεως
980 575 1034 658 τὴν
1055 575 1179 640 ἑκάστου
1201 579 1259 638 τῶν
1282 575 1502 661 συγκραθέντων
1526 577 1621 661 ὑγρῶν
1643 577 1723 642 ποιό-

357 697 432 758 τητα
459 675 519 738 οίον
546 674 625 739 οἴνου
654 674 769 758 μέλιτος
797 675 901 747 ύδατος
929 675 1010 746 ὄξους
1035 682 1094 741 τῶν
1120 679 1342 764 παραπλησίων.
1380 679 1423 743 ότι
1451 676 1476 742 δ’
1511 679 1559 742 ἐπὶ
1585 679 1723 743 τοιούτων

359 777 491 861 κράσεων
513 776 695 860 διαμένουσιν
717 779 747 842 αἱ
769 779 921 864 ποιότητες
942 783 1001 843 τῶν
1025 781 1261 864 συγκραθέντων,
1289 781 1436 867 πρόδηλον
1457 782 1491 846 ἐκ
1511 786 1564 846 τοῦ
1586 783 1724 852 πολλάκις

360 877 391 948 ἐξ
411 878 658 964 ἐπιμηχανήσεως
679 881 918 966 ἀποχωρίζεσθαι
939 885 1031 947 ταῦτα
1052 881 1103 946 ἀπ’
1131 885 1277 968 ἀλλήλων.
1314 883 1365 950 ἐὰν
1387 888 1455 967 γοῦν
1477 883 1602 968 σπόγγον
1617 885 1724 969 ήλαιιο

332 982 449 1066 σμένον
470 982 552 1064 καθῇ
574 1004 617 1052 τις
639 982 679 1051 είς
702 981 777 1047 οἶνον
801 985 882 1048 ὕδατι
905 985 1096 1070 κεκραμένον,
1123 987 1304 1071 ἀποχωρίσαι
1325 987 1359 1051 τδ
1383 988 1460 1071 ὕδωρ
1482 991 1534 1050 τοῦ
1557 985 1635 1051 οἴνου
1657 988 1725 1050 ἀνα-

359 1084 517 1169 δραμόντος
538 1089 590 1147 τοῦ
613 1085 715 1155 ὕδατος
738 1086 779 1154 είς
800 1088 849 1150 τὸν
876 1088 1011 1171 σπόγγον.
1046 1091 1099 1174 τήν
1126 1089 1159 1152 δὲ
1189 1089 1327 1174 σύγχυσιν
1354 1090 1406 1154 δύο
1433 1088 1480 1174 (ἢ)
1505 1089 1555 1154 καὶ
1581 1089 1724 1154 πλειόνων

360 1189 522 1271 ποιοτήτων
548 1187 613 1270 περὶ
639 1187 676 1250 τὰ
703 1191 827 1272 στύματα
854 1192 1016 1276 μεταβολὴν
1042 1191 1082 1260 εἰς
1104 1189 1204 1276 ἑτέρας
1226 1193 1417 1277 διαφερούσης
1438 1193 1548 1258 τούτων
1570 1191 1725 1274 ποιότητος

360 1289 480 1372 γένεσιν,
504 1293 545 1360 ῶς
568 1290 616 1354 ἐπὶ
638 1295 690 1376 τῆς
714 1293 878 1363 συνθέσεως
900 1290 963 1379 ἔχει
986 1298 1044 1357 τῶν
1068 1293 1166 1378 μύρων
1187 1295 1236 1358 καὶ
1259 1299 1318 1358 τῶν
1341 1295 1476 1380 ἰατρικῶν
1497 1297 1669 1382 φαρμάκων.

1023 1584 1065 1650 29

423 1683 537 1734 Euseb.
557 1685 587 1734 P.
601 1685 633 1734 E.
646 1686 697 1736 XV
713 1683 813 1738 δότ-υ

444 1802 546 1857 Ὁτοίαν
568 1803 640 1865 δόξαν
663 1803 795 1874 ἐπάγονται
817 1805 840 1859 σί
863 1802 972 1859 Στωικοὶ
991 1808 1045 1876 περὶ
1068 1811 1113 1859 τοῦ
1131 1803 1190 1860 θεοῦ
1209 1807 1253 1860 καὶ
1271 1808 1326 1878 περὶ
1344 1808 1485 1865 συστάσεως
1502 1809 1548 1858 τοῦ
1566 1804 1657 1864 παντὸς
1673 1804 1723 1858 ἀπὸ

320 1907 343 1945 ιυ
360 1899 414 1946 τῶν
433 1889 545 1963 Ἀρείου
563 1887 705 1960 Διδύμοο.

440 1992 528 2060 Ὄλον
556 1996 589 2058 δὲ
616 1995 664 2058 τὸν
691 1995 801 2079 κόσμον
829 1996 880 2060 σύν
906 2000 967 2067 τοῖς
988 1997 1093 2062 ἑαυτοῦ
1122 1997 1221 2082 μέρεσι
1248 1998 1494 2084 προσαγορεύουσι
1515 1997 1600 2062 θεόν·
1622 2000 1722 2060 τοῦτον

362 2099 395 2162 δὲ
418 2098 469 2160 ἕνα
492 2097 579 2179 μόνον
602 2096 675 2161 εἶναι’
697 2119 768 2183 φασι
791 2098 839 2162 καὶ
861 2100 1077 2184 πεπερασμένον
1100 2100 1148 2166 καί
1172 2104 1248 2187 ζῷον
1271 2103 1319 2166 καὶ
1342 2103 1434 2166 ἀίδιον
1450 2101 1498 2164 καί
1514 2099 1593 2165 θεόν.
1624 2099 1655 2164 ἐν
1669 2099 1723 2183 γὰρ

364 2199 458 2286 τούτιρ
480 2201 573 2263 πάντα
594 2199 783 2285 περιέχεσθαι
804 2201 841 2266 τὰ
863 2205 996 2286 σώματα,
1017 2206 1100 2282 κενδν
1122 2204 1155 2267 δὲ
1176 2205 1266 2288 μηδὲν
1290 2204 1430 2290 ὑπάρχειν
1452 2203 1482 2267 ίν
1497 2201 1590 2288 αύτῷ.
1617 2203 1722 2285 τὸγὰρ

323 2321 346 2360 ιε
365 2303 399 2366 ἐκ
426 2303 522 2386 πάσης
551 2307 603 2386 τῆς
630 2303 730 2373 οὐσίας
752 2305 834 2368 ποιὸν
860 2305 1125 2391 προσαγορεύεσθαι
1155 2304 1278 2391 (κόσμον
1306 2305 1367 2392 καί)
1394 2307 1428 2370 τδ
1454 2305 1529 2369 κατὰ
1554 2307 1607 2389 τὴν
1630 2303 1723 2368 διακό-

320 2407 340 2471 2
360 2425 465 2489 σμησιν
487 2407 539 2490 τὴν
562 2407 696 2490 τοιαύτην
712 2405 835 2476 διάταξιν
855 2405 937 2494 έχον.
1016 2411 1061 2474 διδ
1077 2410 1151 2474 κατὰ
1169 2411 1221 2493 μὲν
1243 2411 1296 2495 τὴν
1319 2409 1461 2495 προτέραν
1476 2408 1616 2472 ἀπόδοσιν
1632 2407 1721 2472 ἀίδιον

357 2511 406 2572 τὸν
433 2509 542 2592 κόσμον
570 2508 645 2572 εἶναί
669 2530 755 2596 φασι,
781 2510 856 2573 κατὰ
881 2511 914 2574 δέ
942 2513 994 2596 τὴν
1021 2512 1213 2596 διακόσμησιν
1235 2514 1352 2597 γενητὸν
1375 2513 1424 2576 καί
1448 2513 1626 2597 μεταβλητὸν
1649 2511 1721 2574 κατὰ

320 2613 340 2678 3
357 2612 508 2697 περιόδους
530 2611 665 2696 ἀπείρους
686 2613 832 2697 γεγονυίας
853 2636 885 2676 τε
906 2615 954 2676 καί
976 2614 1126 2697 ἐσομένας.
1208 2617 1257 2679 καὶ
1278 2617 1312 2680 τὸ
1329 2616 1381 2698 μὲν
1397 2616 1430 2679 ἐκ
1444 2619 1498 2698 τῆς
1512 2615 1609 2698 πάσης
1623 2613 1720 2682 ούσίας

356 2715 438 2778 ποιδν
467 2713 576 2797 κόσμον
604 2715 695 2778 ἀίδιον
722 2711 794 2779 εἶναι
821 2717 869 2780 καί
897 2715 982 2780 θεόν·
1014 2716 1150 2799 λέγεσθαι
1179 2717 1212 2781 δὲ
1233 2717 1343 2800 κόσμον
1371 2715 1446 2802 (καί)
1467 2717 1602 2801 σύστημα
1625 2715 1654 2784 ἐξ
1676 2715 1720 2778 ού-

358 2821 445 2902 ρανοῦ
468 2818 516 2880 καί
538 2817 624 2902 άέρος
646 2818 694 2880 καὶ
716 2823 770 2902 γῆς
792 2819 840 2883 καὶ
863 2819 1011 2903 θαλάττης
1032 2821 1080 2883 καὶ
1103 2825 1162 2884 τῶν
1184 2820 1214 2883 ἐν
1241 2819 1339 2889 αὐτοῖς
1365 2821 1496 2906 φύσεων·
1523 2818 1660 2903 λέγεσθαι
1687 2818 1719 2881 δὲ

314 2941 339 2980 no
356 2919 466 3002 κόσμον
488 2921 536 2984 καὶ
562 2921 596 2983 τδ
624 2919 789 3004 οἰκητήριον
812 2921 890 2986 θεῶν
918 2923 967 2986 καὶ
995 2922 1160 3006 ἀνθρώπων
1187 2920 1220 3007 (ἢ
1242 2924 1292 2986 τδν
1314 2923 1347 2987 ἐκ
1371 2923 1450 2987 θεῶν
1472 2923 1522 2986 καί
1543 2919 1719 3008 ἀνθρώπων)

318 3017 402 3086 ‘inni
424 3026 484 3085 τῶν
511 3023 596 3086 ἕνεκα
617 3022 726 3087 τούτων
751 3023 912 3107 γενομένων
935 3029 1109 3089 συνεστῶτα.
1195 3026 1227 3090 ὃν
1257 3027 1312 3111 γὰρ
1349 3026 1454 3111 τρόπον
1491 3024 1574 3095 πόλις
1609 3023 1719 3108 λέγεται

354 3127 447 3211 διχῶς
472 3124 506 3189 τό
533 3148 565 3188 τε
595 3125 759 3209 οίκητήριον
781 3126 830 3190 καὶ
849 3127 882 3189 τδ
905 3125 1019 3191 ἐκτῶν
1041 3127 1228 3192 ἐνοικούντων
1255 3129 1306 3192 σδν
1328 3133 1388 3198 τοῖς
1422 3127 1553 3196 πολίταις
1576 3126 1718 3210 σύστημα,

356 3229 433 3293 οὕτω
462 3228 511 3291 καὶ
541 3231 557 3292 ό
584 3227 693 3310 κόσμος
720 3227 806 3291 οἱονεὶ
833 3228 915 3298 πόλις
943 3229 1019 3293 ἐστίν
1041 3230 1075 3294 ἐκ
1098 3230 1175 3294 θεῶν
1199 3231 1246 3294 καὶ
1269 3231 1434 3316 ἀνθρώπων
1457 3235 1640 3308 συνεστῶσα,
1660 3233 1719 3293 τῶν

316 3333 337 3396 5
357 3332 409 3414 μὲν
432 3330 510 3394 θεῶν
532 3331 585 3416 τὴν
607 3331 761 3415 ἡγεμονίαν
784 3331 923 3417 ἐχόντων,
944 3329 1044 3396 τῶνδ’
1066 3332 1230 3416 ἀνθρώπων
1247 3335 1494 3418 ὑποτεταγμένων.
1571 3334 1718 3398 κοινωνίαν

313 3457 338 3498 ιο
356 3431 385 3496 δ’
413 3435 553 3519 ὑπάρχειν
575 3434 648 3517 πρὸς
669 3434 813 3518 ἀλλήλους
835 3434 883 3497 διὰ
910 3435 943 3498 τδ
970 3435 1057 3518 λόγου
1086 3435 1232 3520 μετέχειν,
1261 3438 1292 3506 ύς
1319 3437 1379 3500 ἐστι
1401 3437 1485 3522 φύσει
1506 3436 1609 3519 νόμος·
1631 3435 1668 3498 τά
1688 3433 1713 3498 δ’

354 3534 429 3600 άλλα
452 3538 546 3599 πάντα
567 3535 712 3620 γεγονέναι
734 3536 844 3600 τούτων
873 3537 968 3600 ἕνεκα.
1002 3537 1046 3608 οἷς
1071 3539 1244 3608 ἀκολούθως
1266 3537 1417 3622 νομιστέον
1439 3544 1570 3623 προνοεῖν
1591 3544 1651 3602 τῶν
1673 3539 1718 3602 ἀν-

354 3639 483 3723 θρώπων
510 3640 559 3702 τδν
586 3638 623 3701 τὰ
649 3639 703 3703 όλα
730 3641 892 3702 διοικοῦντα
918 3639 1003 3718 θεόν,
1030 3640 1208 3726 εὐεργετικὸν
1235 3639 1304 3705 ὄντα
1330 3641 1379 3704 καί
1401 3643 1529 3727 χρηστὸν
1552 3641 1600 3705 καί
1622 3641 1718 3726 φιλάν-

316 3743 336 3807 6
356 3741 474 3826 θρωπον
498 3741 607 3806 δίκαιόν
630 3765 662 3804 τε
684 3741 733 3804 καί
755 3742 850 3812 πάσας
872 3739 979 3828 ἔχοντα
999 3745 1051 3815 τὰς
1073 3745 1188 3831 ἀρετάς.
1266 3745 1311 3808 διδ
1338 3745 1374 3830 δὴ
1402 3745 1453 3808 καί
1473 3743 1547 3813 Ζεδς
1568 3743 1679 3828 λέγεται
1701 3745 1718 3806 ό

356 3891 532 3898 ..nn—...nnn
548 3893 554 3899 .

392 3965 404 4018 l
428 3970 481 4018 τῶν
504 3965 619 4036 κράσεων
643 3967 701 4017 nod.
723 3967 803 4017 θεοῖο.
827 3975 927 4017 secutus
945 3967 1011 4018 Mei·
1061 3963 1180 4036 όΖήνων
1198 3965 1241 4020 τδν
1258 3967 1314 4038 περὶ
1332 3967 1419 4038 ἀρχῶν
1432 3963 1547 4020 ἀπεδίδου
1565 3965 1646 4037 λόγον.
1670 3965 1717 4019 ἀπὸ

353 4055 418 4106 neke
439 4049 451 4122 ήή
472 4052 489 4105 4
508 4050 551 4105 ούν
569 4056 607 4104 Αι
627 4069 692 4104 corr.
711 4047 831 4106 Meinnko
852 4049 864 4122 ήή
885 4050 1012 4120 ίλαιούμι-
1061 4057 1107 4106 τοῦ
1134 4051 1159 4114 ζ’
1186 4055 1242 4125 περὶ
1269 4054 1414 4126 φιλοσοφίας
1440 4052 1622 4125 Ἀριστοκλέους
1650 4058 1715 4108 Ario

352 4157 393 4192 νον
406 4144 444 4192 A:
464 4158 530 4192 οοττ.
550 4143 680 4194 Meineke.
700 4145 730 4193 ci.
744 4143 821 4194 Philo
840 4143 858 4192 l.
872 4159 894 4192 ο.
911 4138 1010 4208 σπόγγιρ
1062 4143 1174 4208 Didymo
1184 4144 1306 4194 adscribit
1315 4145 1488 4210 Wyttenbtch
1499 4146 1574 4196 lexic.
1584 4143 1715 4196 Plutarch.

351 4227 397 4298 γὰρ
420 4226 566 4299 ἐλαιωμένιρ
585 4229 613 4293 [i.
635 4227 798 4298 ήλαιωμένῳ]
824 4226 853 4280 τὸ
875 4227 921 4296 μέν
943 4225 1011 4297 ύδωρ
1064 4224 1161 4282 11354.
1183 4231 1229 4280 sed
1254 4231 1339 4281 obstat
1358 4233 1449 4282 indicit
1468 4241 1589 4283 εσυιιταεε
1606 4232 1714 4282 κάκιστε-

352 4311 582 4385 ἀναλαμβάνεσθαι,
603 4315 646 4368 τὸν
668 4316 694 4370 δὲ
717 4316 781 4370 οἶνον
800 4311 975 4369 ὑπολείπεσθαι
995 4311 1008 4383 ΙΙ
1062 4321 1098 4370 tio
1119 4315 1133 4386 Ιή
1155 4318 1188 4370 14
1206 4319 1250 4370 καί
1268 4320 1368 4370 addidit
1387 4323 1471 4371 Ηοίοε
1489 4322 1549 4371 συλλ
1566 4321 1645 4382 Diog.
1664 4319 1717 4369 VII

351 4402 392 4473 δή
407 4421 439 4455 εκ
458 4422 483 4470 p.
496 4403 556 4468 463,
568 4403 602 4458 θέλ
614 4407 674 4457 add.
689 4409 810 4458 Μοὶιιελιε
823 4402 836 4475 ii
848 4405 864 4458 ‘i
878 4403 963 4474 ἑτέρας
976 4405 1008 4454 C:
1062 4405 1121 4458 137.
1136 4404 1194 4458 138.
1212 4408 1321 4473 praefixi
1340 4404 1434 4475 κόσμον
1455 4403 1467 4474 ήΙ
1492 4406 1524 4459 18
1542 4405 1587 4457 καὶ
1605 4415 1664 4458 ante
1676 4403 1716 4456 ού-

350 4491 474 4562 έτίρανΕ
500 4489 513 4560 {i
539 4493 556 4546 8
578 4494 733 4564 φαρμάκωνι
761 4497 906 4546 accuratius
929 4493 1007 4545 Philo
1060 4507 1144 4561 στημα
1155 4493 1215 4544 add.
1228 4496 1321 4546 Ηείιιε.
1340 4498 1371 4548 ci.
1388 4497 1468 4560 Diog.
1481 4497 1498 4545 l.
1511 4512 1533 4546 ο.
1546 4505 1572 4545 ει
1584 4496 1716 4546 Diodorus

348 4584 365 4632 l.
385 4598 406 4632 υ.
434 4579 470 4639 ῶς
492 4579 532 4633 ἐπὶ
556 4583 602 4650 τῆς
624 4582 650 4634 ἐν
675 4581 773 4651 ἰατρική
797 4579 1006 4649 τετραφαρμόκυυ
1056 4580 1546 4649 ap.n0hiil.p.129=[1³rol.nto]
1568 4578 1580 4650 ήή
1596 4580 1630 4634 20
1649 4597 1715 4646 quae

348 4669 493 4739 συντέτευχε
1058 4671 1266 4722 homoeoteleuto
1299 4671 1482 4722 interciderant
1510 4687 1543 4722 nx
1576 4668 1626 4732 §4
1653 4684 1715 4720 con·

386 4757 402 4810 9
427 4759 527 4809 titulum
551 4760 640 4824 capitis
658 4757 767 4823 praefixi
785 4773 817 4808 εκ
836 4758 947 4822 capitum
965 4758 1004 4806 in·
1057 4759 1115 4808 latin
1152 4758 1281 4824 Diogenis
1318 4767 1344 4808 υτ
1381 4759 1493 4809 Diodori
1531 4759 1595 4809 lonis
1633 4759 1715 4808 citntis

350 4847 406 4896 dice
419 4847 578 4898 Eusebiano.
610 4847 641 4896 de
659 4846 743 4896 forma
761 4846 792 4896 ci.
805 4846 877 4896 Proi.
890 4861 915 4911 p.
926 4841 1003 4907 itaq.
1055 4843 1136 4908 [Prot.
1156 4861 1181 4911 p.
1192 4843 1234 4908 20,
1253 4863 1279 4896 n.
1292 4844 1317 4896 2.
1331 4842 1360 4909 3]
1378 4847 1478 4896 restitui
1496 4845 1528 4896 τί.
1546 4847 1577 4896 ir.
1592 4842 1625 4896 31
1647 4840 1660 4910 Ιή
1681 4841 1713 4906 21

351 4949 361 4984 ι
375 4949 398 4985 ιι
413 4949 451 4986 ιν.
471 4935 541 4998 quod
554 4935 580 4983 in
593 4935 656 4984 Eun.
669 4935 720 4983 XV
736 4933 768 4984 14
782 4935 914 4998 praecedit
926 4941 1003 4999 eaput
1054 4937 1194 4984 συνεστῶτα
1214 4931 1279 4996 iibri,
1300 4934 1370 4997 quod
1388 4934 1515 4986 editorum
1528 4933 1627 4984 inscitia
1638 4933 1714 4995 vulgo

350 5021 405 5092 περὶ
427 5023 473 5092 τῆς
496 5027 549 5073 τῶν
570 5016 693 5072 Στωικῶν
716 5017 861 5090 φιλοσοφίας
884 5015 952 5077 όπως
975 5037 1001 5070 τε
1053 5023 1177 5072 omittitur
