3648 5736
539 399 676 450 σκιοκι
695 398 835 448 menon.
854 392 1107 448 emmam-27
1439 389 1502 454 615

193 572 265 634 εἶναι
288 571 380 634 δὲτὰ
402 567 477 654 μέρη
499 571 551 652 τῆς
573 573 670 652 ψυχῆς
694 567 839 631 Πλάτων
870 567 922 648 μὲν
949 566 1014 650 τρία
1035 565 1168 646 νενόμικε
1189 565 1303 646 λογικὸν
1326 561 1449 642 ὑυμικδν

191 672 412 756 ἐπιθυμητικόν.
446 668 692 755 Ἀριστοτέλης
714 669 747 732 δὲ
768 672 933 754 προσήγαγε
954 669 1003 731 καὶ
1025 669 1059 729 τὸ
1081 666 1201 752 φυσικόν
1224 687 1256 728 τε
1277 664 1326 728 καί
1347 663 1381 725 τδ
1398 667 1451 734 ζω-

188 777 278 840 τικόν.
321 774 475 840 Στωικοὶ
496 773 529 836 δὲ
550 773 677 856 τέσσαρσι
700 773 774 856 μέρη
796 777 849 856 τῆς
864 777 961 856 ψυχῆς
976 767 1050 833 είνοιί
1064 790 1135 854 φασι
1149 767 1265 850 λογικδν
1280 765 1450 848 αἰσθητικὸν

189 878 353 962 φωνητικὸν
384 876 594 960 σπερματικόν·
625 877 698 944 τινὲς
727 875 760 936 δὲ
787 876 840 958 τὴν
863 875 960 958 ψυχὴν
984 874 1079 955 ἁπλῆν
1106 871 1155 936 καί
1181 871 1276 954 ἀμερῆ
1299 869 1449 953 τυγχάνειν

158 1001 170 1039 ι
189 981 347 1065 εἰρήκασιν.
385 979 468 1043 οὐδὲν
490 978 544 1061 γάρ
567 977 638 1040 ἄλλο
661 978 713 1060 τήν
729 979 827 1061 ψυχὴν
843 976 1093 1059 ὑπολαμβάνουσιν
1108 974 1128 1056 ἢ
1143 973 1280 1057 φρόνησιν
1298 971 1450 1055 ὑπάρχειν,

189 1085 224 1167 ἣν
255 1084 303 1146 καὶ
335 1087 401 1145 νοῦν
429 1082 477 1144 καὶ
505 1076 853 1164 νόησινλπροσειρήκασι.
898 1077 1114 1161 Μνήσαρχος
1145 1076 1178 1138 δὲ
1204 1075 1256 1158 τήν
1283 1073 1500 1137 Στωικῶνιω

189 1185 333 1270 ὑπόληψιν
355 1185 508 1269 ἐπικρίνων
530 1185 564 1246 τὸ
593 1184 757 1267 φωνητικὸν
783 1180 858 1265 (καὶ)
884 1182 918 1242 τὸ
947 1178 1141 1262 σπερματικὸν
1172 1179 1311 1261 περιεῖλεν
1338 1175 1450 1258 οίηδείς

188 1294 240 1372 τῆς
274 1287 448 1372 αίσίλητικής
478 1288 627 1370 δυνάμεως
659 1290 750 1351 ταῦτα
778 1284 926 1370 μετέχειν,
965 1282 1039 1366 μέρη
1073 1281 1106 1344 δὲ
1138 1284 1191 1364 τῆς
1224 1283 1321 1364 ψυχῆς
1357 1276 1447 1362 ιγ’)ήδη

190 1391 276 1472 μόνον
298 1392 331 1454 τδ
354 1390 468 1472 λογικὸν
491 1390 539 1453 καὶ
561 1390 594 1452 τδ
616 1387 802 1472 αίσδητικόν,
832 1383 857 1470 ᾦ
888 1383 935 1448 καὶ
964 1387 1073 1466 μᾶλλον
1100 1381 1134 1446 ἄν
1160 1406 1201 1451 τις
1229 1382 1445 1466 συγχωρήσειεν

150 1511 172 1550 ιο
189 1492 326 1576 εὐλόγως.

514 1749 554 1812 25
591 1745 677 1830 Περὶ
701 1744 806 1816 ίδέας.
844 1753 995 1818 [ΡΙιιι.110
1008 1751 1119 1818 κοτε]
1464 1761 1500 1800 ma

262 1905 335 1970 Ἰδέα
362 1893 445 1968 ἐστὶν
467 1904 552 1967 οδσία
579 1903 750 1984 ἀσώματος,
777 1903 851 1986 αὑτὴ
879 1904 931 1985 μὲν
958 1903 1115 1987 ὑφεστῶσα
1145 1898 1212 1964 καθ’
1240 1900 1347 1983 αὑτήν,
1374 1898 1446 1961 εἰκο-

186 2010 303 2081 νίζουσα
318 2007 351 2069 δὲ
373 2007 424 2076 τὰς
446 2005 595 2090 ἀμόρφους
617 2005 686 2074 ὑλας
708 2005 756 2068 καί
778 2005 856 2068 αίτία
877 2005 1039 2089 γιγνομένη.
1076 2005 1220 2069 Πλάτων
1243 2003 1275 2066 δὲ
1289 2005 1446 2088 συγχωρεῖ,

185 2112 253 2175 ὅσον
276 2111 406 2187 δυνατόν,
439 2113 499 2177 τοῖς
526 2109 652 2193 νοήμασι
685 2109 733 2171 καὶ
764 2111 827 2176 ταῖς
861 2108 1030 2192 φαντασίαις
1061 2111 1154 2192 ζητεῖν
1185 2106 1250 2190 περὶ
1281 2109 1332 2168 τοῦ
1364 2105 1446 2167 ὑεοὺ.

145 2233 166 2272 ιι
184 2211 430 2297 Ἀριστοτέλης
458 2211 491 2274 δὲ
512 2209 576 2294 είδη
600 2211 652 2293 μὲν
674 2212 722 2274 καὶ
746 2209 824 2280 ἰδέας
846 2209 995 2288 ἀπέλιπεν,
1018 2211 1052 2274 οὑ
1077 2213 1134 2295 μὴν
1156 2206 1373 2294 κεχωρισμένας
1394 2210 1447 2290 τῆς

188 2317 271 2399 ὑλης·
295 2317 322 2379 οἱ
344 2316 377 2378 δὲ
398 2314 551 2379 Στωικοὶ
574 2314 737 2398 ἐννοήματα
759 2313 888 2396 ήμέτερα
908 2311 960 2381 τὰς
983 2311 1059 2381 ίδέας
1081 2310 1153 2376 εἶναι
1176 2312 1347 2394 νομίζουσιν.

491 2571 534 2635 26
571 2568 657 2654 Περὶ
678 2569 886 2654 ἐλαχίστων.
920 2579 1027 2644 [ΡΙυαΙ
1043 2577 1074 2631 13
1088 2576 1141 2641 ιι]
1463 2585 1498 2625 τοι

270 2724 337 2790 Τῶν
359 2729 507 2809 τεσσάρων
530 2727 682 2812 στοιχείων
705 2725 860 2809 πράγματα
883 2725 1029 2810 βαρύτατοι
1052 2725 1113 2788 οἷον
1136 2729 1267 2809 στοιχεῖα
1290 2723 1348 2786 άπδ
1371 2745 1444 2787 στοι-

188 2831 277 2915 χείων
303 2831 323 2914 ἢ
350 2832 487 2914 ψήγματα
521 2828 684 2910 νομίζουσιν
714 2826 788 2893 εἶναί
816 2851 889 2899 τινες
919 2829 956 2892 τὰ
986 2828 1128 2912 λεγόμενα
1157 2828 1308 2912 ἐλάχιστα.
1346 2822 1446 2910 Ἡρά-

144 2953 169 2992 νο
188 2937 330 3002 κλειτος
352 2933 385 2996 δὲ
407 2933 513 3016 εἰσάγει
536 2935 628 2994 ταῦτα
648 2933 747 3016 νοήσει
770 2931 857 3014 μόνον
878 2933 983 3016 ληπτά.

433 3191 472 3254 27
509 3187 594 3273 Περὶ
616 3191 829 3274 χρωμάτων.
865 3201 946 3264 [ΡΙοι.
961 3193 1019 3254 ΙἸὺ
1032 3213 1051 3249 1.
1061 3210 1080 3250 a.
1090 3209 1109 3249 a.
1120 3207 1168 3249 ιο.
1178 3198 1201 3261 τ]
1461 3204 1496 3243 νοτ

272 3341 390 3428 Χρῶμά
416 3343 477 3406 ἐστι
504 3343 623 3427 ποιότης
651 3346 786 3426 σώματος
809 3347 911 3430 ὁρατή.
955 3343 992 3409 Oi
1021 3343 1258 3426 Πυθαγόρειοι
1286 3343 1319 3403 δὲ
1344 3341 1446 3426 χροιὰν

186 3447 233 3510 καὶ
267 3451 375 3532 χρῶμα
409 3445 530 3508 ἐκάλουν
562 3447 615 3530 τήν
648 3446 816 3532 ἐπιφάνειαν
853 3451 904 3511 τοὺ
942 3449 1088 3528 σώματος.
1136 3443 1381 3529 Ἐμπεδοκλῆς
1414 3441 1447 3504 δὲ

136 3647 336 3657 ——-—-
842 3647 1043 3658 ...—

137 3793 217 3844 qnam
240 3786 323 3830 neam
350 3776 460 3843 aliaque
484 3784 626 3844 temnentes
648 3789 791 3840 corporum.
842 3775 984 3847 inexpletae)
1013 3779 1049 3829 Βι
1077 3785 1145 3828 recte
1173 3777 1198 3825 A
1228 3771 1242 3841 ΙΙ
1270 3774 1313 3826 καλ
1344 3775 1404 3826 add.
1432 3775 1456 3824 D
1484 3770 1496 3839 ΙΙ

139 3867 243 3934 ιἰιιορει·
265 3865 311 3917 itte
337 3861 456 3929 nihilque
484 3863 514 3914 in
536 3862 614 3914 terrie
636 3861 792 3928 relinquens
842 3863 986 3931 canetenim
1011 3864 1072 3915 AB:
1101 3879 1166 3914 corr.
1186 3863 1333 3922 chartarius
1353 3861 1366 3928 ΙΙ
1387 3861 1403 3914 8
1423 3856 1497 3931 ᾤήδη

130 3953 206 4020 sunit
225 3962 249 4004 ει
267 3962 334 4004 tona
352 3951 461 4016 encaenii
470 3947 632 4016 paulumque
644 3965 726 4014 snpra
743 3965 791 4001 τισι
841 3950 915 4018 μόνον
938 3954 1039 4016 een'pai:
1065 3946 1187 4019 ῶήὺημεν
1206 3952 1244 4002 Δι
1264 3945 1386 4018 ιὺήδησαν
1404 3953 1426 4001 Β
1447 3947 1460 4016 ΙΙ
1481 3949 1496 4002 9

137 4048 308 4091 commoratus
327 4039 390 4090 dnm
402 4045 566 4104 ασρωπραιιιν
584 4045 609 4088 ει
627 4035 792 4089 inhaerentia
842 4036 878 4091 ῶν
896 4039 940 4089 καλ
959 4039 1018 4090 AB=
1038 4054 1103 4088 corr.
1122 4040 1147 4089 D

140 4126 208 4178 vitia
226 4126 463 4193 sitnmqaeomnem
480 4123 598 4175 mortalia
610 4125 670 4176 neni
686 4125 791 4188 cecinit,
878 4125 911 4179 12
937 4123 1008 4176 οὐσία
1027 4123 1144 4192 σώματος
1163 4127 1199 4175 Αι
1224 4123 1342 4193 σώματος
1365 4122 1435 4176 οὑσίοι
1461 4125 1496 4174 B:

137 4212 235 4265 deinde
247 4213 284 4264 σά
293 4211 395 4264 excelsa
405 4210 520 4263 οιιὺίιιαιι
530 4211 600 4263 inter
603 4211 698 4279 felices
708 4213 792 4264 currit
842 4227 909 4267 reete
922 4216 945 4266 N
957 4210 971 4283 Ιλ
983 4211 1117 4282 ὑφεστῶσα
1131 4211 1177 4279 μὲν
1190 4209 1254 4280 αὐτὴ
1266 4214 1288 4264 Β
1304 4207 1318 4280 ΙΙ
1333 4207 1390 4263 καθ’
1407 4209 1498 4278 ἑαυτὴν

137 4301 243 4352 animae
262 4310 309 4354 σιτ.
336 4295 350 4367 ΙΙ
377 4297 439 4351 δτι
459 4317 509 4350 om.
527 4301 550 4351 B
568 4302 627 4351 fort.
647 4307 715 4351 reeta
740 4297 791 4366 Ηδ
842 4304 877 4355 Βι
896 4298 954 4352 κατ’
974 4299 1053 4368 αὑτὴν
1072 4303 1096 4349 A
1115 4295 1130 4366 ΙΙ
1154 4300 1248 4351 14τοὺ
1267 4299 1358 4351 omB
1381 4297 1393 4366 ΙΙ
1416 4297 1447 4350 15
1465 4299 1497 4364 τῆ

136 4387 159 4439 ολ
178 4384 288 4440 Στωικοί
305 4389 328 4439 Β
349 4381 362 4453 ΙΙ
385 4385 505 4454 τέσσαρσι
525 4389 603 4452 vulgo
627 4383 656 4436 τὸ
678 4383 790 4454 αίσὺητι-
842 4391 888 4458 τῆς
900 4391 924 4440 A
939 4386 953 4456 λΙ
968 4387 1001 4443 16
1014 4385 1037 4439 ol
1054 4386 1157 4438 στωικοὶ
1175 4383 1201 4437 δὲ
1220 4389 1241 4438 Β
1257 4383 1270 4454 ΙΙ
1284 4395 1343 4452 post
1360 4383 1498 4452 νομίζουσιν

137 4474 181 4526 κόν
199 4480 226 4526 in
246 4478 359 4540 quinque
378 4491 467 4526 sensus
487 4476 621 4535 dividitur,
644 4475 713 4524 unde
732 4483 790 4526 oeno
842 4479 864 4528 Β
882 4479 954 4528 addit
972 4477 1015 4527 καὶ
1034 4472 1082 4544 οὑχ
1101 4471 1184 4541 ὥσπερ
1203 4472 1226 4524 οί
1245 4469 1414 4526 Πλατωνικοίι
1434 4489 1465 4526 ,ἡ

136 4573 303 4614 numerantur
331 4559 345 4630 ΙΙ
376 4563 392 4614 4
421 4559 503 4630 ἁπλῆν
529 4563 565 4613 Βι
594 4558 662 4629 ἁπλῆ
690 4564 715 4612 A
741 4557 790 4628 ΙΙὺ
880 4562 912 4614 18
925 4565 1039 4614 voluitne
1052 4561 1178 4629 πρίσματα
1191 4557 1336 4630 βραχὺτοιτοι
1350 4565 1380 4613 cf.
1394 4559 1494 4628 ΡΙιιιλλΙ

136 4648 297 4717 προωρήκασι
316 4651 364 4702 AB
391 4646 404 4718 ΙΙ
430 4648 570 4716 μενίμαχος
591 4649 627 4700 B:
652 4647 791 4716 μενίπσχος
843 4649 891 4702 άπδ
910 4649 1032 4720 στοιχείου
1050 4651 1072 4700 Β
1093 4645 1106 4717 Ιλ
1128 4649 1161 4702 19
1180 4647 1286 4716 ψήματα
1304 4651 1329 4700 Α
1350 4645 1364 4715 il
1382 4647 1411 4700 τὸ
1428 4646 1496 4717 λεγό-

136 4739 175 4787 Ae
197 4751 263 4787 eom.
282 4738 316 4787 D.
346 4737 493 4788 Mnesarchi
512 4739 633 4802 magister
650 4737 791 4788 Panaetius
842 4754 915 4805 μενον
934 4739 959 4788 A
979 4734 995 4805 ΙΙ
1016 4735 1050 4787 20
1068 4734 1094 4787 δὲ
1114 4753 1164 4786 om.
1183 4739 1207 4786 A

137 4825 248 4874 similem
271 4831 396 4874 statuerat
418 4826 567 4888 opinionem
593 4825 624 4874 ei.
643 4825 747 4874 Nemee.
766 4824 791 4876 d.
878 4822 911 4875 22
941 4823 1043 4892 ποιότης
1072 4821 1190 4890 σώματος
1214 4819 1302 4890 δρατόν
1330 4827 1368 4874 Αι
1395 4822 1497 4893 ποιότης

137 4918 189 4961 nat.
217 4911 287 4961 ham.
317 4927 341 4975 p.
360 4907 412 4961 212
434 4909 472 4960 M.
501 4913 531 4962 ei.
558 4912 630 4962 Prol.
655 4926 680 4975 p.
698 4907 749 4962 281
776 4907 789 4976 ΙΙ
842 4909 936 4981 δραστή
958 4909 1007 4962 BN
1033 4907 1047 4977 ΙΙ
1066 4907 1123 4961 οὑδὲ
1146 4907 1232 4979 χροιὰν
1250 4911 1288 4961 A:
1312 4909 1338 4961 δὲ
1357 4909 1386 4962 οὑ
1404 4915 1497 4979 χρῶμα

136 4996 183 5066 τὴν
215 4999 253 5048 D:
289 4999 342 5048 τῶν
375 4995 423 5048 AB
458 4991 474 5064 ΙΙ
509 4997 524 5049 7
559 4994 689 5067 ὑπόκρισιν
724 4997 791 5056 (om.
843 5001 904 5058 (om.
923 4994 1010 5065 χροιὰν
1029 4996 1083 5058 καὶ)
1102 4999 1137 5048 Βι
1157 5007 1223 5049 recte
1242 4999 1268 5052 N
