3768 5736
324 419 386 484 392
712 422 815 472 AETli
833 421 937 472 PLAC.
951 423 989 470 IV
1008 419 1024 472 5
1037 429 1119 468 10—1e
1138 420 1154 472 6
1168 429 1186 468 ι.
1200 429 1212 466 ι
1231 419 1302 471 ‘ire

428 485 1397 578 Peumeflrms
1409 519 1468 584 [ευ]
1481 530 1491 566 ι
1505 519 1539 572 ιν
1552 521 1635 586 [ιιγι

368 661 421 744 τὴν
440 661 574 745 Ιιιαρδέαν,
595 661 629 724 τδ
645 660 678 724 δὲ
691 663 805 746 λογικὸν
820 662 868 727 καλ
882 664 980 748 νοερόν

368 763 433 847 περὶ
455 763 508 847 τὴν
531 766 671 848 κεφαλήν.
903 752 905 758 ’
1275 814 1288 834 .

991 878 1020 930 ll
1075 862 1286 946 Πυθαγόρας
1305 859 1534 944 Ἀναξαγόρας
1554 859 1644 924 Πλά.

1029 987 1094 1028 των
1122 963 1343 1048 Ξενοκράτης
1375 960 1561 1046 Κλεάνθης
1594 963 1644 1028 θό-

1031 1069 1118 1151 ραθεν
1141 1065 1335 1150 εἰσκρένεσθαι
1356 1065 1405 1128 τδν
1428 1068 1504 1128 νοῦν.

991 1181 1022 1236 12
1076 1168 1301 1252 Παρμενίδης
1330 1167 1378 1230 καὶ
1404 1163 1644 1252 Ἐμπεδοκλῆς

1031 1271 1078 1336 καὶ
1109 1269 1330 1354 Δημόκριτος
1362 1265 1466 1330 ταότθν
1498 1272 1564 1332 νοῦν
1595 1271 1680 1332 καλε

1031 1375 1139 1459 ψυχήν,
1162 1370 1233 1436 καθ’
1262 1371 1312 1441 οὓς
1335 1369 1418 1436 οὐδὲν
1441 1369 1476 1434 ἀν
1498 1368 1545 1454 εἴη
1567 1372 1644 1456 ζιγῖον

1030 1475 1134 1558 άλογον
1156 1474 1272 1558 κυρίως.

398 1670 428 1746 ξ.
472 1667 555 1752 Περὶ
578 1669 749 1752 κινήσεως
772 1673 899 1755 ψυχῆς.
1146 1661 1229 1746 Περὶ
1255 1663 1424 1746 κινήσεως
1446 1665 1572 1746 ψυχῆς.

412 1785 557 1851 Πλάτων
572 1785 733 1870 ἀεικίνητον
746 1787 798 1871 μὲν
810 1790 862 1875 τὴν
874 1794 982 1876 ψυχήν,
1003 1801 1028 1851 1.
1079 1779 1225 1844 Πλάτων
1261 1778 1423 1866 [ἄφθαρτον
1460 1775 1521 1864 καὶ]
1559 1779 1644 1842 ἀεικί-

344 1891 416 1953 ιτδν
445 1887 478 1951 δὲ
505 1891 571 1950 νοῦν
599 1889 734 1972 άιιόνητον
756 1894 809 1975 τῆς
832 1894 980 1978 genapum.
1032 1904 1128 1965 νητον.
1656 1901 1681 1938 ιυ

365 1994 420 2074 τῆς
442 1991 593 2073 κινήσεως.

405 2088 650 2176 Ἀριστοτέλης
666 2092 799 2176 ἀκίνητον
814 2096 867 2181 τὴν
879 2097 977 2183 ψυχὴν
996 2115 1013 2170 2
1071 2083 1314 2174 Ἀριστοτέλης
1329 2088 1464 2171 ἀκίνητον
1479 2088 1532 2171 τὴν
1547 2085 1645 2171 ψυχὴν

367 2195 463 2276 πάσης
478 2196 620 2280 κινήσεως
634 2198 864 2282 προηγουμένην,
880 2204 932 2283 τῆς
948 2201 981 2263 δὲ
1030 2190 1126 2273 πάσης
1156 2191 1297 2274 κινήσεως
1328 2191 1564 2274 προηγουμένην,
1593 2193 1645 2273 τῆς

367 2296 441 2360 κατὰ
470 2297 652 2382 συμβεβηκός
681 2298 812 2383 μετέχειν
845 2301 980 2386 καθάπερ
1017 2293 1062 2372 δὲ
1088 2292 1163 2356 κατὰ
1189 2293 1372 2376 συμβεβηκὸς
1396 2292 1527 2377 μετέχειν
1554 2293 1644 2356 καθά-

335 2400 403 2462 ιυτὰ
424 2395 488 2481 εἴδη
511 2401 568 2462 τῶν
590 2400 745 2482 σωμάτων.
1029 2417 1082 2477 περ
1109 2394 1145 2457 τὰ
1172 2397 1312 2478 σχήματα
1333 2395 1381 2458 καὶ
1404 2395 1441 2459 τὰ
1462 2395 1573 2479 πέρατα
1595 2394 1644 2456 καλ

1028 2495 1163 2566 καθάπαξ
1185 2498 1222 2561 τά
1242 2498 1307 2581 περὶ
1329 2501 1389 2568 τοῖς
1410 2499 1543 2580 σάμασιν
1566 2495 1640 2578 εἴδη.
1653 2516 1676 2555 ιε

390 2677 416 2766 ξ.
453 2691 538 2777 Περὶ
560 2695 764 2780 ἀφθαρσίας
785 2703 913 2784 ψυχῆς.

408 2809 617 2897 Πυθαγόρας
651 2813 795 2881 Πλάτων
829 2816 1011 2903 άφθαρτονι

371 2912 443 2978 εἶναι
464 2916 518 3000 τὴν
540 2919 648 3001 ψυχήν.

411 3015 566 3086 *ἐξιοῦσαν
587 3019 641 3104 γὰρ
663 3019 704 3090 εἰς
724 3021 777 3106 τὴν
799 3027 851 3086 τοῦ
873 3025 1013 3093 παντδςν

337 3138 360 3176 τε
369 3119 467 3204 ψυχὴν
495 3121 658 3207 ἀναχωρεῖν
688 3124 759 3208 πρὸς
780 3127 813 3188 τὸ
836 3127 981 3209 ὁμογενές.

356 3343 373 3394 4
391 3343 436 3410 μέν
455 3344 538 3395 ABG:
559 3360 610 3395 om.
630 3346 708 3408 vulgo
1067 3345 1078 3396 i
1100 3345 1205 3396 dubium
1224 3362 1284 3396 num
1300 3347 1350 3394 hoc
1363 3345 1502 3409 capitulum
1522 3345 1555 3393 ed
1575 3341 1627 3394 αδ
1646 3360 1686 3393 ιε-

357 3427 374 3482 5
393 3427 509 3498 ἀκίνητον
527 3430 608 3499 πάσης
626 3448 659 3482 ex
681 3449 705 3482 ν.
720 3429 776 3484 50
1028 3433 1160 3485 ferendum
1178 3435 1218 3483 eii.
1238 3445 1350 3482 ceterum
1369 3433 1399 3482 ei.
1418 3432 1527 3482 Krische
1546 3449 1570 3495 p.
1584 3429 1618 3480 84

357 3515 374 3570 8
398 3515 587 3586 προηγουμένην
604 3520 630 3568 Δ
655 3521 686 3570 cf.
709 3521 804 3572 lustin:
822 3521 977 3590 προηγουμέ-
1063 3519 1078 3572 5
1097 3521 1153 3577 νοῦς
1166 3519 1210 3570 καὶ
1228 3517 1298 3586 ψυχή
1319 3520 1357 3568 A:
1377 3521 1487 3568 correxi.
1506 3519 1538 3568 de
1556 3521 1685 3569 sententie

322 3621 365 3672 νηε
390 3605 436 3656 BC
1029 3611 1060 3659 ci.
1080 3610 1150 3660 Proi.
1170 3625 1195 3672 p.
1209 3605 1268 3656 142.
1287 3603 1338 3656 222

358 3687 390 3742 15
405 3693 529 3742 Heracliti
539 3693 632 3742 lemme
644 3694 773 3743 intercidit
785 3695 814 3742 ei.
827 3691 975 3762 Theodoril
1063 3695 1078 3746 9
1097 3695 1183 3756 stoi„
1200 3696 1243 3756 qui
1264 3695 1351 3742 titulos
1371 3709 1474 3756 quoque
1494 3709 1531 3743 ee.
1546 3693 1570 3745 6.
1583 3691 1599 3742 Ἰ
1625 3707 1686 3741 con-

322 3775 437 3845 δμοτενές
460 3780 491 3828 ei.
508 3776 614 3830 1v31r
1026 3785 1111 3833 iunxit
1139 3779 1195 3848 περὶ
1218 3777 1339 3846 κινήσεως
1362 3779 1406 3830 καὶ
1432 3776 1570 3847 ἀφθαρσίας
1593 3777 1685 3846 ψυχῆς,

1027 3887 1059 3920 ex
1078 3869 1094 3921 'i
1112 3877 1123 3916 1
1142 3863 1271 3935 ἄφθαρτον
1289 3865 1333 3916 καλ
1351 3865 1466 3916 eddidit·

1064 3953 1095 4008 15
1114 3953 1213 4022 περὶτὰ
1227 3950 1334 4019 σώματα
1348 3955 1466 4004 desidero
1478 3963 1505 4003 ut
1517 3955 1555 4003 IV
1569 3953 1586 4004 8
1598 3961 1618 4014 9,
1636 3955 1686 4002 nisi

1026 4045 1092 4094 iorte
1119 4039 1186 4109 παρὰ
1213 4042 1345 4090 insolitum
1372 4050 1398 4089 et
1423 4043 1506 4105 ipsum
1535 4043 1686 4106 rescriptum

1027 4145 1109 4180 ιυιινιε

324 4235 565 4247 —--——---
588 4235 681 4242 -—-
686 4235 884 4244 ---.-.—-.
888 4238 971 4245 ,m

320 4288 550 4340 TESTIMONIA
568 4287 778 4338 PLUTARCHI
1028 4291 1196 4343 ALIORUM
1215 4291 1266 4341 EX
1284 4292 1398 4343 AETIO
1417 4294 1613 4344 EXCERPTA

353 4371 403 4426 61
426 4368 551 4438 [iusim]
568 4375 634 4423 coh.
652 4376 690 4424 ed
708 4377 975 4439 gent.c.6iertesse
1062 4375 1108 4428 71
1139 4373 1304 4436 Theodorei.
1328 4381 1351 4430 V
1371 4377 1405 4430 23
1432 4379 1476 4430 παλ
1504 4375 1685 4448 Πυθαγόρας

317 4463 438 4527 respexit.
471 4459 515 4511 καὶ
543 4456 557 4510 ό
583 4459 628 4527 μὲν
653 4455 813 4524 (Πλάτων)
838 4461 976 4532 ἀεικίνητον
1027 4464 1072 4532 μὲν
1100 4465 1143 4516 καὶ
1167 4461 1370 4535 Ἀναξαγόρας
1397 4467 1440 4519 καλ
1467 4463 1614 4535 Διογένης
1641 4466 1685 4518 ιιαλ

318 4546 397 4617 αὐτὴν
415 4545 475 4598 εἶναι
493 4544 566 4615 λέγει.
1027 4547 1157 4603 Πλάτων
1175 4553 1219 4604 καὶ
1237 4549 1449 4622 Ἐμπεδοκλῆς
1471 4554 1514 4605 καλ
1532 4549 1685 4623 Ξενοκρά-

353 4633 465 4691 2ldem
486 4637 537 4686 λε.
564 4630 776 4704 Ἀριστοτέλης
803 4634 830 4687 δὲ
857 4636 975 4706 άιιένητον
1025 4656 1080 4707 της
1099 4634 1228 4708 ἄφθαρτον
1246 4639 1370 4709 εἶναιτὴν
1389 4640 1473 4709 ψυχὴν
1491 4639 1657 4709 ἀπεφήναντο.

317 4721 396 4792 αὐτὴν
418 4721 478 4774 εἶναί
500 4737 575 4797 φησιν
597 4721 694 4791 ἁπάσης
713 4721 835 4792 κινήσεως
852 4739 974 4793 προηγου·
1062 4725 1077 4776 2
1096 4723 1173 4783 lilem
1191 4730 1209 4779 l.
1223 4747 1244 4780 ο.
1264 4725 1277 4780 δ
1296 4726 1321 4780 δέ
1331 4725 1530 4796 Ἡράκλειτος
1548 4727 1592 4784 τὰς
1606 4725 1683 4778 ἀπαλ-

318 4811 403 4880 μένην.
1025 4811 1177 4882 λατπομένας
1195 4817 1240 4866 τοῦ
1262 4815 1380 4884 σώματος
1402 4815 1436 4873 εἰς
1458 4815 1505 4883 τὴν
1526 4817 1572 4865 τοῦ
1595 4811 1685 4872 παντὸς

1026 4900 1163 4970 ἀναχωρεῖν
1189 4901 1273 4970 ψυχὴν
1297 4900 1387 4971 ἔφησεν
1411 4902 1450 4954 οἶα
1474 4901 1504 4972 δὴ
1528 4899 1634 4970 ὁμογενῆ
1657 4917 1684 4951 τε

1027 4985 1102 5040 οὖσαν
1121 4987 1164 5040 καλ
1182 4986 1319 5058 όμυοόσιυν.
