3756 5736
709 418 987 470 rnonnoounuo
1464 421 1526 485 211

167 587 381 671 scepticorum
404 585 598 652 succession.
622 585 813 670 Wirciburg.
837 585 920 652 1875
946 606 978 669 p.
993 589 1096 671 44sq.
1131 589 1229 655 miror
1251 609 1348 654 unum
1371 589 1458 671 quod
1472 590 1528 655 ille

165 689 259 773 quasi
292 689 484 774 principium
516 687 630 760 statuit
662 697 778 752 certam
803 691 870 753 ceri
896 690 1032 772 salsique
1059 692 1244 772 adprrooirre
1273 711 1342 755 cam
1367 693 1527 755 iodicium.

166 791 254 876 quod
277 810 357 857 sane
379 791 478 856 tradit
499 790 618 857 Sextus
633 791 746 856 VIII8
769 793 797 855 οἱ
819 793 852 856 δὲ
874 791 938 876 περὶ
961 792 1011 855 τὸν
1029 789 1227 877 Αἰνηοίδημον
1249 791 1318 856 καθ’
1342 792 1527 880 Ἡράκλειτον

164 897 214 959 καὶ
236 896 287 959 τὸν
305 891 473 980 Ἐπίκουρον
495 894 543 958 ert
567 893 604 958 τὰ
625 894 754 978 αἰσθητὰ
776 897 880 964 κοινῶς
902 894 1125 980 κατενεχθέντες
1152 896 1183 960 ἐν
1210 894 1280 960 siber
1302 897 1466 980 διέστησαν.
1500 899 1527 960 οἱ

166 999 219 1080 μὲν
248 997 303 1081 γὰρ
330 995 466 1081 replebo
490 993 688 1080 Αἰνηοίδημον
711 995 828 1080 λέγουσι’
852 1019 915 1060 τινα
937 999 996 1060 τῶν
1018 999 1200 1082 φαινομένων
1223 999 1364 1085 διαφορὰν
1386 1000 1436 1062 καί
1457 1019 1528 1084 φασι

165 1101 277 1166 τούτων
299 1100 409 1182 τὰμὲν
432 1101 537 1168 κοινῶς
558 1101 630 1162 πᾶσι
652 1099 819 1184 φαίνεσθαι,
840 1099 877 1162 τὰ
899 1099 931 1162 δὲ
954 1100 1034 1169 ἰδίως
1055 1101 1119 1178 τινί,
1143 1101 1184 1164 ῶν
1207 1101 1306 1186 ἀληθῆ
1332 1103 1383 1185 μὲν
1406 1101 1528 1165 εἶναιτὰ

166 1207 273 1274 κοινῶς
287 1207 359 1267 πᾶσι
380 1201 550 1286 φαινόμενα,
573 1203 666 1286 ψευδῆ
689 1201 779 1266 δὲτὰ
802 1203 843 1286 μὴ
865 1206 995 1266 τοιαῦτα.
1017 1221 1112 1285 quam
1135 1202 1231 1269 facile
1254 1211 1325 1269 erat
1346 1203 1459 1287 paucis
1474 1224 1529 1288 pa·

165 1306 251 1390 ginis
265 1312 343 1372 ante
362 1303 424 1370 VH
436 1304 496 1369 131
513 1302 720 1369 Aenesidemi
735 1303 836 1370 verba
850 1303 909 1370 sed
924 1307 965 1370 de
980 1303 1183 1371 Heraclito
1206 1324 1247 1371 ea
1260 1304 1347 1372 dicta
1368 1305 1528 1390 inspicere

164 1412 201 1474 τὸ
224 1411 276 1493 μὲν
299 1411 382 1490 κοινῇ
404 1410 476 1471 πᾶσι
499 1405 672 1491 φαινόμενον
694 1403 772 1470 τοῦτ’
801 1403 874 1470 εἶναι
895 1407 995 1472 πιστόν
1013 1409 1111 1471 ...τὸ
1134 1406 1167 1472 δέ
1181 1431 1234 1472 τινι
1251 1409 1332 1494 μόνῳ
1347 1414 1527 1492 προσπῖπτον

165 1513 288 1578 ἄπιστον
311 1512 452 1596 ὑπάρχειν
474 1509 522 1572 διὰ
548 1509 601 1592 τὴν
628 1508 756 1572 ἐναντίαν
784 1507 889 1572 αἰτίαν.
927 1508 1076 1574 nimirum
1102 1508 1337 1577 Aenesidemus
1363 1509 1418 1592 qui
1447 1513 1529 1578 anti·

166 1613 335 1699 quietibus
349 1609 499 1695 scepticis
514 1610 557 1676 ah
572 1610 694 1676 Haasio
717 1615 805 1676 recte
818 1611 1060 1696 adnumeratur,
1082 1611 1124 1678 de
1143 1633 1295 1680 sensuum
1310 1612 1373 1679 fide
1388 1614 1528 1682 maxime

166 1715 348 1784 dubitabat.
380 1732 481 1798 quare
502 1710 645 1796 priorum
668 1712 709 1779 de
730 1713 793 1780 hac
814 1733 850 1780 re
873 1713 1041 1798 opiniones
1063 1713 1237 1797 diligenter
1258 1723 1291 1784 et
1312 1714 1443 1799 copiose
1465 1719 1528 1784 col·

164 1819 255 1903 legit.
279 1826 314 1885 at
327 1815 507 1882 iunioribus
522 1833 675 1881 sensuum
694 1813 757 1880 lide
772 1815 1053 1899 acquiescentibus
1069 1837 1195 1884 ornnem
1211 1818 1429 1900 investigandi
1441 1819 1528 1886 labo·

165 1941 236 1988 rem
255 1928 291 1987 ut
305 1921 436 1988 inanem
460 1924 493 1984 et
507 1915 633 1983 animos
655 1916 898 2000 perturbantem
920 1919 1043 1986 reicere
1065 1919 1196 2004 placuit,
1220 1920 1306 1986 unde
1320 1919 1527 1988 Aenesidemi

166 2023 337 2092 scientiam
352 2029 451 2106 atque
466 2018 733 2104 disquisitionem,
749 2039 813 2103 qua
827 2021 970 2104 priorum
984 2021 1129 2106 pericula
1141 2020 1372 2107 explicaverat,
1389 2023 1529 2092 riserunt

167 2128 205 2192 P.
228 2125 346 2211 Hypl
368 2125 433 2190 210
444 2143 490 2206 sq.
525 2127 560 2188 at
581 2120 784 2188 mehercules
806 2122 904 2206 plane
925 2123 1021 2189 aliter
1042 2123 1077 2188 in
1099 2142 1172 2189 eum
1193 2121 1352 2190 invectmi
1375 2135 1477 2212 erant,
1500 2127 1528 2194 si

167 2229 225 2296 ille
248 2227 334 2312 quod
355 2227 454 2310 vulgo
476 2223 612 2292 credunt
633 2223 745 2290 relicto
767 2224 930 2308 scepticae
952 2231 1061 2292 sectae
1076 2223 1257 2310 patrocinio
1273 2225 1528 2308 dogmaticorum

169 2350 260 2397 more
281 2331 324 2398 de
345 2347 423 2396 aere
444 2332 478 2394 et
500 2345 660 2392 consensu
690 2325 850 2392 communi
877 2328 1072 2412 ceterisque,
1103 2347 1187 2410 quae
1211 2326 1330 2394 Sextus
1355 2325 1528 2416 fabulatur,

169 2431 407 2498 affirmarisset.
434 2427 685 2496 Aenesidemum
700 2427 755 2510 qui
767 2447 845 2494 vere
859 2429 1051 2514 intellegere
1065 2427 1213 2512 voluerit,
1229 2447 1250 2494 a
1264 2426 1373 2494 Photii
1389 2432 1529 2516 Pyrrho·

169 2533 295 2599 nicrum
310 2532 464 2598 librorum
481 2535 633 2613 excerpto
650 2549 676 2596 c.
685 2531 748 2596 212
764 2529 922 2613 proticisci
937 2532 1045 2618 dehet,
1073 2531 1172 2598 Sexto
1187 2529 1249 2595 nisi
1264 2529 1448 2598 cautissime
1463 2553 1528 2598 non

169 2641 287 2720 utetur,
308 2634 429 2718 quippe
449 2631 504 2715 qui
520 2630 699 2696 doctrinam
714 2631 923 2700 multifariam
938 2641 1152 2719 propagatam
1167 2632 1238 2699 sine
1253 2631 1371 2698 iudicio
1387 2635 1527 2701 tradat¹

169 2738 228 2805 sed
238 2737 281 2805 de
293 2736 384 2804 Sexti
395 2735 460 2802 fide
470 2732 555 2799 inira
566 2753 690 2799 cxvm.
707 2734 943 2804 Aenesidemus
952 2737 1058 2822 igitur,
1071 2742 1107 2802 ut
1119 2735 1163 2801 ad
1174 2734 1375 2819 propositum
1385 2736 1528 2821 redeam,

168 2837 340 2905 dubitandi
361 2857 494 2904 cauam
517 2857 558 2902 ex
581 2835 653 2919 ipsa
667 2833 933 2921 philosophorum
952 2859 1062 2924 pugna
1077 2837 1191 2922 petivit
1205 2837 1294 2904 velut
1309 2835 1528 2906 Clitomachus

167 2940 201 3006 in
225 2940 391 3008 Ciceronis
422 2939 558 3006 Lucullo
586 2955 681 3020 quem
703 2936 866 3022 vituperat
889 2947 1064 3026 propterea
1085 2941 1204 3008 Sextus
1224 2939 1299 3005 adv.
1322 2938 1422 3006 math.
1437 2941 1486 3007 IX
1508 2945 1526 3007 1

168 3063 201 3125 p.
216 3043 290 3126 391,
306 3042 393 3108 aaa.
427 3060 534 3125 neque
555 3037 686 3104 uberior
707 3045 779 3105 erat
800 3040 982 3110 discordiae
1003 3044 1094 3109 locus
1115 3061 1212 3126 quam
1234 3041 1276 3108 de
1296 3039 1406 3106 anima
1426 3042 1529 3126 philo-

169 3143 346 3228 sophorum
371 3142 550 3228 opiniones,
572 3159 653 3224 quas
675 3139 763 3206 haud
785 3142 883 3211 dubie
895 3145 1018 3212 saeculi
1032 3165 1122 3212 more
1137 3163 1178 3210 ex
1193 3141 1371 3226 exemplari
1388 3145 1527 3227 quodam

168 3245 400 3330 transcripsit..
425 3265 502 3329 ergo
525 3263 597 3310 com
619 3241 706 3307 lotii
727 3263 853 3310 summa
874 3247 1051 3314 similitudo
1077 3267 1137 3333 per
1159 3253 1208 3312 tot
1228 3252 1359 3328 tamque
1381 3244 1529 3313 diversos

169 3347 396 3432 compilatores
430 3351 562 3414 servata
590 3343 650 3428 sit,
683 3365 750 3411 non
779 3367 832 3414 me
861 3349 1011 3417 contineo
1042 3349 1120 3433 quin
1149 3347 1248 3414 etiam
1277 3339 1538 3414 Aenesidemum‘

169 3449 366 3517 Placitorum
392 3455 592 3516 vetustorum
624 3443 772 3512 doctrina
793 3448 939 3516 adiutum
962 3453 1077 3518 dicam.
1120 3469 1226 3532 neque
1254 3455 1362 3514 metuo
1392 3469 1435 3516 ne
1462 3451 1529 3518 alia

170 3549 368 3635 probabilior
390 3550 473 3617 ratio
496 3547 692 3632 inveniatur,
715 3549 812 3615 modo
828 3549 987 3618 Soranum
1003 3550 1144 3637 Sceptici
1166 3549 1306 3616 maxime
1327 3551 1466 3634 vestigia
1480 3573 1529 3620 se·

168 3659 276 3719 cutum
299 3671 372 3720 esse
395 3651 564 3718 concedas.
600 3649 675 3718 ride
697 3650 792 3716 modo
808 3671 905 3735 quarn
920 3661 1075 3722 accurata
1090 3653 1132 3720 sit
1147 3658 1327 3737 temporum
1345 3655 1528 3721 concordia.

169 3755 224 3822 rix
251 3754 337 3822 enim
369 3754 501 3820 dubium
533 3751 698 3836 estquod
727 3753 869 3821 Haasius
898 3757 919 3822 l.
942 3777 969 3822 c.
992 3778 1023 3840 p.
1041 3755 1081 3821 15
1111 3760 1225 3821 contra
1254 3755 1415 3821 Zellerum
1442 3763 1530 3824 recte

168 3856 306 3924 evicisse
327 3856 471 3942 ridetur,
500 3855 577 3940 quin
607 3855 650 3921 ad
679 3857 818 3924 eundem
849 3859 886 3924 L.
910 3858 1113 3924 Tuberonem
1144 3855 1309 3922 Ciceronis
1337 3856 1530 3926 familiarem

169 3958 370 4044 Pyrrhonios
391 3979 468 4026 suos
489 3957 590 4024 libros
611 3957 735 4024 mnerit
758 3960 1010 4044 Aenesidemus,
1041 3959 1132 4025 cuius
1154 3958 1284 4025 nomine
1305 3959 1408 4026 Varro
1430 3961 1531 4044 loghi·

169 4061 322 4128 storicnm
343 4081 439 4144 quem
461 4059 528 4128 dixi
551 4066 700 4126 ornatum
723 4061 889 4128 volebat.¹
924 4060 1039 4128 eadem
1062 4060 1208 4127 condicio
1224 4061 1365 4126 Tulliani
1380 4063 1530 4148 catalogi,

169 4183 264 4246 quem
287 4184 329 4230 ex
350 4163 542 4232 macrum
564 4162 728 4246 excerpsi,
759 4169 795 4228 ut
818 4163 918 4229 etiam
940 4162 1016 4228 huie
1039 4183 1080 4229 ex
1103 4161 1363 4228 commodissimo
1384 4163 1440 4229 illo
1463 4165 1531 4233 the·

169 4283 265 4332 sauro
293 4265 495 4350 aliquantum
521 4264 722 4332 redundasse
752 4264 981 4332 existimemus.
1026 4265 1085 4331 sed
1110 4263 1192 4329 illud
1222 4263 1266 4328 ad
1295 4271 1417 4330 certum
1443 4267 1532 4334 haud

170 4385 274 4450 aeque
296 4367 414 4434 adduci
437 4373 553 4453 potest.
598 4385 674 4432 nam
702 4365 775 4450 ipsa
801 4366 927 4433 Placita
958 4366 1078 4433 adiisse
1101 4365 1290 4432 Ciceronem
1317 4386 1389 4432 cum
1417 4388 1531 4452 pamm

170 4469 212 4536 sit
234 4469 399 4554 credibile,
421 4468 512 4536 cuius
534 4486 635 4551 opera
656 4473 689 4534 et
710 4466 946 4535 intercessione
968 4489 1046 4536 usus
1068 4469 1110 4535 sit
1131 4467 1186 4534 vix
1208 4487 1359 4551 umquam
1380 4471 1532 4538 enodabi-

242 4639 250 4670 ¹
268 4643 399 4692 iuniorum
422 4643 599 4708 Scepticorum
621 4642 775 4706 compendia
798 4651 926 4694 monstrat
942 4645 974 4696 P.
992 4644 1026 4694 Η.
1045 4645 1059 4694 1
1078 4641 1129 4694 222
1152 4645 1195 4694 νῦν
1218 4639 1244 4694 cl
1268 4640 1303 4701 ὡς
1327 4643 1353 4695 ἐν
1371 4641 1532 4714 ὑπομνήματι

170 4724 369 4796 διαλαμβάνομεν
381 4727 447 4781 κατὰ
459 4723 606 4798 Μηνόδοτον
618 4727 662 4780 acl
674 4723 852 4798 Αἰνηοίδημον.
877 4729 909 4779 de
923 4729 1069 4780 Menodoto
1083 4731 1178 4782 saeculi
1190 4732 1295 4782 alterius
1307 4749 1333 4797 p.
1346 4732 1408 4783 Chr.
1421 4735 1532 4784 ineuntis

170 4815 272 4866 medico
291 4818 414 4882 empirice
434 4819 465 4868 ci.
480 4819 552 4868 Ηιιιιο
570 4819 587 4867 l.
601 4833 623 4868 c.
643 4834 668 4882 p.
682 4814 766 4880 ldsq.

242 4897 405 4955 'Tuberoni
430 4905 551 4956 familiari
573 4903 694 4955 Panaetii
716 4903 796 4953 libros
819 4903 851 4952 de
875 4903 966 4954 officiis
989 4907 1090 4970 scripsit
1115 4907 1213 4956 Hecate
1235 4905 1352 4957 Rhodius
1375 4907 1406 4956 cf.
1424 4904 1478 4955 Cic.
1499 4905 1532 4954 de

168 4989 212 5040 oti.
224 4989 267 5040 111
283 4988 314 5042 15
325 4999 358 5042 oa.
378 4992 451 5042 acad.
470 4993 549 5056 prior.
564 4989 700 5041 11441a.
719 5005 781 5054 ergo
800 4991 886 5040 studia
904 4991 1083 5056 philosophiae
1103 4994 1175 5042 avita
1192 4992 1253 5040 huie
1270 4993 1391 5043 familiae.

1260 5075 1333 5138 14*
