3756 5736
722 393 998 446 raouaoounrvn
1473 399 1536 464 239

175 559 298 643 passim
326 557 472 642 praefixa
496 561 609 626 notula
634 561 677 624 al‘
704 563 758 628 vel
779 584 819 625 ec
842 565 917 627 Ptat.
945 565 1089 631 indicare
1115 565 1228 649 solet,¹
1263 567 1365 631 multa
1387 566 1481 632 docte
1503 575 1536 632 et·
1605 601 1608 608 ·

175 661 353 744 prudenter
374 660 515 728 correxit
536 663 626 728 velut
647 665 813 736 εὐπειθείας
835 669 896 731 c.1
921 688 952 750 p.
969 667 1045 752 223,
1073 667 1245 752 Μενέδημος
1274 690 1331 752 pro
1354 668 1536 753 Παρμενίδης

175 765 241 830 c.3
264 786 295 848 p.
314 764 387 848 228,
410 765 578 849 πρόσκλισιν
601 767 664 832 ci
687 789 719 852 p.
735 769 808 854 233,
830 769 1007 855 Δικαίαρχος
1033 790 1060 834 c.
1076 771 1132 854 24,
1162 770 1228 834 alia
1255 771 1360 835 minus
1389 770 1534 836 feliciter.

175 871 285 932 tamen
313 866 369 932 ille
396 885 457 932 nec
483 867 627 934 codicem
655 889 807 953 umquam
834 872 994 938 consuluit
1022 891 1127 956 neque
1156 872 1286 937 omuino
1313 892 1334 936 a
1361 874 1535 957 superioris

177 967 330 1034 editionis
352 967 545 1036 auctoritate
566 969 628 1036 nisi
653 977 784 1038 coaetus
806 973 949 1040 recessit.

262 1071 342 1136 Post
373 1069 518 1136 mutilam
550 1072 787 1156 barbaramque
820 1073 947 1143 Nicolai
979 1076 1160 1142 versionem
1195 1097 1267 1141 cum
1302 1077 1534 1159 elegantiorem

177 1171 293 1238 cultior
320 1171 386 1238 iam
413 1177 506 1239 aetas
532 1172 751 1261 desideraret,
784 1176 912 1244 Iulius
934 1177 1154 1243 Martianus
1175 1179 1273 1244 Rota
1302 1177 1445 1244 Venetus
1473 1199 1535 1246 me-

176 1275 268 1342 dicus
289 1273 526 1342 eruditissimus
553 1296 672 1343 novam
703 1278 848 1344 condidit
873 1279 1056 1346 versionem
1077 1280 1311 1347 limatissimam
1333 1280 1535 1364 eandemque

175 1377 505 1461 interpolatissimam.
554 1397 630 1444 uam
656 1399 753 1462 quem
780 1381 962 1448 verecunde
990 1381 1194 1448 Camerarius
1221 1383 1434 1450 arcessiverat
1462 1385 1535 1449 Plu-

176 1479 334 1564 tarchum,
356 1479 442 1548 hune
463 1479 529 1546 iam
550 1481 711 1565 integrum
733 1481 802 1550 fere
823 1481 926 1548 invito
946 1483 1072 1550 Gelono
1093 1484 1277 1550 inculcavit.
1311 1485 1426 1568 quibus
1448 1488 1535 1554 leno-

176 1582 268 1650 ciniis
290 1583 439 1649 effectum
462 1589 522 1668 est,
544 1584 600 1651 vix
621 1591 657 1650 ut
678 1584 816 1670 pristina
837 1585 940 1652 libelli
962 1585 1092 1652 exilitas
1114 1586 1377 1668 adgnosceretur.
1410 1589 1451 1654 de
1473 1589 1535 1656 hac

176 1685 302 1752 ratione
324 1704 420 1752 nemo
441 1685 551 1752 verius
572 1687 728 1754 iudicavit
749 1707 846 1772 quam
861 1688 1004 1772 Lacuna,
1027 1687 1081 1770 qui
1096 1687 1130 1753 in
1147 1688 1286 1772 epistula
1300 1693 1535 1776 nuncupatoria

175 1808 255 1856 suae
276 1788 419 1855 versioni
441 1789 620 1872 praemissa
642 1789 665 1856 l.
680 1791 718 1854 6τ
743 1801 851 1872 postca
873 1801 985 1867 autem,
1005 1789 1118 1875 iuquit,
1141 1793 1315 1856 Martianus
1339 1796 1420 1858 Rota
1436 1798 1485 1857 cir
1500 1799 1534 1858 io

174 1893 298 1956 Laerta
318 1901 348 1956 ct
369 1895 499 1958 Graecia
521 1895 620 1958 literis
641 1896 723 1958 citra
745 1897 988 1958 mmovcrsiam
1010 1894 1216 1970 doctissima,
1239 1897 1405 1961 admolitur
1422 1919 1533 1962 maaria

176 1999 309 2078 acontio,
323 2005 470 2078 aequum
484 2006 529 2060 cat
543 1997 739 2060 tralationem
753 2007 894 2074 actorem,
910 2017 1037 2079 caraque
1052 1997 1141 2078 laaqe
1156 2000 1372 2080 elepanticrem
1386 2003 1533 2080 reddidit,

181 2103 306 2167 αάἰιιιιιε
327 2103 450 2163 interim
472 2101 602 2164 Graccis
625 2102 797 2178 codicibus,
827 2102 951 2166 caesata
974 2101 1094 2180 pridem
1115 2102 1195 2178 illis,
1224 2103 1281 2164 scd
1301 2106 1534 2170 mendacissime

175 2204 211 2286 [l.
226 2203 480 2284 moriame}
508 2203 616 2279 Quare
632 2213 759 2268 coactas
780 2205 933 2268 imcrdam
954 2203 1015 2282 fait
1038 2203 1197 2266 divinare.-
1217 2205 1380 2281 interdum,
1403 2207 1533 2270 obtrita-

176 2317 248 2372 eata
263 2308 467 2389 exemplaria,
489 2326 530 2368 aa
544 2309 610 2370 aaa
623 2309 755 2371 barattis
777 2303 952 2389 [intercidit
962 2306 1099 2386 irripere
1113 2305 1154 2386 ct]
1178 2313 1378 2388 (ηνιιννηιιανν
1391 2309 1534 2387 plritoao-

175 2411 268 2492 piton
281 2421 311 2476 ct
321 2413 452 2493 optima)
466 2411 604 2491 piurima
613 2411 803 2474 hauddubie
817 2410 1012 2483 interserere,
1028 2427 1108 2490 qaae
1122 2426 1273 2488 nosquam
1288 2410 1374 2489 apud
1385 2411 1533 2474 Galacum

176 2524 298 2580 mast.-
319 2516 354 2578 id
376 2513 460 2595 quod
483 2515 606 2576 minimo
621 2513 716 2592 Mam
732 2512 818 2575 decet
831 2513 1035 2590 interpretem.
1070 2509 1129 2576 sed
1143 2513 1178 2573 ut
1192 2508 1372 2592 improbam
1386 2509 1533 2578 fraudem

175 2617 376 2684 extrinsecus
397 2614 533 2680 inlatam
555 2613 691 2698 mittam,
712 2613 747 2679 in
768 2631 923 2695 germano
947 2611 1072 2678 Galeuo
1096 2610 1150 2677 ubi
1172 2610 1303 2677 aliunde
1322 2611 1403 2676 nihil
1419 2633 1534 2698 suppe-

176 2717 267 2786 tebat
289 2717 400 2784 auxilii
423 2736 488 2782 non
510 2715 600 2782 nulla
621 2715 669 2781 ita
690 2714 865 2782 emendata
883 2713 937 2779 vel
953 2715 1084 2798 expleta
1098 2721 1183 2798 sunt,
1206 2720 1241 2779 ut
1256 2713 1398 2780 codicem
1414 2713 1533 2780 bonum

173 2821 216 2888 ad
239 2839 369 2888 manum
391 2819 493 2886 luisse
514 2837 634 2902 magua
648 2838 720 2884 cnm
734 2817 804 2883 veri
819 2815 1028 2882 similitudine
1049 2815 1166 2898 aliquis
1187 2815 1336 2882 coniciet.
1362 2816 1451 2882 velut
1472 2819 1534 2883 ad

173 2945 204 3008 p.
221 2925 286 2990 224
316 2923 371 2989 ubi
398 2922 450 2988 ed.
471 2921 573 3005 princ.
598 2925 789 3002 ceteraeque
818 2920 966 3003 σποράδην
997 2924 1074 2986 ante
1105 2919 1244 3003 εἰρημένα
1271 2918 1391 3003 omisit,
1426 2939 1534 2986 noune

174 3025 288 3092 minum
304 3045 325 3091 a
339 3024 500 3091 Mariano
514 3023 600 3088 Rota
621 3024 757 3104 marcio
778 3031 807 3085 at
828 3021 899 3101 fasc
920 3022 1005 3084 dicta
1027 3028 1181 3087 novatum
1205 3021 1299 3087 esse?
1328 3027 1384 3085 aut
1399 3022 1487 3088 unde
1500 3022 1534 3087 iu

172 3128 315 3212 priorum
344 3127 482 3194 lectione
511 3127 585 3190 κατὰ
615 3125 668 3207 μὲν
694 3123 842 3209 Ἰσοκράτη
865 3123 928 3188 ο.8
950 3144 981 3206 p.
1000 3123 1063 3188 235
1092 3123 1348 3190 Xenocratem
1381 3124 1534 3190 odoratus

173 3236 224 3296 est
244 3228 308 3296 nisi
330 3249 371 3296 ex
393 3227 504 3295 codice
525 3247 623 3294 mauu
645 3226 791 3311 scripto?
815 3231 850 3292 at
871 3225 900 3290 is
920 3224 1049 3291 Nicolai
1071 3225 1250 3310 exemplari
1272 3225 1452 3291 simillimus
1473 3227 1534 3292 fuit

173 3338 209 3397 ut
224 3351 322 3398 ovum
337 3351 399 3398 ovo
422 3329 492 3398 sive
513 3329 621 3414 potius
642 3330 740 3414 plane
753 3327 850 3395 idem.
883 3347 926 3394 ne
945 3328 1056 3411 multa,
1078 3327 1183 3411 ipsam
1198 3325 1324 3392 Nicolai
1339 3329 1532 3414 versionem,

175 3455 240 3500 uon
251 3433 396 3500 codicem
406 3431 605 3517 inspexerat,
616 3431 650 3496 id
662 3429 748 3515 quod
760 3431 846 3498 idem
857 3429 990 3514 Lacuna
1001 3429 1143 3496 breviter
1154 3428 1401 3512 significaverat.
1427 3430 1533 3496 exNi-

173 3537 267 3602 colae
278 3535 376 3618 igitur
387 3555 459 3602 curn
470 3534 687 3601 Xenocratem
699 3553 792 3599 suum
803 3539 836 3599 et
848 3533 968 3598 omissa
978 3530 1036 3596 illa
1047 3530 1149 3596 verba
1160 3531 1295 3614 arripuit
1307 3537 1375 3596 tum
1390 3531 1533 3615 capitula

173 3637 335 3722 quaedam
357 3657 442 3721 quac
455 3637 532 3702 illuc
553 3635 684 3702 aliunde
705 3636 809 3702 inlata
830 3655 903 3702 esse
925 3633 992 3698 dixi
1014 3653 1080 3699 non
1103 3633 1173 3699 sine
1195 3639 1265 3698 arte
1283 3633 1424 3698 insuam
1439 3653 1533 3700 usum

174 3739 344 3807 convertit
377 3739 467 3806 velut
490 3758 530 3804 ex
552 3757 579 3804 c.
595 3741 617 3804 4
637 3738 824 3806 nouaclum
841 3735 1049 3822 Pythagorae
1065 3735 1260 3802 mentionem
1275 3736 1450 3821 transtulit,
1473 3737 1532 3802 sed

172 3842 272 3909 etiam
294 3847 440 3910 extremo
463 3840 570 3924 capite
586 3841 793 3924 prolixiorem
809 3839 851 3906 dc
866 3837 1021 3922 Aristippi
1037 3857 1160 3904 summo
1177 3837 1262 3904 bono
1278 3837 1532 3922 disputationem

172 3965 191 4011 e
221 3945 404 4029 Philopono
433 3942 622 4009 arcessitam
652 3941 870 4027 amplificavit.
916 3941 1062 4008 ordinem
1098 3941 1240 4026 capitum
1268 3939 1432 4006 turbatum
1460 3959 1533 4006 esse

172 4047 369 4113 Manlianum
383 4046 499 4111 Rotam
522 4051 650 4110 acutum
672 4044 835 4111 homiuem
857 4063 924 4108 non
944 4042 1082 4126 fugerat,
1104 4043 1214 4126 itaque
1229 4062 1287 4108 suo
1308 4047 1411 4108 marte
1431 4048 1533 4107 trans-

174 4149 294 4234 posuit,
316 4148 375 4215 sed
397 4165 462 4230 qua
483 4145 567 4213 solet
588 4145 719 4214 licentia
741 4145 850 4212 omnia
871 4165 998 4212 sarsum
1020 4145 1182 4212 deorsum.

258 4251 297 4316 Iu
329 4249 432 4316 latina
458 4247 576 4315 Galeni
604 4249 746 4316 editione
774 4267 859 4332 quae
884 4247 1063 4314 Venetiis
1091 4249 1174 4314 1562
1207 4247 1296 4330 apud
1329 4245 1533 4312 Vincentium

175 4353 371 4438 Valgrisium
393 4349 524 4435 prodiit,
545 4349 630 4417 inter
652 4351 833 4435 complures
861 4348 1006 4418 eiusdem
1027 4348 1214 4433 interpretis
1235 4347 1404 4414 versiones
1427 4347 1533 4412 editur

174 4455 317 4541 (Galeno
333 4453 437 4520 adscr.
454 4451 525 4517 libr.
549 4472 580 4536 p.
596 4450 644 4538 5):
668 4455 787 4518 dotano
810 4453 976 4517 cambutas
998 4454 1076 4516 iiber
1098 4453 1137 4516 dc
1150 4453 1283 4514 historia
1302 4449 1532 4530 philosophico:

173 4559 223 4623 Ia.
246 4557 392 4640 Baptista
417 4557 583 4619 Raaorio
611 4557 786 4638 interprete.
823 4555 885 4622 hoc
907 4573 1041 4621 munere
1068 4554 1155 4620 haud
1187 4552 1302 4618 inseite
1328 4550 1457 4616 laucius
1483 4557 1533 4616 est

173 4659 241 4746 ille,
256 4659 310 4744 qui
326 4657 470 4726 medicus
484 4644 545 4722 luit
555 4655 705 4742 idemque
718 4675 907 4741 graecarum
920 4655 1159 4739 latinarumque
1172 4655 1353 4722 litterarum
1368 4652 1533 4737 professor

247 4885 255 4916 ¹
273 4887 392 4952 pastilli
411 4885 540 4950 praessum
560 4883 602 4934 'io
618 4897 681 4944 aaa,
700 4884 791 4945 inquit,
810 4889 835 4932 ct
848 4879 932 4932 attera
945 4877 1099 4931 libellariis
1111 4875 1193 4930 νόθων
1205 4877 1316 4944 scriptis
1334 4874 1423 4928 adiuti
1441 4891 1531 4924 atmiis

172 4971 288 5024 eiusdem
307 4970 456 5038 armamenti
474 4969 590 5020 alienam
608 4977 637 5017 at
656 4969 685 5018 ia
705 4968 872 5035 Doymatis
891 4977 915 5018 et
934 4965 1114 5033 astrolapicia'.
