3708 5732
696 407 969 468 monacensem

539 690 594 746 XV
627 691 677 748 ml
695 691 916 750 censesne
933 692 1127 748 semissen

238 895 363 964 Inritus
389 901 422 961 et
450 914 547 979 quam
575 905 688 983 potero
715 897 904 965 brevissime
931 899 973 965 de
994 897 1170 983 Epiphanii
1199 898 1359 982 excerptis
1385 903 1509 984 loquar.

150 998 269 1082 quibus
295 997 375 1064 nihil
405 998 439 1066 in
466 1019 525 1066 suc
552 1019 672 1083 genere
701 999 849 1066 vitiosius
875 1005 908 1066 et
930 1000 1089 1066 turbatius
1111 1019 1183 1066 esse
1205 1007 1293 1067 recte
1315 1010 1510 1087 conquestus

148 1107 201 1168 est
222 1100 416 1167 Karstenius
437 1101 480 1167 de
501 1100 706 1186 Xenophane
728 1121 759 1185 p.
778 1102 848 1168 191.
882 1121 921 1168 ac
952 1101 1098 1187 prolecto
1124 1101 1187 1167 nisi
1214 1103 1367 1170 sciremus
1394 1113 1508 1188 quarto

147 1204 283 1270 saeculo
311 1203 382 1270 eins
404 1203 547 1269 Panaria
574 1203 758 1288 conscripta
779 1223 866 1288 esse,
894 1203 936 1270 de
957 1203 1208 1289 Byzantinorum
1233 1207 1287 1272 vel
1310 1207 1337 1270 si
1360 1205 1509 1273 mirificos

148 1323 277 1372 errores
303 1311 433 1389 spectas
454 1305 598 1372 Arabum
625 1305 694 1372 fetu
716 1305 924 1388 cogitandum
950 1311 1030 1371 erat.
1074 1325 1175 1390 usque
1198 1327 1237 1373 eo
1261 1309 1369 1373 omnia
1390 1309 1424 1374 in
1446 1329 1510 1375 me

148 1427 204 1473 ras
231 1425 335 1491 nugas
362 1427 520 1475 conversa
547 1413 632 1475 sunt.
676 1407 765 1474 velut
790 1406 824 1472 in
850 1407 1123 1491 anacephalaeosi
1148 1407 1199 1495 (Ι)
1226 1409 1450 1496 Pythagoreos
1476 1419 1509 1478 et

149 1509 386 1594 Peripateticos
414 1511 564 1578 concordi
594 1529 676 1595 pace
704 1509 832 1594 ligavit,
860 1509 977 1576 Stoicis
1008 1511 1303 1596 metempsychosin
1330 1513 1508 1599 Hippolyto

147 1613 165 1678 I
188 1612 267 1676 213
289 1611 495 1680 consentiens
521 1611 711 1697 adscripsit,
743 1631 824 1694 quos
851 1610 940 1678 haud
966 1611 1064 1678 dubie
1090 1613 1171 1678 illud
1193 1617 1280 1698 σῶμα
1302 1615 1350 1679 διὰ
1373 1618 1509 1698 σώματος

149 1719 260 1801 χωρεῖν
288 1714 329 1780 de
358 1713 469 1780 anima
495 1715 616 1781 dictum
639 1711 690 1800 [cf.
713 1713 810 1798 Hipp.
832 1712 876 1779 ib.
899 1711 965 1801 §hl
988 1715 1125 1800 decepit.
1170 1715 1327 1782 miracula
1348 1718 1447 1802 plane
1469 1717 1510 1782 si-

148 1815 240 1882 milia
262 1817 304 1883 de
326 1821 478 1900 quattuor
492 1817 589 1883 sectis
604 1821 758 1900 excerpta
772 1814 832 1902 (II)
854 1815 1050 1882 effutiuntnr.
1073 1817 1115 1884 de
1130 1817 1247 1884 Stoicis
1261 1818 1348 1902 prior
1362 1819 1508 1903 stribligo

148 1919 333 1986 accuratius
354 1919 499 1986 iteratur.
543 1926 610 1986 tum
636 1937 715 1985 vero
741 1918 783 1984 de
804 1917 935 1984 Zenone
962 1921 1061 2004 plane
1082 1921 1230 1986 inaudita
1251 1921 1348 1987 haec:
1372 1920 1509 1987 Clean-

147 2023 230 2089 this
257 2021 358 2088 filiurn
389 2041 462 2089 esse
488 2023 574 2108 Tyro
600 2018 795 2108 profectum,
827 2021 947 2089 deinde
972 2023 1115 2088 Romae
1146 2023 1346 2106 ahquamdin
1376 2022 1507 2090 vixisse.

151 2125 278 2192 subolet
298 2125 423 2209 aliquid
444 2124 486 2192 de
500 2124 632 2190 Zenone
646 2122 772 2210 Eleate,
794 2123 1002 2191 nihilominus
1023 2123 1119 2208 idem,
1141 2124 1254 2208 inquit,
1277 2125 1364 2209 quod
1380 2126 1508 2194 Stoicus

150 2227 249 2295 etiam
270 2227 327 2294 ille
350 2227 468 2294 docuit.
488 2228 495 2259 ¹
538 2225 659 2292 frustm
680 2231 713 2292 te
736 2225 874 2310 crucies,
903 2225 980 2309 quid
1002 2225 1133 2292 tandem
1155 2226 1287 2294 baronis
1307 2226 1401 2293 istius
1423 2247 1509 2294 cere

149 2330 237 2396 bello
267 2328 349 2395 talia
376 2325 638 2396 comminiscendi
667 2345 800 2394 causam
827 2326 961 2395 dederit
1005 2345 1066 2394 nec
1091 2324 1201 2394 hercle
1228 2329 1508 2413 operaepretium

150 2439 209 2499 est
254 2431 384 2498 Platoni
411 2429 532 2497 ibidem
557 2429 599 2494 de
626 2427 745 2512 prima,
768 2429 925 2513 secunda,
951 2428 1049 2496 tertia
1074 2446 1174 2494 causa
1199 2430 1360 2512 quaedam
1386 2431 1507 2516 tribuit,

150 2555 234 2618 quae
261 2555 280 2601 e
308 2532 455 2600 Platonis
482 2529 576 2616 epist.
603 2529 636 2594 H
663 2549 694 2612 p.
718 2531 818 2598 31211
850 2530 908 2614 [cl.
938 2530 1083 2596 Chalcid.
1110 2529 1144 2595 in
1171 2532 1255 2597 Plat.
1282 2533 1363 2598 lim.
1392 2555 1423 2617 p.
1443 2535 1505 2600 211

150 2633 281 2722 lisura]
309 2635 471 2701 translata
491 2632 572 2700 vidit
593 2632 630 2696 Α.
653 2629 789 2700 Iahnius
814 2634 870 2718 qui
895 2635 939 2701 ad
960 2632 1135 2718 Epiphanii
1157 2635 1298 2701 Panaria
1320 2634 1508 2701 utilissimas

149 2738 316 2825 symbolas
339 2735 471 2804 Oehlen'
493 2733 627 2802 editioni
648 2731 807 2802 adiunxit.
839 2735 925 2802 idem
948 2737 1018 2821 ὕλην
1040 2738 1198 2822 simeron
1219 2741 1262 2824 τῷ
1285 2738 1348 2823 θεῷ
1372 2757 1413 2804 ex
1430 2738 1508 2822 Hip·

149 2839 253 2926 polyti
287 2837 531 2924 Philosophum.
559 2856 586 2904 c.
615 2839 692 2904 194
725 2837 863 2924 repetiit.
909 2836 1119 2930 Beripatetici
1150 2838 1267 2904 iterum
1299 2839 1506 2924 Pythagorae

148 2941 311 3008 coniuncti
333 2940 367 3006 in
389 2938 709 3026 metempsychoseos
730 2938 918 3006 societatem
941 2945 974 3005 et
994 2937 1057 3022 ipsi
1079 2939 1259 3006 trahuntur.
1301 2941 1507 3026 Pythagoras

146 3063 226 3110 vero
249 3041 375 3127 ipsein
397 3041 528 3108 Media
550 3040 669 3108 obiisse
692 3040 817 3108 dicitur.
854 3039 900 3106 sic
922 3041 1011 3106 clare
1032 3041 1063 3104 to
1084 3047 1122 3126 τῇ
1146 3041 1248 3128 Μηδίᾳ
1270 3043 1423 3128 scriptum
1447 3052 1505 3112 est.

147 3145 344 3230 nequiquam
365 3143 535 3227 blenagius
563 3143 659 3228 ἐνδείᾳ
684 3141 923 3228 suppeditabat.
967 3133 1054 3208 certe
1080 3141 1285 3210 scribendam
1311 3151 1381 3210 erat
1406 3147 1437 3210 ἐν
1465 3147 1506 3212 ἐν-

147 3246 211 3332 tetq
234 3247 338 3316 ὕδατος
359 3247 408 3311 καὶ
430 3245 518 3331 ἄρτου
534 3245 700 3330 ntideml
722 3265 754 3328 p.
770 3245 843 3328 333,
860 3243 901 3310 22
923 3242 1021 3308 Dind.
1045 3241 1203 3312 Oehlerus
1224 3245 1327 3312 latina
1349 3247 1429 3312 talia
1450 3247 1507 3314 in·

146 3348 244 3414 edla
265 3348 387 3416 vitam
407 3348 567 3415 finiisse
589 3353 667 3413 ante
687 3346 797 3412 oculos
818 3343 919 3411 fuisse
941 3343 1088 3412 coniecit.
1125 3346 1253 3428 quodsi
1276 3368 1387 3414 verum
1409 3357 1505 3434 esset,

146 3449 287 3518 haberes
309 3457 342 3517 et
363 3449 491 3516 ridiculi
513 3449 631 3516 erroris
654 3448 810 3532 originem
836 3454 869 3514 et
891 3447 1047 3514 orationis
1074 3453 1199 3512 tantum
1227 3469 1292 3514 non
1319 3455 1424 3518 tetrae
1449 3451 1506 3516 ali-

145 3571 244 3634 quam
266 3551 517 3619 excusationem.
561 3571 636 3618 nam
665 3567 761 3634 quarn
789 3569 855 3615 non
884 3549 1079 3616 tralaticium
1101 3547 1365 3634 philosophorum
1388 3571 1506 3618 sermo-

144 3673 219 3721 nem
242 3653 375 3737 calleat,
397 3652 454 3718 nni
476 3653 591 3738 cuique
613 3653 723 3719 statim
744 3651 924 3736 apparebit.
962 3651 1048 3736 quod
1070 3671 1171 3735 genus
1193 3655 1379 3738 μεταηισμοὶ
1402 3659 1505 3742 ψυχῶν

144 3763 179 3822 et
200 3759 314 3838 πνεῦμα
336 3755 549 3840 δρακοντοειδές
571 3761 604 3822 et
619 3757 810 3842 σκυβαλώδης
833 3754 975 3838 sordent,
998 3753 1215 3836 elegantiores
1237 3754 1388 3822 dicebant
1410 3780 1506 3840 μετεν-

144 3859 345 3942 superducet,
367 3863 481 3940 πνεῦμα
494 3859 735 3942 περιδινούμενον,
758 3857 892 3940 ἰλυώδης.
921 3876 1033 3922 verum
1055 3856 1099 3921 ad
1113 3855 1216 3922 laena
1237 3864 1410 3940 propterea
1432 3878 1505 3924 con·

143 3958 250 4042 fugias
278 3979 344 4024 non
374 3967 424 4026 est
453 3979 601 4044 necesse,
636 3959 788 4042 quoniam
820 3964 975 4041 quantum
1006 3957 1208 4044 Epiphanius
1240 3957 1283 4023 ab
1315 3959 1507 4042 aequalibus

144 4059 269 4146 cyrillo
297 4067 331 4126 et
357 4061 563 4128 Theodoreto
590 4060 689 4127 distet
715 4060 795 4126 satis
820 4065 932 4126 notum
957 4066 1017 4126 est.
1062 4065 1204 4126 ceterum
1232 4059 1318 4124 unde
1344 4059 1507 4126 Mediam

143 4163 206 4228 iste
229 4163 418 4248 arripuerit,
441 4163 586 4232 curiosus
608 4183 673 4229 non
695 4183 776 4228 sum.
809 4161 910 4228 verbo
931 4161 1163 4246 Epicureorum
1185 4160 1227 4226 de
1249 4159 1360 4224 mundi
1383 4159 1507 4244 origine

145 4266 331 4350 opinionem
354 4263 533 4350 absolvam,
556 4284 640 4348 quae
654 4265 811 4332 nonnulla
825 4263 895 4330 veri
910 4264 1035 4330 semina
1050 4261 1202 4346 continet,
1225 4263 1381 4346 pleraque
1396 4269 1506 4330 amen

145 4364 289 4452 Orphica
311 4365 374 4434 nisi
395 4366 492 4434 fallor
513 4367 676 4450 sapientia
698 4367 835 4434 ridicule
856 4371 932 4430 sunt
952 4363 1159 4448 interpolata

228 4467 364 4535 Meliore
386 4467 469 4534 libro
484 4488 562 4533 usus
577 4468 684 4534 estad
701 4468 940 4534 successionum
955 4465 1147 4550 ampliorem
1161 4463 1300 4530 indicem
1316 4463 1402 4551 (111).
1426 4465 1504 4530 ordo

141 4569 411 4656 philosophorum
433 4567 521 4636 docti
543 4569 710 4636 cuiusdam
734 4577 766 4637 et
789 4569 929 4637 sollertis
950 4567 1071 4652 ingenii
1098 4573 1148 4634 est
1169 4567 1396 4633 testimonium.
1433 4566 1504 4649 quis

138 4673 197 4740 ille
218 4671 329 4756 fucrit,
359 4671 447 4737 haud
473 4690 604 4756 quaero.
642 4672 701 4738 sed
723 4671 814 4740 iurat
835 4669 1075 4738 successionum
1094 4667 1285 4735 divisionem
1307 4667 1370 4734 hac
1392 4667 1504 4734 tabula

139 4773 328 4842 discribere.

214 4966 221 4996 ¹
242 4981 357 5018 emeram
375 4965 508 5030 explicant
525 4965 594 5024 talis,
614 4964 702 5025 qualis
719 4965 852 5028 Diogenes
865 4965 905 5014 lx
919 4962 952 5015 29
972 4965 1079 5016 Eleatae
1098 4961 1224 5026 placuisse
1243 4962 1320 5010 refert
1337 4961 1368 5010 ci.
1387 4977 1411 5023 p.
1428 4957 1496 5012 167¹.
