3708 5738
366 347 430 411 522
748 349 1005 402 nnsoennhsnn
1022 349 1162 401 Pnusw.
1181 350 1341 402 0P1N10N.

418 515 451 600 ᾖ.
495 518 531 582 τὰ
554 519 587 582 δὲ
609 519 684 583 ἄλλα
706 520 780 584 κατὰ
801 521 854 604 τὴν
876 519 985 584 τούτων
1009 519 1096 602 μῖξιν·
1119 519 1179 584 οἷον
1202 519 1235 581 τδ
1259 519 1311 600 μὲν
1332 519 1500 603 χρυσοειδές
1514 519 1563 583 καὶ
1578 520 1612 583 τδ
1627 525 1681 584 τοῦ

419 623 533 705 χαλκοῦ
560 623 607 686 καὶ
635 626 692 686 πᾶν
718 623 751 686 τδ
773 627 902 686 τοιοῦτον
930 623 964 686 ἐκ
985 627 1036 686 τοῦ
1058 625 1163 686 λευκοῦ
1185 621 1234 686 καὶ
1256 625 1308 684 τοῦ
1330 621 1469 706 ἐρυθροῦ·
1498 622 1532 684 τδ
1555 623 1685 707 μὲνγὰρ

417 725 549 808 λαμπρὸν
572 723 650 811 ἔχειν
673 727 707 789 ἐκ
729 732 780 790 τοῦ
803 731 922 804 λευκοῦ,
945 727 978 789 τδ
1002 726 1035 788 δέ
1056 725 1219 810 ὑπέρυθρον
1246 723 1378 788 ἀπὸτοῦ
1401 724 1542 809 ἐρυθροῦ·
1569 726 1684 790 πίπτειν

416 825 470 909 γὰρ
492 827 532 895 είς
554 829 590 892 τὰ
612 830 681 893 κενὰ
703 835 754 893 τοῦ
776 834 881 895 λευκοῦ
903 853 940 912 ιη
965 828 1037 910 μίξει
1059 831 1093 892 τδ
1116 828 1248 912 ἐρυθρόν.
1286 827 1336 891 ἐὰν
1358 828 1391 890 δὲ
1406 826 1558 911 προστεθῇ
1570 829 1685 899 τούτοις

416 927 449 989 τδ
472 930 603 1013 χλωρόν,
625 933 754 1014 γίνεσθαι
776 934 809 996 τδ
831 933 982 997 καλλιστον
1004 935 1127 1017 χριῦμα,
1153 933 1212 996 δεῖν
1234 932 1267 995 δὲ
1289 931 1393 1016 μικρὰς
1414 934 1465 994 τοῦ
1487 933 1606 1014 χλωροῦ
1629 932 1682 1001 τὰς
1711 960 1723 996 ι

416 1031 575 1114 συγκρίσεις
601 1033 688 1098 εἶναι·
718 1037 843 1119 μεγάλας
870 1035 923 1118 γὰρ
953 1034 1010 1120 οὐχ
1038 1034 1099 1098 οἷόν
1127 1057 1159 1098 τε
1185 1033 1378 1116 συγκειμένων
1402 1033 1478 1098 οῦτιυ
1500 1037 1552 1096 τοῦ
1573 1035 1681 1096 λευκοῦ

415 1133 463 1196 καὶ
485 1138 537 1198 τοῦ
559 1135 694 1221 ἐρυθροῦ.
738 1137 893 1222 διαφόρους
915 1137 948 1200 δὲ
970 1135 1091 1200 ἔσεσθαι
1113 1137 1164 1206 τὰς
1186 1137 1277 1222 χρόας
1299 1141 1342 1221 τῷ
1369 1136 1457 1198 πλέον
1486 1137 1534 1199 καί
1560 1135 1682 1200 ἔλαττον

366 1243 400 1295 77
418 1237 583 1328 λαμβάνειν.
737 1241 772 1302 τδ
798 1239 831 1302 δέ
857 1243 1021 1324 πορφυροῦν
1049 1239 1083 1303 ἐκ
1108 1241 1213 1302 λευκοῦ
1239 1239 1288 1302 καὶ
1316 1239 1439 1321 μέλανος
1465 1239 1513 1302 καί
1542 1238 1682 1322 ἐρυθροῦ,

417 1338 554 1423 πλείστην
576 1341 628 1422 μὲν
652 1345 754 1426 μοῖραν
777 1340 896 1428 ἔχοντος
918 1345 969 1404 τοῦ
991 1341 1133 1426 ἐρυθροῦ,
1157 1341 1269 1426 μακρὰν
1295 1342 1328 1405 δὲ
1349 1345 1401 1405 τοῦ
1427 1341 1564 1424 μέλανος,
1587 1341 1681 1424 μέσην

416 1439 449 1502 δὲ
471 1446 522 1504 τοῦ
544 1445 664 1506 λευκοῦ·
687 1445 732 1508 διδ
754 1445 802 1507 καὶ
824 1445 880 1528 ἡδὺ
903 1443 1057 1529 φαίνεσθαι
1079 1444 1150 1528 πρὸς
1172 1445 1224 1529 τὴν
1246 1443 1392 1527 αἴσθησιν.
1438 1445 1482 1508 ότι
1505 1444 1558 1526 μὲν
1580 1441 1632 1506 οῦν
1647 1445 1681 1508 τδ
1700 1471 1721 1510 ιο

419 1544 508 1626 μέλαν
530 1546 579 1608 καὶ
601 1547 634 1608 τδ
658 1547 781 1632 ἐρυθρὸν
803 1547 884 1632 αὐτῷ
906 1547 1073 1632 ἐνυπάρχει,
1095 1547 1218 1632 φανερὸν
1240 1545 1313 1610 εἶναι
1334 1547 1373 1628 τῇ
1396 1543 1475 1631 ὄψει,
1496 1547 1570 1610 διότι
1591 1546 1626 1609 δὲ
1648 1547 1681 1609 τδ

417 1646 535 1726 λευκόν,
563 1648 596 1711 τὸ
623 1651 755 1734 λαμπρὸν
783 1651 831 1713 καὶ
858 1651 972 1733 διαυγὲς
999 1651 1161 1733 σημαίνειν·
1191 1654 1282 1714 ταῦτα
1307 1650 1362 1734 γὰρ
1389 1655 1480 1713 ποιεῖν
1506 1649 1540 1712 τδ
1566 1649 1680 1714 λευκόν.

415 1749 467 1832 τὴν
490 1749 516 1812 δ’
538 1749 629 1814 ἴσατιν
651 1753 685 1815 ἐκ
707 1754 829 1835 μέλανος
851 1753 964 1838 σφόδρα
986 1753 1034 1816 καὶ
1056 1755 1186 1837 χλωροῦ,
1208 1752 1326 1816 πλείονα
1348 1751 1382 1815 δὲ
1404 1755 1506 1836 μοῖραν
1529 1749 1610 1838 ἔχειν
1629 1756 1682 1815 τοῦ

416 1851 551 1932 μέλανος·
575 1854 608 1916 τδ
631 1855 664 1917 δὲ
685 1857 821 1938 πράσινον
843 1857 877 1920 ἐκ
901 1859 1050 1940 πορφυροῦ
1073 1855 1121 1918 καὶ
1144 1859 1196 1939 τῆς
1219 1855 1358 1932 ίσάτιδος,
1387 1855 1407 1939 ἢ
1431 1855 1466 1918 ἐκ
1487 1857 1607 1941 χλωροῦ
1630 1855 1679 1918 καί

415 1956 649 2039 πορφυροειδοῦς.
687 1958 796 2043 τὸγὰρ
819 1959 899 2022 θεῖον
921 1958 994 2022 εἶναι
1016 1961 1143 2021 τοιοῦτον
1166 1959 1214 2022 καὶ
1238 1957 1370 2043 μετέχειν
1392 1961 1444 2020 τοῦ
1466 1960 1612 2044 λαμπροῦ.
1646 1959 1720 2024 τὸυ

417 2057 450 2119 δὲ
471 2061 594 2152 κυανοῦν
617 2057 646 2126 ἐξ
670 2058 795 2130 ἰσάτιδος
817 2062 864 2124 καὶ
888 2063 1049 2146 πυρώδους,
1072 2062 1233 2146 σχημάτων
1257 2061 1290 2123 δὲ
1311 2064 1474 2146 περιφερῶν
1495 2061 1543 2125 καί
1566 2062 1679 2146 βελονο·

365 2167 399 2220 78
415 2161 512 2237 ειδῦνν,
535 2161 615 2230 ὅπως
636 2163 670 2224 τδ
693 2163 806 2248 στιλβον
828 2165 872 2250 τῷ
896 2165 996 2246 μέλανι
1017 2163 1082 2247 ἐνῇ.
1233 2163 1267 2225 τδ
1290 2163 1323 2226 δὲ
1344 2163 1477 2246 καρόινον
1498 2163 1533 2228 ἐκ
1558 2166 1679 2249 χλωροῦ

414 2261 462 2324 καὶ
478 2266 671 2334 κυανοειδοῦς.
705 2265 755 2330 ἐὰν
779 2266 811 2329 δὲ
822 2266 845 2348 †
856 2268 972 2352 χλωρδν
989 2267 1097 2352 μιχθῇ,
1116 2265 1284 2352 ,φλογοειδὲς
1298 2265 1438 2346 γίνεσθαι,
1460 2265 1493 2328 τδ
1508 2265 1563 2350 γὰρ
1577 2265 1678 2332 ἄσκιον

415 2363 463 2426 καὶ
486 2365 674 2451 μελανόχρων
697 2365 884 2452 ἐξείργεσθαι.
930 2370 1035 2454 σχεδὸν
1058 2369 1091 2432 δὲ
1113 2367 1161 2431 καὶ
1183 2367 1216 2430 τδ
1239 2365 1361 2451 ἐρυθρόν
1388 2372 1430 2452 τῷ
1454 2370 1549 2453 λευκῷ
1573 2370 1680 2455 μιχθὲν

417 2465 477 2550 (τὸ)
498 2469 615 2553 χλωρδν
637 2475 729 2533 ποιεῖν
751 2470 853 2554 εὐαγὲς
880 2472 928 2535 καὶ
956 2470 990 2534 οῦ
1019 2470 1123 2554 μέλαν·
1151 2470 1197 2534 διδ
1223 2469 1271 2532 καί
1298 2469 1335 2533 τὰ
1361 2469 1492 2555 φυόμενα
1521 2471 1627 2556 χλωρὰ
1648 2473 1679 2535 ιδ
1696 2499 1717 2536 ee

414 2573 528 2652 πρῶτον
562 2569 634 2634 εἶναι
667 2573 724 2656 πρδ
758 2578 809 2635 τοῦ
845 2573 1045 2658 θερμανθῆναι
1076 2573 1124 2638 καὶ
1142 2571 1165 2654 †
1184 2571 1361 2656 διαχεῖσθαι.
1405 2573 1452 2636 καὶ
1485 2573 1594 2658 πλήθει
1629 2575 1680 2657 μέν

413 2673 558 2736 τοσοῦτων
581 2673 772 2760 ἐπιμέμνηται
796 2677 972 2762 χρωμάτων,
994 2675 1100 2758 ἄπειρα
1123 2675 1156 2738 δὲ
1176 2672 1248 2737 εἶναι
1269 2675 1318 2738 καλ
1333 2675 1370 2739 τὰ
1384 2678 1529 2760 χρώματα
1549 2677 1598 2740 καὶ
1614 2678 1679 2747 τοὺς

413 2776 521 2858 χυλοδς
543 2775 618 2840 κατὰ
638 2777 690 2846 τὰς
714 2777 812 2860 μίξεις,
835 2779 885 2842 ἐάν
908 2803 949 2850 τις
970 2779 1007 2843 τὰ
1030 2779 1081 2860 μέν
1105 2777 1236 2862 ἀφαιρῇ,
1258 2777 1295 2842 τὰ
1317 2779 1350 2842 δὲ
1371 2778 1527 2862 προστιθῇ,
1548 2780 1599 2842 καὶ
1621 2784 1677 2843 τῶν

414 2877 465 2957 μὲν
495 2876 613 2943 ἔλαττον
638 2881 745 2963 μίσγη,
771 2885 830 2945 τῶν
861 2883 893 2946 δέ
919 2885 1027 2948 πλεῖον.
1071 2880 1160 2946 οὐθὲν
1188 2881 1243 2965 γὰρ
1273 2880 1373 2963 ὅμοιον
1404 2880 1523 2946 ἔσεσθαι
1553 2881 1675 2968 θάτερον

410 2979 536 3066 θατέρῳ.
1691 3013 1712 3050 π

360 3095 394 3148 79
519 3084 639 3168 Πρῶτον
655 3087 708 3168 μὲν
730 3085 781 3150 οῦν
803 3089 836 3151 τὸ
859 3087 974 3158 πλείους
997 3087 1156 3150 ἀποδοῦναι
1178 3086 1230 3155 τὰς
1252 3086 1347 3171 ἀρχὰς
1369 3083 1432 3172 ἔχει
1455 3087 1517 3151 τινὰ
1539 3088 1675 3172 ἀπορίαν·

414 3190 440 3252 οἱ
468 3187 523 3271 γὰρ
552 3187 634 3250 ἄλλοι
662 3189 695 3251 τδ
725 3189 828 3252 λευκδν
857 3190 905 3252 καλ
931 3192 964 3254 τδ
990 3189 1080 3272 μέλαν
1111 3191 1152 3258 ὡς
1179 3187 1288 3252 τούτων
1317 3189 1418 3252 ἁπλῶν
1450 3187 1540 3254 ὄντων
1570 3193 1675 3272 μόνων.

411 3289 511 3355 ἔπειτα
532 3291 565 3354 τὸ
595 3291 635 3375 μὴ
668 3295 738 3355 πᾶσι
767 3297 826 3362 τοῖς
855 3295 967 3362 λευκοῖς
994 3293 1060 3376 μίαν
1090 3296 1210 3374 ποιῆσαι
1237 3291 1290 3375 τὴν
1319 3295 1450 3376 μορφήν,
1483 3291 1546 3356 ἀλλ’
1575 3295 1674 3379 ἑτέραν

375 3467 559 3477 -,,,--..-
1150 3467 1269 3474 -.----

358 3559 374 3613 3
389 3558 441 3630 ἔχει
458 3562 515 3614 PP:
539 3576 604 3610 corr.
624 3559 756 3611 Gemellus
773 3555 785 3626 Η
800 3557 848 3610 ἀπὸ
866 3557 1017 3629 redicendis
1066 3557 1121 3627 pah.
1131 3555 1320 3629 ίξείργεσθαιοί.
1331 3557 1454 3625 ρ.523,9.
1470 3555 1546 3612 πλέον
1556 3555 1715 3630 ροειχλωρδν
1796 3599 1797 3625 ,

359 3651 417 3700 PF:
446 3665 510 3698 corr.
544 3647 677 3698 Burcherd
708 3644 711 3713 λ
752 3647 768 3700 5
796 3645 832 3698 δεῖ
861 3649 917 3700 PF:
950 3665 1017 3699 corr.
1067 3649 1181 3700 additum
1205 3648 1310 3698 volebat
1333 3647 1486 3711 Schneider;
1513 3645 1542 3698 τὸ
1570 3650 1618 3718 γὰρ
1646 3644 1714 3698 κατά-

361 3736 502 3788 Schneider
531 3731 543 3800 Η
573 3735 589 3786 7
622 3731 749 3803 διαφοραῖς
776 3735 833 3786 PF:
863 3751 929 3784 corr.
957 3735 1014 3787 Ste-
1066 3749 1135 3787 σκιον
1144 3736 1259 3788 Πυθικοῦ
1274 3731 1326 3802 ΙΙτδ
1336 3731 1566 3804 γδρ-ίξιίργεσθαι
1579 3753 1630 3788 om.
1643 3737 1714 3802 prino

359 3823 459 3888 phanes
485 3819 498 3888 λλ
524 3823 539 3875 9
564 3821 663 3890 μακρὰν
686 3839 724 3887 pr.
744 3823 799 3874 PF:
824 3819 914 3888 μικρὰν
938 3823 957 3884 (ι
974 3839 1016 3874 sn·
1068 3825 1105 3885 P,
1136 3831 1189 3874 tum
1221 3839 1308 3876 errore
1336 3824 1516 3876 animadverso
1547 3825 1661 3890 syllabae
1688 3816 1714 3884 τί,

361 3911 467 3975 persor.)
477 3926 527 3960 sec.
538 3912 569 3961 P.
582 3919 609 3960 at
618 3913 667 3960 atri
677 3910 831 3976 permultum
841 3911 924 3960 inesse
934 3911 1017 3960 elucet
1068 3926 1133 3974 quae
1157 3918 1195 3962 est
1213 3913 1239 3962 ln
1256 3911 1309 3962 fine
1326 3927 1422 3974 venus,
1440 3907 1566 3964 vuedranni
1578 3910 1626 3980 γὰρ
1637 3907 1712 3960 ἄσκιον

357 4015 391 4048 ex
421 4015 447 4048 κ.
473 3998 501 4048 ll
536 3994 548 4064 Η
582 3997 660 4065 μέσην
691 3999 712 4048 P
743 3999 761 4048 i.
792 4013 814 4048 e.
848 3995 1015 4048 mediocrem:
1067 3997 1110 4048 καὶ
1128 3995 1290 4067 μελανόχρων
1312 4002 1339 4050 in
1362 4015 1426 4064 meg.
1449 4001 1624 4060 continuavit,
1646 3993 1712 4060 ἐξείργ

357 4085 433 4153 μέσον
456 4087 478 4137 Ρ
508 4082 520 4152 λλ
552 4087 582 4136 11
613 4083 683 4136 αῦτῶ
705 4087 726 4138 F
753 4101 835 4152 paene
863 4087 1014 4138 evanidnmr
1066 4093 1152 4136 autern
1175 4101 1249 4137 erese
1270 4087 1356 4138 littera
1378 4103 1391 4136 ν
1415 4087 1458 4148 (ex
1483 4081 1592 4154 γίνεσθαι
1610 4081 1710 4139 residua)

357 4175 448 4224 em.P
479 4168 491 4238 ίΙ
519 4171 551 4224 13
570 4170 670 4224 πλείονα
691 4175 726 4226 P:
748 4170 829 4224 πλοίω
851 4175 927 4225 sich*
948 4171 960 4240 λλ
982 4173 1015 4227 15
1065 4174 1179 4239 syllabae
1198 4167 1268 4224 εσθαι
1285 4175 1405 4239 praefixit
1425 4171 1436 4240 λλ
1458 4172 1492 4226 20
1509 4171 1538 4226 τδ
1556 4185 1615 4240 post
1632 4163 1710 4240 μιχθὲν

356 4262 485 4326 sulphuris
521 4263 666 4326 exemplum
702 4264 748 4313 vix
787 4263 914 4326 quadrare
950 4263 1016 4312 vidit
1066 4262 1125 4312 edd.
1142 4261 1276 4312 Buecherd
1293 4255 1306 4329 Η
1321 4257 1352 4312 21
1371 4257 1509 4330 διαχεῖσθαι
1526 4263 1621 4312 frustra
1637 4265 1710 4309 meter

354 4349 488 4400 Burchard
522 4357 581 4399 ente
612 4347 640 4400 τὸ
667 4349 713 4418 γὰρ
737 4351 861 4401 excidisse
885 4349 1012 4414 quaedem
1066 4349 1183 4400 Mullach
1202 4365 1227 4414 p.
1240 4345 1300 4401 355.
1319 4363 1354 4400 sn
1372 4345 1544 4401 διακαίεσθαιΐ
1560 4345 1572 4414 Η
1588 4346 1621 4400 22
1633 4343 1708 4396 τοσοῦ-

355 4440 507 4502 suspicatus.
546 4455 603 4487 cum
627 4441 664 4489 eis
684 4453 749 4502 quae
768 4438 840 4488 addit
863 4435 892 4487 ἐκ
911 4433 1013 4505 χλωροῦ
1064 4451 1107 4486 τον
1120 4433 1350 4502 ἐπιμέμικταιΡΕι
1371 4451 1436 4488 cerr.
1448 4437 1591 4488 Schneider
1604 4431 1618 4502 Η
1633 4424 1708 4483 καὶτὰ

357 4525 401 4576 καὶ
420 4522 612 4594 πορφυροειδοῦς
625 4527 908 4576 subviridemeolorem
921 4525 1012 4576 distin·
1064 4520 1190 4592 χρώματα
1213 4526 1248 4576 P:
1276 4523 1309 4574 τὰ
1331 4521 1457 4593 χρώματα
1480 4525 1500 4575 F
1521 4519 1534 4590 Η
1555 4521 1589 4576 23
1612 4521 1652 4573 καὶ
1671 4513 1707 4568 τὰς

356 4621 429 4678 gual,
458 4611 559 4664 conicio
587 4611 630 4664 τὸν
657 4612 703 4682 γάρ
734 4611 769 4664 lev
793 4610 957 4678 aeruginem,
985 4614 1013 4663 in
1065 4612 1143 4676 pr.F
1165 4607 1178 4678 λλ
1199 4607 1233 4664 24
1252 4609 1345 4680 μίσγειν
1367 4614 1425 4664 Plia
1449 4628 1515 4663 corr.
1538 4609 1674 4663 Schneider
1694 4595 1704 4664 ,ί

355 4717 431 4764 quam
450 4703 573 4766 splendor
591 4709 659 4752 certe
685 4703 754 4752 eadit
768 4697 780 4766 λλ
798 4699 830 4752 16
844 4696 1012 4766 βελωνοειδῶν
1064 4697 1098 4751 25
1116 4695 1224 4767 θατέρου
1237 4701 1296 4750 PF:
1316 4715 1367 4750 om.
1382 4701 1518 4751 Vossiana
1530 4715 1596 4750 cerr.
1608 4693 1702 4750 Schnei-

354 4791 375 4840 P
399 4784 411 4854 Η
433 4788 466 4842 18
484 4793 600 4855 suspicor
623 4787 665 4840 ἐὰν
683 4786 709 4838 δέ
728 4786 772 4837 καὶ
790 4783 903 4854 λαμπρόν
922 4782 1011 4855 μιχθῇ,
1064 4787 1109 4836 der
1124 4783 1136 4853 Η
1152 4784 1186 4839 26
1204 4785 1249 4844 τὰς
1267 4785 1345 4855 ἀρχὰς
1364 4789 1395 4838 cf.
1415 4787 1475 4851 §59
1494 4785 1550 4838 τότε
1568 4781 1651 4838 λευκὸν
1667 4774 1702 4828 καὶ

355 4872 494 4943 φλογοειδὲς
513 4872 622 4944 γίνεσθαι
640 4877 724 4938 (τοῦτο
741 4872 787 4942 γὰρ
805 4871 901 4936 ἄσκιον)
921 4873 964 4924 καὶ
981 4872 1010 4926 τὸ
1062 4871 1091 4924 τδ
1104 4871 1182 4939 μίλαν
1195 4872 1271 4942 ἀρχαί
1288 4876 1319 4925 ci.
1332 4876 1404 4926 Prol.
1417 4891 1442 4939 p.
1455 4871 1521 4926 222¹
1545 4871 1556 4940 Η
1578 4871 1610 4926 27
1627 4865 1701 4921 ἁντλιῦν

356 4959 518 5032 μελανόχρων
536 4959 684 5032 ἐξείγρεσθαι
703 4964 744 5014 vel
763 4965 799 5030 τῷ
818 4959 864 5030 γὰρ
883 4959 962 5028 ἀσκίῳ
981 4960 1010 5013 τὸ
1062 4964 1099 5014 sie
1111 4963 1155 5014 PF
1169 4957 1180 5028 λλ
1196 4959 1230 5014 28
1241 4959 1270 5012 τὸ
1283 4960 1328 5028 μέν
1341 4978 1377 5027 pr.
1391 4963 1448 5013 PF:
1468 4979 1532 5012 corr.
1546 4963 1633 5014 eedem
1643 4950 1700 5023 pel*
