3708 5732
683 423 958 474 rnonaeonrsss
1462 419 1503 486 93

852 589 1502 671 cipemhadaematllmpedoclemrlprr'-

850 697 1004 774 ρυιιέῖιιιιιιι
1026 696 1079 776 φατ’
1101 694 1139 755 de
1160 693 1209 754 his
1230 694 1277 753 ita
1298 693 1420 754 scribit:

181 797 310 882 τέσσαρα
332 798 387 882 γὰρ
409 798 523 859 πάντων
547 795 698 880 ῥιζώματα
720 799 797 878 πρῶ·
893 795 1019 879 τέσσαρα
1041 796 1077 878 δὴ
1094 795 1208 858 πάντων
1225 796 1374 878 ῥιζώματα
1389 798 1503 878 πρῶτον

637 919 685 959 τυν
708 896 797 959 ἄκουε
1424 893 1503 958 ἔασιν

182 1001 258 1072 Ζεὺς
288 1001 378 1086 dipsis
405 995 483 1083 Ἥρη
505 1021 537 1062 τε
567 998 717 1084 φερέσβιος
748 997 790 1083 ἠδ’
891 999 965 1070 Ζεὺς
997 1001 1088 1085 ἀργὴς
1116 995 1195 1083 Ἥρη
1216 1021 1248 1061 τε
1274 998 1426 1083 φερέσβιος
1455 997 1497 1080 ἧδ’

635 1098 797 1170 Ἀιδωνεύς
1342 1098 1504 1171 Ἀιδωνεύς

184 1205 295 1290 Νῆστίς
319 1205 343 1268 θ’
365 1207 384 1290 ἣ
406 1204 540 1289 δακρύοις
561 1203 653 1286 τέγγει
673 1203 797 1288 κραὺνω·
893 1203 1043 1288 Νῆστίςθ
1064 1203 1233 1288 ἢδακρὺυις
1247 1226 1280 1286 γε
1294 1208 1406 1286 πικροῖς
1419 1209 1503 1287 νωμᾶ

578 1331 619 1390 μα
639 1305 797 1392 βρότειον.’
1229 1307 1356 1391 βρότειον
1378 1303 1500 1392 [γένος]1

141 1429 206 1492 quo
227 1409 298 1474 inre
321 1408 422 1474 artius
443 1408 528 1474 inter
549 1413 718 1491 utrumque
740 1409 878 1477 indicem
906 1409 1069 1474 vinculum
1090 1407 1291 1474 intercedere
1313 1409 1503 1494 existimem,

141 1517 243 1595 patet
265 1531 340 1576 nam
368 1510 529 1577 consentit
554 1531 619 1575 non
646 1513 750 1577 solum
777 1512 908 1578 Homeri
937 1512 1051 1578 crebra
1078 1510 1291 1594 comparatio,
1319 1511 1376 1576 sed
1406 1512 1503 1576 etiarn

139 1613 222 1679 mira
237 1612 504 1697 philosophorum
520 1619 632 1679 contra
646 1621 794 1698 tempora
810 1613 971 1681 successio
987 1613 1125 1698 Hippasi
1143 1633 1214 1678 oum
1229 1612 1404 1698 Heraclito,
1420 1614 1504 1680 Ana·

138 1716 287 1800 ximonis,
303 1716 459 1800 Thaletis,
475 1735 559 1798 quae
575 1716 807 1782 elementorum
823 1717 936 1782 ordine
950 1715 1009 1780 niti
1024 1715 1155 1781 videtur
1172 1715 1225 1798 [cf.
1245 1737 1276 1799 p.
1291 1717 1344 1799 94,
1358 1716 1403 1796 4].
1427 1737 1503 1799 ergo

140 1817 166 1881 si
179 1817 391 1884 Heracleonis
405 1817 538 1884 arbitrio
551 1817 579 1883 is
595 1819 674 1884 ordo
685 1820 816 1904 placuit,
832 1840 873 1886 ne
885 1819 938 1884 hio
953 1817 1082 1900 quidem
1098 1818 1273 1901 allegorias
1288 1819 1409 1902 primus
1421 1839 1504 1883 com·

139 1920 258 2004 posuit.
295 1920 329 1984 id
353 1920 439 2002 quod
461 1921 516 1986 vix
539 1920 707 2003 quisquam
731 1941 752 1986 a
773 1921 983 2005 grammatico
1009 1921 1196 2004 postulabit.
1241 1920 1299 1985 sed
1323 1923 1407 1987 ultra
1430 1923 1504 1988 lieet

140 2021 309 2106 progredi,
332 2023 363 2087 si‘
385 2022 513 2105 quidem
537 2023 570 2087 in
593 2023 708 2089 eodem
730 2023 940 2090 fundamento
964 2029 1147 2106 creverunt,
1177 2041 1260 2106 quae
1281 2022 1346 2088 iam
1367 2044 1409 2089 ex
1432 2025 1504 2088 Plu·

138 2124 242 2189 tarchi
257 2124 333 2189 Vita
358 2123 522 2190 conferam
545 2125 665 2190 additis
681 2125 814 2193 Stobaei
836 2125 992 2210 frustulis,
1012 2131 1047 2190 ut
1066 2145 1162 2208 quam
1176 2125 1371 2192 instituimus
1386 2128 1504 2210 allego·

140 2227 263 2291 riarum
288 2227 562 2310 comparationem
585 2228 679 2292 simul
701 2229 929 2312 provehamus.

327 2327 448 2394 steht
470 2331 508 2393 10
526 2337 551 2396 2.
569 2343 594 2394 6.
821 2345 824 2391 ι
980 2330 1065 2394 Plut.
1081 2328 1144 2394 Vit.
1161 2329 1254 2393 Hom.
1271 2349 1298 2394 c.
1315 2331 1365 2395 93.

848 2431 1006 2516 ἀρξώμεθα
1035 2431 1128 2494 τοίνυν
1156 2432 1214 2493 άπὸ
1237 2436 1289 2514 τῆς
1318 2438 1369 2495 τοῦ
1396 2435 1502 2502 παντὸς

821 2560 823 2599 ι
848 2537 944 2621 ἀρχῆς
965 2535 1013 2598 καλ
1036 2533 1175 2617 γενέσεως
1202 2535 1237 2616 ἣν
1266 2533 1386 2618 Θαλῆς
1409 2538 1425 2599 θ
1449 2534 1502 2598 Μι·

821 2632 823 2659 ¹
847 2641 947 2722 λήσιυς
968 2639 1009 2708 είς
1031 2638 1083 2720 τὴν
1105 2641 1157 2698 τοῦ
1185 2637 1287 2705 ὕδατος
1313 2637 1413 2700 οὐσίαν
1436 2639 1502 2702 ἀνα-

847 2741 938 2824 φέρει.
974 2741 1021 2804 καλ
1046 2739 1227 2819 θεασώμεθα
1249 2739 1275 2801 εί
1291 2746 1405 2823 πρῶτος
1414 2737 1502 2824 Ὅμη-

224 2833 379 2918 έθμήρυυ)
848 2865 896 2925 ρος
917 2839 995 2905 τοῦθ’
1024 2841 1166 2926 ὑπέλαβεν
1189 2841 1295 2904 εἰπών·

179 2935 313 3004 Ὠκεανός
345 2935 370 2998 θ’
405 2937 494 3019 decep
523 2935 631 3018 γένεσις
659 2939 795 3002 πάντεσσι
887 2941 1020 3012 Ὠκεανός
1050 2942 1075 3006 θ’
1111 2945 1200 3027 ὅσπερ
1229 2943 1336 3025 γένεσις
1366 2946 1501 3009 πάντεσσι

652 3039 795 3102 τέτυκται.
1360 3047 1500 3111 τέτυκται.
1615 3085 1621 3104 ·

848 3147 911 3230 μετ’
939 3149 1047 3212 ἐκεῖνον
1076 3149 1108 3210 δὲ
1135 3147 1337 3232 Ξενοφάνης
1366 3150 1381 3212 ὑ
1411 3147 1502 3212 Κολο-

219 3249 348 3336 Ὁμήρου
847 3253 954 3336 φώνιος
977 3253 1167 3336 ὑφιστάμενος
1193 3249 1244 3319 τὰς
1269 3253 1386 3334 πρώτας
1408 3252 1502 3335 ἀρχάς

174 3352 305 3440 ’Όμηρος
327 3353 360 3416 δὲ
382 3351 514 3434 σημαίνει
535 3353 588 3436 τὴν
604 3354 739 3416 ἀνάλυσιν
754 3353 796 3423 εἰς
847 3352 918 3416 εἶναι
941 3355 975 3416 τὸ
998 3354 1076 3435 ὕδωρ
1098 3353 1145 3414 καλ
1164 3353 1216 3435 τὴν
1231 3355 1285 3434 γῆν
1301 3349 1378 3414 ἔοικε
1393 3353 1501 3415 σπάσαι

132 3459 174 3520 τὰ
202 3456 354 3539 γεννητικὰ
380 3459 511 3538 στοιχεῖα
537 3460 589 3518 τοὺ
619 3457 724 3526 παντὸς
752 3455 795 3518 λέ·
847 3457 900 3539 τὴν
923 3455 1058 3540 ἀφορμὴν
1079 3455 1186 3535 ταύτην
1209 3454 1242 3515 έκ
1264 3458 1322 3516 τῶν
1336 3451 1501 3537 Ὁμηρικῶν

461 3579 468 3588 ·
720 3577 794 3642 γιον·
846 3558 974 3621 τυὺτιυν·

181 3659 245 3722 ἀλλ’
269 3660 350 3742 ὑμεῖς
373 3660 425 3742 μὲν
447 3659 551 3726 πάντες
571 3658 649 3744 ὕδωρ
664 3661 711 3724 καί
726 3665 794 3743 γαῖα
890 3659 950 3724 ἀλλ’
979 3660 1061 3742 ὑμεῖς
1084 3659 1135 3740 μὲν
1158 3659 1262 3726 πάντες
1278 3657 1356 3741 ὑδυιρ
1371 3659 1418 3722 καὶ
1434 3663 1502 3740 γαῖα

651 3763 793 3845 γένοισθε.
1370 3760 1502 3842 γένοισθε

212 3969 220 4000 ¹
242 3987 329 4020 versus
348 3972 460 4034 corrupti
479 3985 536 4018 cum
555 3971 582 4018 in
601 3969 732 4020 codicibus
752 3971 802 4022 VP
826 3971 910 4020 desint
928 3971 1035 4034 Egnatii
1058 3970 1114 4018 sola
1132 3969 1187 4018 sive
1205 3968 1255 4016 dde
1280 3970 1334 4019 rire
1353 3972 1502 4020 conlectura

131 4061 263 4108 nituntur.
291 4073 357 4120 quae
376 4065 495 4106 secamur
513 4071 592 4121 supra
610 4073 634 4120 μ.
649 4055 810 4108 aosxhthui.
839 4059 865 4106 in
878 4052 1002 4123 Νήστιὺυς
1015 4057 1225 4120 interpretatione
1244 4052 1287 4115 [ci.
1301 4069 1378 4119 supra
1396 4073 1420 4120 p.
1432 4055 1501 4118 90‚4

133 4146 169 4196 ab
189 4143 247 4206 ἱππ]
266 4144 320 4192 noli
343 4144 464 4192 scrihere:
495 4158 563 4194 uam
587 4143 728 4194 creditur
751 4160 796 4194 ea.
834 4147 939 4194 vertitur
958 4145 1026 4194 enirn
1045 4158 1165 4207 graecum
1182 4143 1256 4191 τυὺτο
1276 4158 1310 4192 sc.
1331 4137 1406 4210 ὕδωρ.
1435 4159 1501 4206 quas

133 4236 162 4282 iu
185 4232 272 4282 Probo
291 4239 412 4281 secuntur
430 4231 462 4280 de
481 4231 622 4281 Aristotele
640 4239 667 4280 et
683 4233 846 4296 Anaxagora
865 4248 889 4296 p.
906 4229 945 4292 13,
963 4229 1042 4294 lsqq.
1061 4231 1215 4294 discrepant.

208 4315 354 4381 ²ssquitur
372 4321 398 4367 in
417 4317 497 4368 Sexto
516 4317 595 4381 §316
615 4319 698 4369 Ocelli
721 4319 821 4369 Lucani
844 4328 870 4367 et
893 4319 1040 4368 Aristotelis
1062 4317 1227 4381 Empedoclis
1250 4319 1424 4380 Anaxagorae
1448 4317 1502 4366 De·

132 4407 238 4456 moeriti
262 4405 368 4470 Epicuri
391 4405 536 4455 Heraclidis
560 4405 722 4469 Asclepiadis
745 4407 840 4470 placita
869 4420 935 4468 quae
960 4421 992 4455 ex
1016 4405 1107 4454 eodem
1134 4403 1199 4454 libro
1227 4405 1295 4452 unde
1319 4403 1410 4468 Pyrrh.
1434 4405 1501 4468 Hyp.

134 4490 227 4543 11139
251 4493 310 4542 adv.
329 4491 449 4542 anathem.
468 4493 508 4541 IX
527 4489 579 4544 360
601 4495 682 4557 petita
703 4501 771 4543 sunt.
803 4494 946 4556 singularia
969 4499 1029 4542 aunt
1051 4492 1227 4556 Empedocles
1249 4487 1329 4552 §317
1353 4488 1383 4540 έκ
1406 4487 1432 4540 ὑλ
1450 4494 1502 4540 τῶν

132 4577 161 4638 te
186 4577 234 4646 τὴν
255 4578 357 4629 πάντων
379 4573 499 4628 ὑπέθεντο
522 4576 614 4645 γένεσιν
637 4577 659 4630 ol
687 4578 742 4647 περὶ
764 4575 807 4630 τὸν
829 4572 1049 4646 Ἐμπεδοκλέα.
1081 4577 1107 4628 έν
1125 4575 1161 4634 οῖς
1179 4576 1223 4644 μέν
1242 4575 1288 4644 γὰρ
1305 4574 1370 4645 λέγει
1384 4573 1503 4646 “τέσσαρα

133 4669 190 4716 τῶν
208 4665 310 4717 πάντων
328 4661 480 4734 βιζώματαί,
503 4663 533 4716 έκ
551 4665 677 4736 τεσσάρων
700 4669 765 4718 ποιεῖ
786 4664 832 4733 τὴν
851 4665 956 4734 γένεσιν,
979 4661 1038 4716 ὅταν
1061 4662 1087 4715 δέ
1105 4659 1203 4734 προσθῇ
1219 4659 1311 4720 ινεῖκος
1327 4659 1348 4714 τ’
1370 4661 1503 4730 οὐλόμενον

134 4780 171 4789 -
186 4749 226 4820 lap
241 4751 323 4821 μῆκός
335 4771 363 4806 τε
373 4751 467 4811 πλάτας
480 4749 513 4805 τά
538 4749 564 4814 l}
576 4751 729 4822 παραδίδωσι
742 4752 786 4810 τὰς
804 4757 857 4804 τῶν
876 4751 955 4805 ὄντων
974 4751 1061 4822 ἀρχάς,
1080 4750 1200 4820 τέσσαρας
1219 4750 1264 4819 μὲν
1281 4750 1326 4808 τὰς
1344 4748 1438 4813 ὑλικάς,
1457 4751 1503 4817 γῆν

134 4835 206 4907 ὑὺυιρ
225 4837 286 4907 ἀέρα
305 4843 363 4910 πὺρ,
381 4837 424 4892 diro
443 4839 469 4892 ol
487 4839 531 4897 τὰς
550 4837 710 4909 δραστηρίους
732 4837 814 4908 φιλίαν
832 4841 875 4892 καλ
894 4844 983 4897 νεῖκος.
1021 4841 1085 4889 haec
1104 4839 1275 4902 Theophrasti
1296 4839 1418 4903 Opinion.
1436 4839 1466 4887 lr.
1486 4837 1502 4887 3

133 4937 189 4976 tarn
209 4935 268 4976 suut
291 4927 399 4990 aimllia,
423 4937 451 4976 ut
474 4929 547 4990 origo
561 4917 651 4977 'latere
675 4929 746 4978 nullo
775 4930 853 4978 modo
879 4931 966 4993 possit.
1003 4928 1035 4976 de
1061 4930 1151 4978 ceteris
1173 4929 1240 4977 inira
1263 4927 1355 4976 Galerii
1380 4925 1501 4974 historiae

133 5015 286 5079 praelatura
305 5014 442 5064 dicendum
460 5017 516 5066 crit.
