3768 5736
492 405 567 455 ARII
585 404 722 454 DIDYMI
740 402 925 454 EPITOMES
945 403 998 452 FR.
1017 402 1118 452 PHYS.
1132 399 1174 452 21.
1189 399 1230 452 2⁶2.
1244 399 1277 452 23
1502 397 1565 463 459

204 577 362 658 τεττάρων,
391 577 433 644 ὡς
454 575 491 638 τὰ
517 578 582 658 ζῷα
602 572 651 636 καὶ
676 572 713 635 τὰ
741 571 789 634 ἐπὶ
810 576 864 655 γῆς
886 573 979 636 πάντα
1002 571 1195 655 συγκρίματα,
1227 572 1276 635 διὰ
1303 574 1381 635 δυοῖν
1408 570 1456 648 δέ,
1483 571 1565 652 ώςή

207 678 314 760 σελήνη
337 676 385 741 διὰ
407 676 567 762 πυρόςκαὶ
589 675 674 759 ἀέρος
695 674 868 758 συνέστηκε,
896 671 932 737 δι’
961 674 1025 742 ἑνὸς
1047 673 1090 750 δέ,
1114 677 1154 743 ώς
1177 677 1192 737 ό
1212 675 1307 758 ἥλιος·
1332 675 1380 738 διὰ
1401 675 1490 758 πυρὸς
1512 673 1566 756 γάρ

204 779 309 860 μόνου,
342 780 435 864 όγάρ
465 782 548 863 ἥλιος
581 781 638 862 πῦρ
668 777 744 842 ἐστιν
778 774 954 861 εἱλικρινές)·
993 775 1068 840 κατὰ
1100 776 1193 860 τρίτον
1226 777 1310 859 λόγον
1348 775 1460 859 λέγεται
1493 795 1565 838 στοι-

203 884 285 966 χεῖον
307 879 379 944 εἶναι
406 883 422 947 ὃ
450 885 565 966 πρώτον
593 878 764 963 συνέστηκεν
792 881 895 958 ούτως,
924 879 1000 944 ώστε
1031 877 1140 961 γένεσιν
1167 878 1277 942 διδόναι
1304 877 1355 963 ἀφ’
1385 879 1474 942 αὑτοῦ
1504 879 1565 962 ὁδῷ

205 985 292 1070 μέχρι
318 986 419 1055 τέλους
450 983 499 1047 καὶ
525 981 555 1052 ἐξ
582 981 693 1045 ἐκείνου
718 981 771 1066 τὴν
797 983 932 1046 ἀνάλυσιν
960 979 1101 1066 δέχεσθαι
1127 981 1168 1050 εἰς
1194 981 1281 1044 ἑαυτὸ
1310 985 1347 1063 πή
1375 980 1464 1064 ὁμοία
1491 981 1595 1064 όδῷ.ι

203 1087 348 1170 γεγονέναι
375 1084 401 1149 δ’
435 1083 529 1170 ἔφησε
555 1084 604 1148 καὶ
634 1082 769 1153 τοιαύτας
793 1085 947 1154 ἀποδόσεις
973 1083 1038 1168 περὶ
1066 1083 1227 1169 στοιχείου,
1256 1085 1296 1152 ίυς
1322 1080 1383 1147 ἔστι
1410 1083 1443 1146 τό
1470 1105 1502 1144 τε
1524 1079 1560 1145 δι’

206 1191 296 1253 αὑτοῦ
312 1188 529 1272 εὐκινητύτατον
551 1187 599 1250 καὶ
622 1188 641 1270 ἡ
665 1187 744 1270 ἀρχὴ
767 1184 829 1269 (καὶ
845 1185 874 1270 ό)
896 1187 980 1270 λόγος
996 1185 1044 1250 καὶ
1060 1187 1079 1270 ή
1096 1185 1187 1255 ἀίδιος
1202 1186 1321 1268 δύναμις
1343 1185 1427 1270 φύσιν
1455 1183 1566 1270 ἔχουσα

205 1292 351 1375 τοιαύτην,
374 1292 451 1354 ὥστε
468 1288 555 1373 ήγῆν
577 1313 609 1352 τε
630 1291 716 1352 κινεῖν
738 1289 819 1352 κάτω
841 1290 913 1372 πρὸς
935 1294 988 1373 γῆν
1010 1289 1062 1372 τὴν
1085 1289 1210 1374 τροφήν,
1232 1289 1280 1352 καὶ
1303 1289 1362 1352 ἀπὸ
1384 1291 1437 1372 τῆς
1458 1291 1567 1371 τροφῆς

206 1395 268 1458 ἀνω
290 1396 384 1478 πάντη
407 1393 517 1478 κύκλῳ,
539 1391 580 1462 εἰς
600 1391 690 1476 αύτήν
713 1415 745 1454 τε
765 1393 859 1455 πάντα
880 1391 1130 1456 καταναλίσκουσα
1151 1391 1200 1454 καὶ
1221 1391 1255 1452 τὸ
1277 1391 1368 1474 αὑτῆς
1390 1392 1475 1453 πάλιν
1497 1391 1567 1454 ἀπο·

206 1496 371 1560 καθιστᾶσα
393 1495 573 1578 τεταγμένως
594 1494 642 1558 καὶ
665 1495 736 1578 ὁδῷ.
1584 1515 1608 1554 ιο

266 1888 352 1940 stob.
376 1889 519 1942 εο1.1193
537 1907 560 1956 p.
575 1888 738 1944 40440611.

289 1989 512 2074 Χρυσίππου.
557 1987 678 2074 Κίνησιν
704 1991 737 2054 δέ
758 2011 845 2074 φησιν
867 1989 939 2054 εἶναι
962 1993 978 2053 ό
1001 1988 1174 2074 Χρύσιππος
1197 1993 1360 2076 μεταβολὴν
1383 1992 1458 2055 κατὰ
1479 1991 1567 2055 τόπον

203 2095 224 2177 ή
247 2094 308 2177 όλῳ
331 2093 351 2177 ἢ
375 2091 470 2177 μέρει,
497 2092 517 2176 ἦ
540 2095 722 2177 μεταλλαγὴν
743 2093 777 2156 ἐκ
798 2093 889 2156 τύπου
915 2093 935 2177 ή
958 2090 1027 2156 καθ’
1056 2093 1122 2156 όλον
1147 2093 1256 2176 ήκατά
1272 2093 1369 2178 μέρος.
1394 2095 1443 2158 καὶ
1458 2093 1567 2164 άλλως·

205 2197 316 2280 κίνησιν
330 2193 410 2279 (μὲν)
427 2197 607 2281 μεταλλαγὴν
623 2197 698 2260 κατὰ
719 2195 807 2260 τόπον
830 2195 850 2279 ή
873 2199 987 2280 σχῆμα,
1009 2196 1101 2280 φορὰν
1123 2196 1157 2260 δὲ
1179 2195 1323 2281 μετέωρον
1339 2197 1449 2280 κίνησιν
1465 2196 1569 2274 ὀξεῖαν,

205 2299 295 2382 μονὴν
320 2298 353 2360 δέ
374 2299 408 2360 τδ
431 2297 484 2380 μὲν
505 2299 566 2364 οἷον
589 2298 739 2383 ἀκινησίαν
763 2301 908 2381 σώματος,
930 2297 963 2360 τδ
986 2295 1011 2360 δ’
1040 2298 1100 2362 οἷον
1122 2301 1258 2380 σώματος
1273 2297 1373 2384 σχέσιν
1389 2300 1464 2364 κατὰ
1477 2300 1570 2364 ταύτὰ

204 2402 252 2464 καὶ
276 2401 416 2469 ὡσαύτως
437 2404 486 2463 νύν
508 2423 540 2464 τε
567 2402 617 2465 καὶ
643 2403 793 2487 πρότερον.
829 2402 988 2484 πολλαχῶς
1014 2401 1047 2463 δὲ
1075 2400 1211 2484 λέγεσθαι
1237 2402 1289 2485 τήν
1312 2402 1421 2485 κίνησιν
1444 2403 1492 2466 καὶ
1514 2404 1567 2488 τὴν
1585 2430 1609 2469 ιι

206 2505 313 2588 μονήν,
339 2504 384 2566 διδ
411 2502 459 2566 καὶ
485 2503 610 2572 πολλοὺς
635 2502 707 2568 καθ’
736 2503 858 2568 ἕκαστον
882 2502 1093 2586 σημαινόμενον
1116 2503 1308 2568 ἀποδίδοσθαι
1331 2505 1425 2589 όρους.
1463 2504 1514 2574 τάς
1536 2505 1569 2568 δὲ

204 2608 322 2690 πρώτας
338 2606 462 2690 κινήσεις
485 2604 557 2668 εἶναι
578 2605 641 2682 δύο,
662 2609 715 2691 τήν
737 2630 769 2669 τε
790 2606 907 2670 εὐθεῖαν
927 2605 975 2668 καὶ
998 2605 1051 2688 τήν
1072 2605 1243 2690 καμπύλην·
1266 2607 1313 2671 διά
1328 2607 1437 2671 τούτων
1454 2607 1487 2670 δὲ
1501 2609 1568 2670 πολ-

167 2759 169 2764 ι
203 2713 306 2794 λαχῶς
329 2707 508 2791 μιγνυμένων
530 2708 659 2790 γίνεσθαι
681 2709 790 2778 πολλὰς
811 2711 937 2794 κινήσεις
959 2709 1009 2772 καὶ
1032 2708 1233 2793 διαφερούσας.

863 3025 882 3088 2

266 3127 353 3179 Stob.
372 3129 420 3178 ecl.
433 3129 447 3178 1
465 3127 518 3181 19⁴
536 3146 561 3194 ρ.
574 3127 634 3183 406.
647 3127 739 3181 40811.
885 3025 905 3089 3

288 3227 461 3314 Ζήνωνος.
506 3227 573 3294 Τῶν
596 3228 622 3294 δ’
650 3229 746 3318 ἐντῷ
770 3232 874 3315 κόσμιρ
895 3233 1011 3294 πάντων
1033 3235 1092 3294 τῶν
1115 3229 1178 3294 κατ’
1207 3231 1280 3294 ἰδίαν
1303 3230 1359 3300 ἕξιν
1382 3233 1568 3296 συνεστώτων

204 3333 241 3397 τά
264 3333 339 3416 μέρη
361 3333 414 3417 τήν
436 3333 528 3416 φορὰν
551 3329 629 3418 ἔχειν
651 3332 692 3402 εἰς
714 3333 747 3396 τὸ
769 3339 821 3398 τοῦ
843 3334 912 3398 όλου
936 3333 1034 3416 μέσον,
1058 3334 1166 3416 δμοίως
1189 3335 1223 3396 δὲ
1245 3333 1292 3397 καὶ
1315 3333 1405 3398 αὐτοῦ
1427 3337 1478 3396 τού
1501 3333 1567 3396 κόσ·
1585 3355 1609 3394 ιο

205 3458 272 3518 μου,
295 3433 395 3518 διόπερ
418 3433 516 3517 ὀρθῶς
538 3433 675 3517 λέγεσθαι
698 3437 849 3500 πάντατὰ
872 3437 946 3520 μέρη
967 3439 1019 3499 τοῦ
1042 3436 1154 3518 κόσμου
1176 3434 1224 3498 ἐπὶ
1238 3436 1272 3498 τδ
1288 3435 1375 3517 μέσον
1391 3439 1442 3499 τού
1458 3436 1569 3518 κόσμου

206 3539 259 3622 τὴν
281 3537 373 3622 φορὰν
396 3533 491 3621 ἔχειν,
514 3537 638 3619 μαλιστα
660 3539 751 3602 δὲτὰ
778 3539 866 3624 βάρος
892 3535 1013 3624 ἔχοντα·
1041 3537 1146 3601 ταύτόν
1173 3536 1198 3600 δ’
1227 3535 1317 3601 α’ίτιον
1344 3537 1416 3601 εἶναι
1443 3536 1491 3600 καὶ
1517 3541 1570 3621 τῆς

205 3643 257 3704 τοῦ
280 3640 392 3722 κόσμου
415 3641 506 3722 μονῆς
529 3637 559 3702 έν
581 3639 693 3726 ἀπείρῳ
716 3647 791 3727 κενῷ
814 3641 862 3705 καὶ
885 3638 938 3725 τῆς
959 3645 1012 3724 γῆς
1034 3642 1243 3724 παραπλησίως
1262 3640 1293 3704 ἐν
1315 3645 1357 3726 τῷ
1379 3639 1482 3724 κόσμῳ
1505 3637 1570 3722 περὶ

204 3745 238 3806 τδ
267 3743 372 3808 τούτου
400 3741 516 3826 κέντρον
546 3742 758 3828 καθιδρυμένης
786 3742 955 3828 ἰσοκρατῶς.
992 3741 1026 3806 ού
1053 3743 1168 3812 πάντως
1194 3744 1227 3806 δὲ
1253 3747 1339 3826 σῶμα
1367 3743 1454 3828 βάρος
1481 3739 1571 3828 ἔχειν,

204 3845 268 3911 ἀλλ’
296 3847 392 3932 ἀβαρῆ
421 3843 494 3908 εἶναι
516 3844 588 3929 ἀέρα
614 3847 662 3910 καὶ
684 3852 757 3932 πῦρ·
778 3845 923 3909 τείνεσθαι
945 3845 977 3910 δὲ
1002 3845 1051 3909 καί
1078 3847 1170 3909 ταῦτά
1197 3871 1260 3916 πως
1287 3847 1335 3912 ἐπὶ
1364 3848 1398 3910 τδ
1420 3850 1472 3930 τῆς
1494 3845 1564 3929 όλης
1583 3869 1607 3908 τι

205 3950 329 4035 σφαίρας
350 3952 402 4018 τοῦ
428 3948 539 4031 κόσμου
562 3949 660 4030 μέσον,
683 3950 736 4033 τὴν
758 3950 791 4012 δὲ
806 3948 941 4012 σύστασιν
956 3949 1027 4032 πρὸς
1042 3949 1094 4032 τὴν
1109 3949 1291 4034 περιφέρειαν
1307 3949 1397 4013 αὐτοῦ
1412 3947 1569 4011 ποιεῖσθαι.

205 4053 291 4137 φύσει
314 4051 368 4135 γὰρ
391 4051 539 4136 ἀνώφοιτα
561 4050 642 4114 ταῦτ’
670 4050 741 4115 εἶναι
769 4050 817 4114 διὰ
838 4051 872 4114 τδ
899 4053 1022 4135 μηδενός
1050 4049 1182 4137 μετέχειν
1210 4053 1329 4137 βάρους·
1360 4050 1570 4136 παραπλησίως

204 4239 220 4293 3
231 4237 257 4292 δὲ
266 4251 326 4306 posi
334 4238 417 4310 τρίτον
426 4241 539 4291 addebat
550 4241 671 4290 Meineke
685 4233 699 4305 Η
709 4237 725 4290 4
735 4235 777 4288 ἀπ’
785 4233 863 4287 αὺτοῦ
914 4244 1071 4308 interpositis
1083 4241 1201 4293 Pletonie
1214 4241 1314 4292 duobus
1329 4241 1393 4291 loeis
1406 4242 1522 4304 sequitur
1538 4241 1570 4290 ei.

204 4323 680 4395 Αιοοιι.Με1ιιε1τοίΙΊεύκινητότατον
693 4321 859 4392 οί.ρ.465,θίΙ
914 4331 986 4382 Prol.
1009 4345 1033 4394 p.
1048 4325 1129 4392 73sq.
1148 4341 1168 4376 ιι
1189 4342 1217 4376 ιν
1238 4343 1255 4378 ν
1274 4343 1304 4377 νι
1323 4343 1343 4378 x
1367 4324 1380 4395 ίΙ
1407 4325 1438 4379 13
1461 4327 1505 4394 μὲν
1524 4327 1570 4377 εό-

205 4413 248 4466 καὶ
266 4410 280 4464 ό
298 4416 371 4466 deeet
393 4419 422 4466 in
444 4415 515 4466 libris
535 4410 550 4482 ΙΙ
570 4415 587 4467 8
605 4423 720 4465 extreme
742 4421 862 4478 corrupte
914 4417 968 4466 didi
988 4411 1001 4481 ΙΙ
1022 4412 1149 4483 μετεώρου
1162 4417 1199 4464 A:
1219 4418 1320 4466 correxi
1333 4417 1364 4466 ef.
1377 4417 1407 4466 ir.
1423 4413 1465 4465 23.
1484 4413 1514 4466 ίκ
1527 4430 1570 4481 με·

204 4511 270 4554 eunt.
307 4504 418 4555 suadeo:
448 4499 514 4554 ὥστε
547 4500 648 4553 πάντων
677 4505 754 4552 ποιεῖν
789 4501 861 4551 κάτω
912 4501 1008 4570 τιώρου
1027 4503 1150 4553 Meineke

204 4586 264 4656 πρὸς
276 4593 323 4658 γῆν
336 4587 499 4659 πηναροπήν,
512 4585 619 4658 [τροπήν
631 4591 732 4640 invenit
741 4588 862 4652 Usener],
950 4589 982 4640 19
1004 4591 1057 4640 τῶν
1084 4597 1143 4654 post
1166 4587 1267 4640 πάντων
1291 4590 1360 4639 delei
1381 4585 1515 4656 Ueneri!
1536 4586 1570 4640 23

204 4676 248 4728 καὶ
265 4675 313 4728 ἀπὸ
331 4680 378 4746 γῆς
394 4677 489 4746 τροπὴν
508 4677 557 4742 [eie
574 4676 685 4740 Usener]
709 4673 762 4726 ἅνω
780 4675 861 4744 πάντη
912 4681 944 4745 πή
967 4680 999 4744 γῇ
1024 4679 1060 4726 A:
1085 4693 1151 4727 οοιτ.
1175 4679 1278 4727 Heeren
1305 4673 1317 4741 ss
1343 4673 1377 4728 25
1400 4671 1508 4744 γίνεσθαι
1531 4678 1568 4727 λι

204 4760 293 4831 κύκλῳ
317 4762 360 4826 [ef.
378 4766 409 4815 fr.
422 4763 455 4817 31
474 4783 500 4831 p.
515 4763 654 4828 466,16],
677 4761 711 4820 τίς
734 4760 813 4832 αύτήν
834 4779 861 4814 τε
914 4767 1024 4814 correxi.
1047 4781 1107 4815 nem
1125 4767 1172 4815 etei
1185 4766 1287 4828 fugiunt
1298 4778 1343 4813 aer
1354 4765 1471 4827 ignisque
1484 4771 1568 4813 teme

204 4849 285 4901 πάντα
308 4849 524 4903 καταναλίσκουσα
550 4850 594 4903 καὶ
616 4849 663 4919 ἀφ’
688 4849 778 4918 ἑαυτῆς
802 4847 861 4916 [fuit
912 4853 1037 4914 medium,
1065 4859 1169 4903 servent
1197 4861 1284 4903 tamen
1307 4851 1379 4901 illem
1402 4853 1570 4902 directionem

204 4934 272 4988 κάπὸ
290 4933 376 5006 αύτῆς,
394 4940 431 4989 εἰσ
448 4939 561 5003 Usener]
579 4935 652 4990 πάλιν
671 4935 727 4989 κτλ.
912 4934 1494 5004 οουιτιιτὶιιρειειιιοε.κινεῖσθαιΜοίιιεΙτεΙΙθῖ
1504 4935 1570 4990 dvii-

243 5024 272 5076 ll
286 5027 316 5078 ir.
327 5023 414 5078 2223
427 5026 574 5092 cohaerent,
586 5025 661 5079 sr.·24
673 5027 738 5078 falso
752 5026 860 5076 inlibris
912 5041 978 5092 ρυτοι
996 5027 1030 5076 F:
1049 5023 1103 5074 ἅνω
1120 5024 1153 5076 τὰ
1171 5024 1236 5093 φυτὰ
1254 5027 1288 5077 Οι
1308 5041 1373 5078 eorr.
1393 5027 1518 5080 Centerue
