3756 5736
733 397 1008 448 ruonnoounun
1489 397 1548 460 221

188 563 303 626 πάντιυν
318 563 352 627 τὸ
367 569 434 649 πῦρ·
457 566 490 628 ἐκ
513 566 603 648 πυρὸς
624 564 678 648 γὰρ
700 565 737 630 τὰ
758 567 852 630 πάντα
872 567 1005 649 γίνεσθαι
1028 567 1076 630 καὶ
1099 565 1140 635 εἰς
1163 570 1220 649 πῦρ
1244 566 1338 628 ποῖντα
1351 569 1485 630 τελευτᾶν

189 665 292 728 τούτου
315 667 348 729 δὲ
370 667 635 752 κατασβεννυμένου
657 669 899 748 κοσμοποιεῖσθαι
922 669 959 732 τὰ
980 668 1084 730 πάντα.
1118 673 1234 752 πρῶτον
1257 669 1384 752 μὲνγὰρ
1407 670 1440 732 τὸ
1462 693 1554 755 παχυ-

191 767 365 851 μερέστατον
388 768 477 832 αὐτοῦ
500 769 541 838 εἰς
565 771 636 833 αὑτὸ
659 771 884 854 συστελλόμενον
907 775 944 855 γῆ
968 751 1107 853 piperni,
1128 767 1227 834 ἔπειτα
1250 771 1480 856 ἀναχαλωμένην
1501 773 1554 856 τὴν

190 873 243 952 γῆν
271 869 328 931 ὑπὸ
354 875 406 932 τοῦ
434 871 524 953 πυρὸς
546 871 630 956 φύσει
657 873 735 957 ῦδιυρ
759 873 981 948 ἀποτελεῖσθαι,
1014 873 1254 956 ἀναθυμιώμενον
1277 874 1310 936 δὲ
1332 873 1405 957 ἀέρα
1426 874 1554 956 γίνεσθαι

190 972 277 1036 πάλιν
304 972 337 1034 δὲ
365 973 414 1035 τὸν
437 972 547 1055 κόσμον
577 975 624 1038 καὶ
647 973 798 1038 πάντατὰ
820 977 943 1056 σώματα
966 974 1023 1036 ὑπὸ
1045 976 1134 1059 πυρὸς
1156 976 1336 1040 ἀναλοῦσθαι
1359 976 1388 1039 ἐν
1410 981 1448 1059 τῇ
1472 977 1555 1040 ἐκπυ-

194 1076 292 1157 ρώσει.
325 1072 368 1140 de
389 1073 551 1158 prioribus
574 1097 605 1160 p.
619 1076 680 1140 179
690 1096 736 1159 sq.
761 1075 838 1160 dixi,
861 1075 1017 1160 proximis
1032 1083 1170 1161 apparet
1189 1076 1334 1142 πύκνωσιν
1357 1080 1404 1142 καὶ
1428 1082 1555 1163 μάνωσιν

191 1174 316 1260 dooeri,
346 1195 444 1259 quam
466 1175 631 1244 Heraclito
655 1178 913 1262 Theophrastum
944 1177 1084 1244 tribuere
1114 1199 1212 1263 supra
1233 1179 1389 1263 probasse
1411 1180 1490 1246 mihi
1511 1181 1557 1246 vi-

191 1277 280 1344 deor.
314 1285 427 1344 eontra
451 1285 651 1346 vetustorum
678 1280 884 1366 Plaoitorum,
908 1279 1032 1365 opinor,
1058 1279 1118 1346 dos
1144 1281 1391 1366 Theophrastea
1417 1289 1556 1367 apparet

191 1379 225 1445 in
247 1379 341 1446 Attio
369 1381 464 1446 155
487 1381 660 1465 [Theodor.
684 1383 729 1450 IV
753 1384 806 1466 12]

1089 1485 1253 1570 Theophr.
1275 1485 1313 1552 fr.
1331 1490 1359 1552 1.

229 1583 367 1657 Ἵππασος
389 1589 422 1651 δὲ
437 1589 454 1652 b
470 1586 685 1659 Μεταποντῖνος
704 1590 752 1653 καὶ
763 1587 847 1673 Ἡρά-
936 1585 1074 1659 Ἵππασος
1090 1590 1123 1652 δὲ
1138 1593 1154 1654 ὁ
1171 1589 1387 1660 Μεταποντῖνος
1409 1593 1457 1655 καὶ
1471 1591 1557 1676 Ἡραί-

192 1692 302 1759 κλειτος
325 1685 512 1760 ὁΒλόσωνος
536 1689 699 1776 ὁΈφέσιος
721 1691 752 1756 ἓν
775 1690 847 1756 εἶναι
899 1693 1009 1760 κλειτος
1033 1690 1197 1778 ῦἘφέσιος
1219 1693 1249 1756 ἓν
1273 1692 1321 1756 καὶ
1344 1693 1423 1756 οῦτοι
1445 1695 1493 1757 καὶ
1516 1719 1555 1757 κι-

192 1793 226 1854 τλ
257 1795 314 1856 πᾶν
346 1792 506 1876 ἀεικίνητον
537 1794 586 1858 καὶ
619 1794 847 1879 πεπερασμένον,
899 1793 1035 1875 νυῦμενον
1066 1796 1114 1858 καὶ
1144 1795 1361 1879 πεπερασμένον
1391 1796 1466 1860 ἀλλὰ
1498 1802 1555 1882 πῦρ

193 1895 289 1980 ἀρχὴν
313 1895 400 1958 δὲτὸ
423 1899 481 1979 πῦρ
502 1895 671 1981 ἐσχηκέναι.
871 1954 874 1976 ,
899 1896 1038 1978 ἐποίησαν
1060 1897 1113 1980 τὴν
1135 1897 1241 1982 ἀρχήν.

192 1999 251 2063 sod
274 1995 329 2082 qui
351 2017 392 2063 ex
414 1997 477 2063 hoo
498 1997 674 2081 specimine
696 1998 953 2065 Heraolitoorum
981 2018 1109 2064 omnem
1131 1999 1165 2062 in
1184 1998 1279 2065 Aetio
1303 2001 1492 2068 memoriam
1514 2021 1556 2067 ex

195 2100 316 2185 optimo
338 2099 394 2166 illo
417 2099 507 2166 sonte
529 2098 679 2173 derivare
699 2101 809 2186 vellet,
831 2121 874 2168 ne
888 2100 944 2167 ille
960 2099 1090 2184 egregie
1105 2099 1281 2168 falleretur.
1314 2109 1350 2167 ut
1365 2102 1398 2167 in
1413 2103 1556 2187 superio·

193 2202 282 2268 ribus
303 2222 361 2270 aer
383 2223 424 2269 ex
446 2221 533 2286 aqna
555 2209 752 2287 evaporatus
779 2203 994 2271 rooentiomm
1023 2202 1273 2286 eogitationibus
1294 2195 1556 2272 aooommodatue

193 2305 336 2390 videtur,
364 2304 412 2371 ita
432 2305 568 2371 Ivem
591 2304 747 2371 Heraoliti
769 2305 811 2372 de
832 2305 942 2372 anima
965 2305 1073 2390 opInio
1096 2305 1140 2370 ad
1162 2305 1368 2373 Stoioorum¹
1392 2307 1556 2372 modulum

195 2427 351 2492 expressa
366 2413 416 2475 est
438 2406 490 2490 [ot.
507 2407 614 2473 Zeller
628 2407 664 2472 1⁴
676 2407 769 2474 642⁴.
793 2407 948 2475 Sohuster
962 2431 994 2493 p.
1007 2410 1070 2474 136
1078 2429 1109 2474 ιι.
1126 2429 1157 2474 v.
1174 2428 1272 2492 supra
1287 2430 1319 2492 p.
1334 2407 1435 2492 210¹}
1458 2409 1557 2492 quid?

194 2511 266 2594 ipse
289 2509 520 2578 ffissentIentes
542 2508 717 2595 seriptores
739 2509 934 2593 significavit
957 2511 1148 2595 compilator
1169 2511 1241 2578 113
1260 2521 1276 2572 1
1294 2510 1479 2596 Ἡράκλειτος
1500 2513 1556 2596 πρὸ

195 2619 248 2677 τοῦ
263 2615 326 2684 ἑνὸς
341 2616 422 2678 δοκεῖ
442 2632 512 2676 τισι
535 2613 674 2697 ψήγματα
689 2614 881 2678 καταλείπειν.
916 2613 994 2696 quin
1010 2612 1051 2678 sit
1066 2611 1258 2678 somniantis
1272 2611 1458 2696 interpretis
1476 2612 1557 2678 haee

198 2713 382 2798 eproatio,
404 2733 500 2781 nemo
523 2713 686 2780 dubitabit
708 2735 813 2799 noque
832 2705 929 2782 vaoat
944 2714 1063 2782 erroris
1080 2734 1211 2780 oausam
1226 2713 1371 2796 argutius
1387 2713 1556 2798 expisoari,

198 2815 285 2898 qnod
311 2815 388 2884 feeit
418 2815 612 2884 Sohusterus
644 2837 675 2900 p.
695 2818 756 2883 261
766 2817 786 2883 ¹.
831 2817 1012 2885 Stoioorum
1034 2816 1181 2883 fraudem
1203 2817 1268 2883 iam
1299 2835 1397 2899 supra
1427 2837 1458 2900 p.
1480 2815 1555 2881 118ι

197 2917 320 3002 τροπαὶ,
341 2939 425 3002 quae
446 2925 556 2984 tamen
579 2918 677 2984 latius
699 2925 799 3004 patet.

281 3020 368 3086 Nam
389 3020 546 3088 Heracliti
572 3021 622 3086 sui
644 3021 831 3106 patroniut
853 3023 952 3088 effata
973 3021 1008 3087 in
1029 3023 1146 3106 vulgus
1168 3021 1272 3105 magis
1294 3021 1459 3104 efferrent,
1488 3041 1558 3086 ver·

198 3125 285 3192 sibus
306 3123 353 3190 illi
376 3123 585 3190 inoluserunt.
628 3141 701 3187 ποια
721 3133 754 3186 ut
777 3125 900 3188 dicebat
923 3126 1097 3200 Gteonttes,
1123 3125 1261 3210 impiger
1288 3123 1359 3208 ipso
1382 3122 1557 3189 earminum

135 3247 139 3254 ·
198 3226 327 3312 artifex,
355 3226 609 3310 quomadmodum
634 3227 764 3306 spiritua
791 3238 896 3292 noster
925 3230 1090 3292 clariorem
1114 3249 1224 3292 sonum
1251 3229 1356 3292 reddit
1382 3247 1450 3289 oum
1471 3227 1557 3288 titum

199 3333 272 3396 tabo
292 3351 349 3413 per
371 3331 456 3412 tongi
478 3329 600 3392 conatis
622 3331 783 3410 αιιριιειίαε
798 3339 930 3394 tructam
950 3335 1124 3412 potentiore
1146 3333 1311 3394 novissimo
1332 3332 1417 3392 emita
1440 3327 1557 3409 effudit,

197 3437 243 3498 aio
266 3453 376 3498 εσασνε
406 3441 530 3496 nostor
553 3431 704 3495 clariores
727 3435 875 3496 nominis
905 3442 978 3496 orto
999 3436 1167 3497 οεοεσεῦαι
1189 3434 1283 3514 officit
1312 3429 1440 3511 [Senon.
1464 3429 1556 3512 epist.

200 3537 261 3603 108
279 3545 310 3623 111
332 3535 372 3608 of.
387 3533 468 3599 Iius.
483 3532 544 3598 Rh.
560 3532 673 3598 XXXI
688 3534 732 3616 6].
756 3553 798 3599 ενι
820 3533 878 3600 tali
899 3533 1041 3600 earmine
1056 3533 1090 3599 in
1104 3531 1231 3598 Plaoita
1252 3531 1409 3614 migrasse
1430 3529 1557 3596 videtur

199 3639 259 3704 hoo
274 3637 491 3722 fragmentum
507 3637 539 3701 11
555 3638 594 3702 21
611 3645 628 3698 4
642 3635 827 3720 Ἡράκλειτος
843 3635 934 3718 [solis
949 3635 1202 3718 magnitudinem
1218 3636 1304 3718 esso]
1327 3632 1433 3718 εῦρος
1453 3635 1559 3703 ποδὸς

199 3737 461 3825 tripartiae-¹
504 3744 627 3805 eertum
653 3757 805 3804 versuum
835 3739 1018 3821 exemplum
1045 3737 1135 3804 aliud
1162 3757 1227 3802 non
1254 3736 1417 3803 invenitur
1439 3735 1501 3800 nisi
1523 3736 1558 3800 in

199 3841 365 3908 Plutarchi
381 3847 505 3925 quaest.
529 3841 655 3908 eonviv.
670 3839 749 3906 VIII
764 3841 786 3904 4
804 3849 820 3902 9
842 3861 874 3924 p.
892 3842 973 3906 1007
991 3842 1069 3925 ὥρας
1083 3841 1113 3905 αἳ
1130 3842 1224 3904 πάντα
1238 3840 1366 3926 φέρουσι.
1390 3837 1501 3903 dubito
1517 3837 1558 3903 de

198 3945 303 4012 Prool.
319 3943 354 4009 in
369 3943 450 4011 Tim.
467 3966 498 4029 p.
509 3945 551 4009 36
572 3947 675 4030 ψυχῶν
686 3947 745 4006 τιῦν
759 3947 867 4026 νοερῶν
880 3943 1005 4013 θάνατος
1017 3945 1120 4029 ὑγρῇσι
1138 3943 1282 4026 γενέσθαι.
1306 3940 1345 4006 oi.
1362 3939 1400 4004 fr.
1414 3942 1455 4005 72
1466 3939 1557 4024 Byw.

199 4047 360 4113 Stobaeus
386 4067 515 4114 versum
543 4046 646 4112 eredit
672 4046 705 4109 ἐκ
731 4047 821 4129 πυρὸς
847 4046 901 4130 γὰρ
928 4046 966 4108 τὰ
992 4047 1084 4108 πάντα
1111 4046 1159 4109 καὶ
1181 4045 1222 4115 εἰς
1244 4049 1302 4129 πῦρ
1324 4045 1417 4107 πάντα
1439 4046 1558 4126 τελευτᾷ

200 4151 284 4233 [Aet.
300 4151 316 4215 I
332 4151 352 4214 3
370 4152 426 4236 11],
450 4149 504 4233 qui
519 4148 627 4214 nullus
643 4145 768 4214 estetsi
783 4147 820 4210 rot
836 4146 974 4212 omittas.
997 4167 1126 4212 versum
1141 4145 1218 4212 feeit
1233 4145 1398 4213 Sohusteri
1414 4143 1559 4210 sollertia

132 4301 136 4310 .
198 4255 293 4317 πάντα
314 4252 369 4337 γὰρ
391 4253 425 4316 ἐκ
446 4251 536 4336 πυρός
557 4251 617 4316 ἐστι
639 4251 687 4314 καὶ
710 4250 752 4319 εἰς
766 4253 824 4335 πῦρ
839 4251 933 4314 πάντα
947 4251 1078 4333 τελευτᾷ.
1105 4247 1155 4314 eui
1178 4247 1274 4332 bone,
1298 4246 1559 4330 quandoquidem

271 4459 279 4490 ¹
300 4461 331 4511 ei.
351 4461 490 4512 Cleanthes
502 4457 570 4524 apud
580 4457 668 4507 Cicer.
680 4456 712 4506 de
726 4456 798 4506 deor.
810 4465 864 4506 nat.
877 4457 905 4507 11
920 4453 952 4507 15
964 4465 988 4504 111
1006 4469 1076 4521 erpo,
1096 4458 1188 4520 inquit,
1208 4471 1266 4504 anm
1278 4453 1318 4503 roi
1335 4454 1428 4521 ι’ροειιε
1447 4453 1481 4504 ait
1496 4451 1558 4504 Oce-

198 4547 295 4612 anique
313 4545 405 4598 alatur
422 4544 563 4608 ιιιιιοπῖθιιε,
589 4542 654 4610 qaia
674 4540 767 4594 nullm
790 4542 861 4609 ι’ρπίι
883 4543 942 4596 aine
961 4551 1042 4607 posto
1060 4541 1151 4609 aliquo
1167 4541 1250 4606 pouit
1264 4555 1435 4608 perosorum,
1456 4556 1560 4591 necesse

198 4643 237 4685 art
256 4642 302 4684 out
321 4634 346 4686 σι’
363 4632 459 4686 similia
478 4632 514 4684 ait
532 4630 588 4699 iqui
606 4645 682 4696 quem
700 4627 856 4682 adhibemur
880 4630 917 4682 ad
934 4645 1008 4681 mam
1027 4639 1106 4696 atque
1124 4631 1220 4680 uictam
1238 4637 1284 4680 out
1303 4629 1327 4680 ιε’
1346 4628 1391 4692 qui
1409 4626 1559 4690 corporibus

200 4720 377 4772 animantium
396 4720 554 4772 conductor.

271 4805 281 4838 ²
299 4809 332 4858 de
350 4811 489 4860 memoriae
508 4807 559 4857 θῦε
578 4806 679 4856 dubitat
696 4805 811 4854 Zallerns
823 4799 854 4852 1⁴
868 4801 918 4854 622
942 4819 995 4854 uon
1015 4805 1123 4855 edoctus
1141 4821 1157 4855 a
1175 4805 1379 4855 Teichmusllero
1399 4805 1467 4854 Nou.
1486 4803 1560 4854 Stud.

199 4891 289 4946 18··.
311 4903 339 4946 at
358 4897 398 4946 rel
414 4897 536 4961 EpIourei
556 4894 718 4956 investtgatis
737 4891 835 4956 pridem
854 4893 997 4941 verioribus
1016 4895 1158 4942 redonibus
1174 4893 1296 4941 Heracliti
1316 4893 1439 4955 puertiem
1459 4891 1560 4954 opinio·

202 4998 262 5032 nem
281 4983 391 5047 eogitari
409 4997 485 5048 posse
503 4997 557 5032 non
576 4987 711 5044 negarunt.
739 4979 825 5028 Laert.
838 4981 864 5029 X
877 4979 918 5030 el.
