3710 5730
688 403 965 454 rsouuuousna
1485 399 1505 463 9

147 580 214 636 tate
246 571 452 654 praestiterit.
498 571 589 634 iuvat
615 568 676 634 hoo
704 569 860 654 exemplis
886 569 1075 653 quibusdam
1102 571 1326 654 oomprohare,
1356 570 1506 652 quoniam

145 671 277 738 Eusebii
299 673 401 738 virtus
421 673 464 738 ab
487 670 664 738 editoribus
689 677 846 754 quotquot
867 672 1033 738 Plutarchi
1059 671 1188 738 libellus
1213 679 1328 737 naotus
1355 678 1405 737 est
1431 690 1509 736 nou·

145 774 221 840 dum
244 775 374 857 unguite
395 774 532 842 videtur.
576 773 631 838 13
651 787 667 839 t
689 773 737 838 διὰ
759 779 845 837 τοῦτο
873 775 920 838 καὶ
936 771 1063 860 Ὅμηρος
1084 776 1191 860 ταύτην
1212 777 1264 859 τὴν
1286 774 1417 857 γένεσιν
1440 775 1507 836 ὑπο-

146 877 255 942 τίθεται
278 878 342 962 περὶ
369 883 420 942 τοῦ
448 879 560 965 ὕδατος·
593 876 721 945 ὠκεανὸς
748 875 838 962 ὅσπερ
864 877 994 960 γένεσις
1020 880 1156 942 πάντεσσι
1182 877 1322 940 τέτυκται.
1367 875 1508 940 tulerunt

146 979 207 1044 hoe
229 979 369 1044 editores
394 1000 459 1062 qua
481 981 587 1044 solent
611 977 769 1060 patientia
794 983 924 1062 praeter
949 1001 1046 1044 unum
1073 979 1281 1045 Duebnerum
1313 977 1367 1061 qui
1393 978 1509 1042 saltem

145 1082 236 1146 εἰπών
263 1080 389 1146 addidit
415 1088 490 1164 post
516 1082 627 1150 ὕδατος.
672 1087 793 1163 quanto
820 1078 947 1146 facilius
972 1089 1043 1147 erat
1070 1080 1243 1146 Eusebium
1269 1079 1428 1164 iuspioere
1453 1077 1508 1161 qui

146 1183 282 1266 praehet
307 1184 413 1266 τούτῳ
440 1185 492 1266 τὴν
518 1185 653 1266 γνώμηνέ
688 1181 838 1264 idemque
859 1183 1060 1266 Mosquensis
1083 1183 1195 1266 optimi
1217 1182 1335 1247 eodiois
1357 1201 1414 1246 ora
1436 1201 1508 1246 oon-

145 1285 295 1368 firmavit,
318 1285 405 1350 unde
426 1285 489 1350 iam
506 1282 681 1350 Plutaroho
704 1284 833 1348 anobis
854 1285 1036 1350 restitutum
1057 1293 1116 1351 est.
1150 1285 1226 1368 quid
1249 1283 1380 1350 librario
1402 1281 1508 1348 fraudi
1538 1302 1539 1305 ¹

145 1387 257 1471 fuerit,
283 1387 337 1452 uix
365 1394 415 1454 est
442 1385 649 1452 mouendum.
693 1385 853 1451 interdum
878 1387 1009 1452 Eusebii
1036 1387 1219 1471 exemplum
1244 1385 1508 1469 interpolatorem

145 1488 353 1554 veterrimum
376 1489 494 1573 arguit,
516 1489 569 1572 qui
593 1487 803 1554 emboliorum
826 1488 908 1554 mira
928 1489 1129 1574 impudentia
1149 1509 1215 1554 uon
1230 1489 1333 1554 solum
1350 1487 1509 1553 editorum

146 1591 293 1670 turbam,
314 1591 386 1656 vsed
419 1591 532 1656 doetos
566 1609 693 1673 quoque
726 1596 759 1655 ot
792 1597 904 1656 oautos
937 1590 1083 1658 homines
1116 1589 1299 1656 ludificatus
1331 1597 1388 1655 est.
1443 1588 1508 1654 duo

146 1696 299 1778 exempla
320 1692 399 1758 satis
422 1701 527 1758 sunto.

231 1798 282 1862 13
301 1815 318 1865 4
339 1797 457 1862 lentum
479 1803 545 1861 est:
579 1797 717 1861 ἀδύνατον
736 1798 789 1881 γὰρ
805 1797 900 1880 ἀρχὴν
918 1797 985 1877 μίαν
999 1797 1051 1879 τὴν
1074 1797 1144 1878 ὅλην
1166 1800 1224 1858 τῶν
1249 1793 1349 1868 ὅντων,
1371 1793 1400 1862 ἐξ
1423 1793 1459 1876 ἧς
1473 1793 1509 1855 τὰ

147 1905 250 1976 πάντα,
274 1903 443 1981 ὑποστῆναι.
473 1899 635 1962 neminem
650 1897 720 1963 fore
739 1897 885 1982 spondeo
908 1897 962 1979 qui
985 1897 1075 1962 soioli
1097 1896 1290 1980 sapientiam
1312 1913 1371 1958 sua
1393 1899 1510 1976 sponte

147 2003 309 2068 odoretur.
352 2000 452 2083 quid?
484 2007 614 2064 netum
638 2000 778 2084 quidem,
800 2020 872 2065 oum
894 2001 927 2063 iu
950 1997 1091 2064 Stohaeo
1113 1998 1143 2067 ἐξ
1165 1999 1200 2082 ἧς
1221 1999 1258 2062 τὰ
1280 2001 1373 2062 πάντα
1395 2015 1510 2078 eogno-

146 2103 289 2170 verimus
303 2103 428 2184 deesse,
443 2102 485 2167 de
498 2101 614 2166 fraude
626 2102 847 2184 eogitabimus
883 2100 1044 2166 oonvinoit
1054 2101 1320 2184 interpolatorem
1332 2097 1508 2164 omittendo

146 2203 317 2270 Eusebius.
365 2224 494 2288 possum
530 2204 596 2268 alia
622 2203 778 2271 eiusmodi
812 2202 1007 2268 emblemata
1039 2209 1162 2287 notare,
1194 2203 1318 2268 nullum
1355 2201 1511 2268 audaoius

146 2326 245 2390 quam
270 2307 341 2371 boe.

233 2409 301 2472 119
321 2423 346 2476 3.
366 2427 393 2478 4.
429 2409 621 2480 Ποσειδώνιος
643 2411 696 2473 οὐκ
720 2410 836 2494 ἄπειρον
859 2407 918 2472 ἀλλ’
948 2407 1015 2472 ὅσον
1038 2407 1177 2493 αὔταρκες
1200 2409 1241 2477 εἰς
1263 2409 1390 2471 διάλυσιν
1413 2407 1443 2470 ἑν
1466 2409 1508 2489 τῷ

148 2515 257 2595 πρώτῳ
270 2512 334 2595 περὶ
357 2517 451 2575 κενοῦ.
483 2510 681 2596 Ἀριστοτέλης
704 2511 800 2595 ἔλεγεν
822 2511 894 2576 εἶναι
917 2513 1007 2575 κενόν.
1041 2510 1161 2574 Πλάτων
1182 2508 1244 2594 μήτ’
1261 2497 1356 2580 ’ἐκτὸς
1378 2515 1429 2572 τοῦ
1445 2509 1509 2572 κόσ-

148 2639 204 2696 μου
227 2611 291 2698 μήτ’
319 2613 399 2684 ἐντὸς
422 2616 512 2698 μηδὲν
535 2613 606 2678 εἶναι
629 2615 720 2680 κενόν.
756 2612 838 2678 haee
859 2612 928 2678 fore
952 2613 1124 2694 vulgantur
1146 2613 1216 2678 sino
1238 2612 1429 2694 suspieionis
1444 2610 1511 2674 ulla

148 2723 235 2780 uota.
252 2716 259 2747 ¹
296 2735 401 2799 neque
415 2715 529 2782 Baheo
545 2717 718 2800 quidquam
741 2713 863 2780 fraudis
884 2715 1034 2800 suboluit,
1057 2715 1110 2798 qui
1126 2714 1352 2780 Posidonianis
1367 2712 1510 2796 reliquiis

148 2818 264 2882 librum
295 2820 359 2901 περὶ
386 2823 470 2882 κενοῦ
498 2826 613 2884 oetavo
643 2819 714 2882 looo
741 2817 885 2882 inseruit.
935 2816 994 2883 sed
1019 2825 1147 2902 poterat
1175 2818 1360 2900 serupulum
1388 2814 1509 2879 inioere

148 2920 234 3003 quod
265 2919 426 2986 Stobaeus
448 2919 521 2985 libri
545 2921 672 2986 titulum
695 2919 817 3002 omisit,
845 2939 964 3001 augere
985 2918 1126 2985 debebat
1156 2919 1242 3002 quod
1264 2919 1413 2983 Laertius
1434 2915 1509 2982 Diu-

147 3043 248 3106 genes
264 3022 446 3088 Stoioorum
462 3023 504 3088 de
520 3043 623 3088 raouo
635 3023 808 3106 soriptores
824 3021 899 3086 dum
914 3027 1065 3087 aeourate
1080 3028 1227 3088 recenset
1241 3022 1302 3086 Vll
1315 3022 1387 3102 140,
1403 3020 1508 3102 ipsum

147 3125 357 3191 Posidonium
380 3145 445 3190 non
469 3127 499 3189 ἐν
522 3129 630 3211 πρώτῳ
652 3125 717 3210 περὶ
740 3128 835 3200 κενοῦ,
856 3129 891 3188 at
906 3124 936 3187 ἐν
952 3125 1077 3210 δευτέρῳ
1100 3129 1151 3188 τοῦ
1174 3131 1296 3209 φυσικοῦ
1311 3126 1398 3206 λόγου
1421 3121 1508 3186 eiial.

146 3227 346 3310 interpolata
372 3247 445 3320 esse
467 3229 497 3291 ἐν
519 3234 561 3313 τῷ
586 3231 695 3312 πρώτῳ
724 3227 892 3310 aspiraret
918 3225 1119 3292 demonstrat
1140 3227 1299 3293 Eusebius
1325 3223 1510 3291 Gaisfordii.

146 3349 222 3393 nam
243 3329 279 3394 in
301 3329 425 3412 priores
448 3329 616 3411 editiones,
639 3335 675 3396 ut
697 3327 764 3394 lieri
786 3328 877 3410 solet,
900 3327 1096 3394 Plutarehoa
1117 3330 1212 3396 leotio
1231 3330 1429 3412 interpolata
1450 3332 1509 3392 est.

145 3431 246 3496 verbo
274 3451 390 3497 moneo
414 3431 511 3496 etiam
539 3431 637 3495 latius
659 3437 772 3514 patere
794 3426 1086 3512 interpolationem.
1130 3453 1205 3498 uam
1232 3431 1397 3498 Aristoteli
1423 3428 1510 3495 idem

146 3533 365 3598 iudootissime
398 3533 491 3598 simul
526 3539 559 3598 et
591 3531 806 3596 audacissime
831 3531 1027 3597 eontrarium
1056 3533 1118 3618 ipsi
1145 3534 1338 3600 sententiam
1364 3530 1510 3596 attribuit

147 3631 196 3721 [oi.
220 3635 317 3720 phys.
340 3655 429 3701 auso.
453 3634 533 3700 IV8
560 3656 591 3718 p.
609 3632 745 3720 214εῳ]
770 3642 868 3717 atque
902 3635 1015 3700 ultima
1048 3657 1174 3720 quoque
1207 3636 1324 3702 misere
1357 3633 1508 3700 turbavit.

146 3755 252 3819 apage
273 3736 372 3820 igitur
394 3738 474 3802 istas
497 3737 631 3802 offuoias
653 3736 850 3803 fraudulenti
871 3736 1011 3804 bominis
1032 3738 1237 3822 Eusebioque
1259 3739 1342 3804 duoo
1364 3736 1509 3803 restitue:

146 3839 390 3910 Ποσειδώνιος’
361 3863 414 3904 ουκ
437 3839 555 3923 ἄπειρον
578 3839 637 3903 ἀλλ’
667 3837 794 3903 duur
757 3863 897 3924 αυταρκες
923 3841 963 3910 εἰς
988 3843 1040 3925 τὴν
1063 3844 1201 3906 διάλυσιν.
1241 3843 1362 3906 Πλάτων
1386 3839 1509 3924 'iptoru-

146 3942 230 4024 τέλης
253 3939 318 4026 μήτ’
345 3942 428 4012 ἐκτὸς
451 3965 501 4006 του
525 3943 639 4024 κόσμου
661 3945 778 4006 κενὸνε
763 3941 835 4005 εἶναι
858 3941 922 4026 μήτ’
950 3945 1038 4014 ἐντός.

232 4042 401 4127 Corruptis
422 4043 501 4108 loeis
524 4063 620 4126 quam
643 4064 743 4128 saepe
765 4045 908 4110 salutare
929 4046 1045 4111 afferat
1069 4045 1224 4111 auxilium
1251 4045 1420 4128 Eusebius,
1447 3999 1510 4109 diei

145 4145 265 4229 nequit.
316 4165 414 4210 unum
449 4144 611 4228 proferam
645 4146 802 4211 editorum
836 4147 1360 4232 soeordiamsigue.1733
1334 4173 1361 4210 οι
1387 4147 1510 4210 Στωικοὶ

145 4251 345 4332 κοινότερον
368 4249 436 4311 θεὸν
459 4249 667 4333 ἀποφαίνονται
689 4253 756 4333 πῦρ.
800 4250 910 4332 eequis
933 4249 1103 4316 erediderit
1129 4253 1290 4336 κοινότερον
1313 4249 1393 4314 illud
1417 4249 1512 4314 vela

145 4349 396 4435 Wyttenbaohio
419 4350 636 4416 eruditissimo
659 4351 816 4436 antiquae
838 4351 1066 4436 philosophiae
1088 4352 1308 4418 existimatore
1329 4372 1393 4416 non
1416 4351 1511 4416 morlo

144 4453 327 4536 toleratum,
350 4452 408 4518 sod
431 4451 529 4518 etiam
553 4453 655 4519 latine
677 4473 865 4538 expressum
889 4473 975 4519 esse:
1002 4453 1123 4519 Stoioi
1146 4452 1381 4520 eommuuius
1403 4453 1511 4518 deum

144 4553 421 4638 pronuuoiaut‘l
454 4574 496 4620 ne
519 4554 665 4621 haesisse
696 4555 824 4638 quidem
857 4555 1002 4640 videtur,
1036 4555 1157 4639 alioqui
1191 4555 1333 4622 Stobaeo
1367 4553 1511 4620 adhibito

144 4656 277 4739 legisset
299 4655 386 4739 quod
407 4663 593 4732 verumest
615 4659 713 4742 νοερὸν
736 4659 815 4722 θεόν.
852 4657 1002 4740 idemque
1024 4657 1192 4724 eoufirmat
1214 4657 1384 4724 Eusebius.
1423 4657 1510 4722 addo

215 4895 223 4926 ¹
244 4898 294 4947 uisi
314 4895 384 4959 quod
404 4897 539 4948 Posidonii
558 4899 686 4950 sententia
705 4899 819 4948 llirzelio
839 4893 960 4960 [Uuters.
980 4911 1001 4946 z.
1021 4895 1075 4946 Cle.
1094 4895 1224 4948 sobrini
1243 4893 1322 4959 228¹]
1341 4895 1509 4946 aPlutaroho

147 4996 171 5034 et
188 4984 304 5036 Stobaeo
323 4984 389 5034 male
408 4984 502 5034 tradita
521 4984 628 5035 videtur.
665 4985 711 5036 sed
730 4984 780 5035 hoe
798 4986 866 5036 ultra
884 4985 1017 5037 Plutarchi
1037 4985 1191 5035 memoriam
1209 4985 1314 5035 recedit.
