3710 5730
675 418 950 470 Pnonnsounua
1445 420 1488 485 45

204 586 254 650 Ex
270 584 296 648 P
312 584 494 668 descriptos
516 604 588 650 esse
603 591 760 669 quotquot
775 591 945 651 servantur
960 584 1122 668 pleniores
1137 585 1275 666 codices,
1297 585 1486 651 Vaticanum

119 685 347 770 Augustauum
369 686 627 752 Escurialensem
648 685 845 753 Famosinos
864 686 948 752 alios
963 685 1045 753 duos
1068 686 1122 772 (ex
1145 687 1259 770 quihus
1279 687 1488 770 Augustanus

120 789 283 854 interdum
305 787 453 872 feliciter,
476 807 576 871 saepe
598 795 721 855 temere
743 795 905 856 correctus
928 787 991 875 est)
1013 790 1211 856 luculentum
1234 796 1283 857 est
1304 789 1338 855 0.
1356 789 1489 856 Wachs-

120 889 236 956 muthii
251 885 431 976 inventum,
455 891 509 974 qui
525 890 669 957 codicem
690 891 715 956 F
732 892 972 958 accuratissime
988 893 1151 958 conlatum
1166 891 1243 956 mihi
1258 892 1489 959 humanissime

119 993 164 1058 ad
188 993 316 1058 Placita
343 991 542 1059 recensenda
570 993 737 1060 commisit.
783 994 870 1060 unde
897 995 1056 1078 potiorem
1083 993 1332 1078 discrepantiam
1361 995 1488 1061 omissis

118 1095 284 1161 lemmatis
306 1094 496 1178 mendisque
518 1094 694 1161 levioribus
716 1094 849 1161 exhibui
876 1098 923 1162 ita
951 1105 1061 1163 tamen
1090 1104 1125 1162 ut
1153 1097 1396 1164 concinentibus
1418 1097 1486 1162 FC

119 1197 300 1282 simplicius
323 1197 496 1284 archetypi
515 1204 627 1264 nomm
644 1197 674 1262 A
692 1197 920 1266 adscriberem.
954 1199 1141 1266 coniectura
1169 1201 1297 1282 parcius
1318 1220 1394 1264 usus
1416 1221 1486 1264 sum

117 1321 186 1365 non
209 1299 388 1366 Stcbaeum
411 1301 470 1366 sed
490 1299 640 1368 librarios
662 1299 888 1383 castigaturus.
925 1303 967 1368 de
989 1301 1125 1384 uncinis,
1148 1301 1264 1384 quibus
1287 1301 1486 1385 excerptoris

118 1401 345 1471 additamenta
369 1403 513 1488 distinxi,
536 1403 601 1469 alio
624 1403 696 1469 loco
718 1403 890 1469 dicendum
913 1404 983 1469 erit.

588 1791 627 1846 lv
662 1793 711 1848 llll
729 1791 831 1848 fflffl
847 1790 1014 1847 Pmoluls

207 1990 374 2057 Plutarchi
397 1997 430 2055 et
452 1987 586 2054 Stcbaei
608 1988 799 2074 placitorum
823 2006 1015 2053 consensum
1038 2009 1078 2056 ex
1102 2011 1162 2055 usu
1184 1991 1315 2057 maioris
1338 1991 1410 2056 libri
1432 2013 1485 2058 ex·

119 2093 310 2179 plicandum
338 2111 531 2174 essequam
563 2093 646 2159 alter
674 2092 777 2156 altero
804 2089 931 2174 plenius
952 2090 1159 2180 exhauserit,
1190 2093 1222 2159 id
1244 2113 1350 2178 paene
1373 2115 1484 2161 omnes

118 2197 329 2264 consentiunt
351 2193 405 2276 qui
428 2193 481 2260 vel
503 2194 620 2261 leviter
640 2193 698 2259 illa
721 2193 841 2276 scripta
859 2193 1045 2276 tetigerunt.
1079 2203 1177 2280 atque
1200 2195 1226 2260 si
1250 2195 1300 2260 oui
1324 2195 1407 2262 forte
1429 2197 1484 2262 du-

117 2299 235 2366 bitatio
259 2304 330 2364 erat
351 2295 507 2380 impedito
522 2296 712 2362 idonearum
729 2295 905 2361 editionum
922 2317 991 2382 usu,
1013 2296 1041 2362 is
1056 2295 1121 2361 iem
1137 2317 1177 2364 ex
1192 2303 1323 2364 nostrae
1337 2297 1483 2364 instituto

117 2401 198 2484 quid
231 2401 397 2482 utriusque
427 2397 469 2462 sit
498 2399 662 2483 proprium
684 2398 761 2481 quid
783 2419 951 2464 commune
974 2399 1062 2465 nullo
1085 2399 1216 2483 negotio
1239 2399 1396 2484 dispiciat.
1441 2403 1484 2466 ad

116 2503 253 2570 maioris
276 2509 385 2569 autem
412 2501 556 2585 eorporis
582 2501 755 2584 imaginem
785 2501 1030 2566 instaurandam
1062 2502 1248 2586 priusquam
1281 2503 1483 2588 accedamus,

116 2605 416 2690 circumspiciamus
440 2609 567 2688 oportet
588 2601 615 2668 si
639 2611 732 2668 extra
756 2601 922 2668 Plutarchi
945 2603 1141 2689 Stcbaeique
1164 2612 1317 2689 excerpta
1339 2605 1405 2670 alia
1419 2605 1484 2671 sint

116 2718 261 2778 servata.
306 2709 429 2775 scilicet
451 2707 565 2772 mirum
588 2704 716 2772 videtur
738 2703 823 2770 hane
845 2724 942 2788 quam
970 2707 1187 2774 necessariam
1215 2707 1286 2772 dico
1315 2713 1348 2773 et
1369 2707 1484 2790 princi·

117 2815 231 2898 palem
254 2819 387 2877 nostrae
409 2808 609 2893 quaestionis
631 2813 756 2890 partem
779 2828 821 2874 ne
843 2807 991 2890 attigisse
1012 2809 1140 2891 quidem
1155 2808 1406 2893 Volkmannum,
1429 2810 1481 2894 qui

117 2935 227 3010 nuper
248 2914 445 2979 Placitorum
473 2909 711 2976 vicissitudines
738 2911 868 2975 taudem
901 2909 1076 2993 aliquando
1109 2911 1252 2978 enodare
1280 2911 1340 2976 sibi
1368 2933 1483 2996 propo-

115 3024 238 3084 suerat.
284 3013 335 3104 [N.
353 3014 464 3098 jahrb.
486 3011 508 3078 s.
533 3011 649 3077 Philol.
673 3009 748 3076 CIII
773 3011 851 3076 1871
878 3034 909 3096 p.
925 3012 1117 3101 683-7051.

207 3117 479 3184 Theodoretua
507 3114 679 3198 episcopus
707 3111 860 3198 Cyrensis
890 3114 976 3181 idem
1004 3136 1099 3200 quem
1125 3136 1223 3200 supra
1250 3138 1282 3200 p.
1300 3119 1341 3182 10
1369 3117 1482 3182 strinxi

113 3219 320 3306 amplissima
342 3217 485 3286 servavit
514 3237 554 3284 ex
584 3214 744 3282 communi
772 3215 828 3280 illo
855 3215 945 3282 sonte
968 3223 1136 3302 excerpta,
1168 3238 1261 3302 quae,
1290 3217 1317 3282 si
1339 3217 1482 3304 excipias

112 3323 220 3390 verba
242 3321 357 3406 quihus
378 3321 435 3386 ille
455 3319 610 3402 abundat,
634 3323 700 3382 tam
716 3336 790 3382 raro
808 3318 815 3348 ¹
838 3325 913 3384 sunt
935 3317 1068 3386 arbitrio
1091 3319 1284 3403 adulterata,
1307 3327 1342 3385 ut
1357 3341 1482 3387 summa

114 3426 185 3492 illis
205 3423 287 3490 fides
310 3422 462 3488 habenda
477 3422 528 3488 sit.
560 3421 670 3486 insunt
686 3420 819 3502 eclogae
834 3420 868 3486 in
884 3420 1081 3486 Graecarum
1096 3422 1300 3487 affectionum
1315 3421 1482 3489 curatione

112 3513 288 3612 [blictrudis
322 3526 507 3609 παθημάτων
540 3524 735 3608 θεραπευτικὴ
763 3543 827 3590 ree.
850 3523 909 3588 Th.
933 3522 1096 3588 Gaisford.
1120 3521 1222 3588 Oxou.
1248 3521 1359 3610 1839],
1394 3523 1483 3590 euius

111 3631 200 3697 liber
222 3629 266 3694 IV
295 3627 372 3693 inde
394 3646 415 3692 a
436 3629 499 3692 cb
522 3633 676 3711 excerpta
702 3627 802 3693 habet
824 3624 973 3692 Placit.3
996 3632 1363 3690 12—1e.21-23.25.26.
1398 3627 1483 3693 unde

112 3754 190 3800 cum
217 3727 410 3796 Plutarchus
434 3737 473 3790 18.
494 3735 536 3789 21.
556 3736 598 3789 ιι.
617 3737 667 3804 25,
690 3729 851 3796 Stobceus
876 3739 916 3792 lt.
938 3733 1049 3790 15-26
1072 3725 1312 3810 compilaverit,
1346 3737 1483 3812 apparet

112 3841 238 3919 quanto
261 3831 364 3914 magis
385 3830 442 3896 ille
463 3829 589 3918 pristini
613 3833 808 3917 exemplaris
826 3833 1006 3898 ubertatem
1021 3826 1228 3910 adsequatur.
1262 3837 1400 3912 augetur
1415 3831 1483 3915 phi-

112 3935 326 4021 losophorum
344 3933 442 3999 index
458 3932 661 3999 Parmenidis
683 3940 716 4000 et
731 3933 854 4000 Melissi
867 3930 1060 4012 nominibus,
1084 3928 1220 3994 aliorum
1235 3930 1319 3996 tituli
1335 3939 1482 3998 crescunt

111 4041 168 4106 vel
185 4039 312 4124 patriae
326 4043 362 4101 ut
378 4035 540 4102 Stratonis
561 4035 614 4102 vel
636 4035 754 4102 aetatis
777 4041 812 4100 ut
830 4032 960 4118 Epicuri
982 4032 1034 4097 vel
1057 4031 1261 4097 decretorum
1283 4035 1482 4100 accuratiore

112 4141 345 4225 descriptione.
395 4137 578 4224 explicandi
612 4137 718 4221 gratia
750 4136 890 4222 paucula
922 4133 1087 4200 addidisse
1121 4133 1360 4200 Theodorctum
1392 4137 1482 4204 velut

113 4247 134 4324 ξ
152 4245 194 4310 18
209 4243 231 4327 ²,
253 4263 320 4308 non
341 4247 391 4308 est
414 4242 500 4324 qued
521 4239 628 4306 acrius
650 4239 815 4323 castigem.

200 4344 253 4410 Ad
271 4345 322 4410 15
345 4343 530 4410 dubitanter
544 4341 656 4409 retuli
671 4360 756 4424 quae
770 4341 815 4407 IV
833 4341 872 4407 12
895 4339 1032 4426 Hippasi
1055 4345 1088 4404 et
1102 4337 1258 4403 Heracliti
1274 4337 1316 4403 de
1331 4337 1480 4404 universo

112 4447 255 4514 traditur
277 4445 448 4513 sententia.
492 4442 551 4510 sed
572 4443 710 4508 inveniri
734 4443 837 4527 possit
859 4443 957 4509 etiam
985 4441 1052 4506 alia
1073 4441 1192 4505 idonea
1214 4439 1318 4506 sedes.
1363 4438 1440 4522 quin
1463 4461 1481 4506 e

112 4549 250 4616 Placitis
273 4568 314 4615 ea
335 4555 488 4634 excerpta
511 4545 563 4630 sit,
586 4545 746 4612 dubitatio
769 4553 818 4612 est
840 4545 939 4610 nulla.
1223 4549 1225 4553 ’

187 4741 195 4772 ¹
216 4744 325 4793 tortasse
336 4741 550 4806 philosophorum
563 4739 658 4802 patrias
672 4745 698 4788 et
710 4737 844 4801 magistros
857 4735 965 4785 subinde
978 4749 1010 4784 ex
1022 4747 1070 4784 sua
1081 4733 1205 4783 memoria
1217 4732 1317 4782 addidit
1334 4733 1479 4796 cf.169sq.

112 4827 160 4878 aad
179 4829 231 4877 hoc
250 4828 419 4878 demonstrari
439 4811 536 4890 ne'quit.
1262 4869 1265 4874 .

185 4910 197 4944 ¹
215 4911 357 4965 salaboldi
372 4941 401 4950 -
416 4909 559 4978 παλλόμενα
573 4920 717 4964 atomorum
732 4910 848 4961 definitio
861 4912 976 4960 manavit
986 4926 1018 4959 ex
1034 4909 1140 4958 Aristot.
1152 4907 1177 4957 d.
1191 4907 1304 4957 animal
1318 4903 1334 4955 ‘2
1348 4903 1443 4970 paor.
1453 4903 1478 4968 3,

112 5019 192 5066 quem
211 5011 296 5054 umen
315 5004 385 5054 haud
403 5004 456 5053 acio
475 5017 508 5051 an
528 5003 581 5065 ipsc
600 5018 653 5052 non
671 5000 840 5064 usurpaverit.
