<?xml version="1.0" encoding="UTF-8"?>
<!DOCTYPE html PUBLIC "-//W3C//DTD XHTML 1.0 Transitional//EN"
    "http://www.w3.org/TR/xhtml1/DTD/xhtml1-transitional.dtd">
<html xmlns="http://www.w3.org/1999/xhtml" xml:lang="en" lang="en">
 <head>
  <title>
</title>
<meta http-equiv="Content-Type" content="text/html;charset=utf-8" />
  <meta name='ocr-system' content='tesseract 3.04.00' />
  <meta name='ocr-capabilities' content='ocr_page ocr_carea ocr_par ocr_line ocrx_word'/>
</head>
<body>
  <div class='ocr_page' id='page_1' title='image "./doxographigraec01dielgoog/doxographigraec01dielgoog_0261.png"; bbox 0 0 3756 5736; ppageno 0'>
   <div class='ocr_carea' id='block_1_1' title="bbox 309 345 1380 410">
    <p class='ocr_par' dir='ltr' id='par_1_1' title="bbox 309 345 1380 410">
     <span class='ocr_line' id='line_1_1' title="bbox 309 345 1380 410; baseline -0.013 0"><span class='ocrx_word' id='word_1_1' title='bbox 309 347 372 410; x_wconf 88' lang='grc'>246</span> <span class='ocrx_word' id='word_1_2' title='bbox 601 349 694 398; x_wconf 85' lang='lat' dir='ltr'>xvrrr</span> <span class='ocrx_word' id='word_1_3' title='bbox 730 348 779 398; x_wconf 82' lang='lat' dir='ltr'>nn</span> <span class='ocrx_word' id='word_1_4' title='bbox 800 347 939 398; x_wconf 78' lang='lat' dir='ltr'>anunm</span> <span class='ocrx_word' id='word_1_5' title='bbox 958 346 1129 396; x_wconf 75' lang='lat' dir='ltr'>ursronrn</span> <span class='ocrx_word' id='word_1_6' title='bbox 1148 345 1380 398; x_wconf 73' lang='lat' dir='ltr'>corrosores</span> 
     </span>
    </p>
   </div>
   <div class='ocr_carea' id='block_1_2' title="bbox 309 515 1674 1014">
    <p class='ocr_par' dir='ltr' id='par_1_2' title="bbox 309 515 1670 806">
     <span class='ocr_line' id='line_1_2' title="bbox 309 515 1670 602; baseline 0.001 -23"><span class='ocrx_word' id='word_1_7' title='bbox 309 519 342 579; x_wconf 85' lang='grc' dir='ltr'>δὲ</span> <span class='ocrx_word' id='word_1_8' title='bbox 364 521 598 602; x_wconf 80' lang='grc' dir='ltr'>κατολιγωρήσας</span> <span class='ocrx_word' id='word_1_9' title='bbox 621 519 661 586; x_wconf 82' lang='grc' dir='ltr'>ὥς</span> <span class='ocrx_word' id='word_1_10' title='bbox 682 541 755 586; x_wconf 80' lang='grc' dir='ltr'>τινες</span> <span class='ocrx_word' id='word_1_11' title='bbox 778 518 953 600; x_wconf 82' lang='grc' dir='ltr'>ὑπειλήφασι</span> <span class='ocrx_word' id='word_1_12' title='bbox 975 522 1027 600; x_wconf 79' lang='grc' dir='ltr'>τῆς</span> <span class='ocrx_word' id='word_1_13' title='bbox 1049 518 1124 580; x_wconf 83' lang='grc' dir='ltr'>κατὰ</span> <span class='ocrx_word' id='word_1_14' title='bbox 1146 515 1318 600; x_wconf 79' lang='grc' dir='ltr'>φιλοσοφίαν</span> <span class='ocrx_word' id='word_1_15' title='bbox 1341 519 1516 599; x_wconf 82' lang='grc' dir='ltr'>σεμνότητος</span> <span class='ocrx_word' id='word_1_16' title='bbox 1538 518 1586 579; x_wconf 84' lang='grc' dir='ltr'>ἐπί</span> <span class='ocrx_word' id='word_1_17' title='bbox 1607 540 1670 580; x_wconf 87' lang='grc' dir='ltr'>τινα</span> 
     </span>
     <span class='ocr_line' id='line_1_3' title="bbox 309 619 1670 706; baseline 0.001 -26"><span class='ocrx_word' id='word_1_18' title='bbox 309 619 415 704; x_wconf 85' lang='grc' dir='ltr'>τρόπον</span> <span class='ocrx_word' id='word_1_19' title='bbox 431 621 626 706; x_wconf 75' lang='grc' dir='ltr'>μετελήλυθεν</span> <span class='ocrx_word' id='word_1_20' title='bbox 643 621 684 702; x_wconf 69' lang='lat' dir='ltr'>[l]</span> <span class='ocrx_word' id='word_1_21' title='bbox 708 619 742 684; x_wconf 82' lang='grc' dir='ltr'>οὐ</span> <span class='ocrx_word' id='word_1_22' title='bbox 762 621 837 684; x_wconf 89' lang='grc' dir='ltr'>πάνυ</span> <span class='ocrx_word' id='word_1_23' title='bbox 852 619 932 702; x_wconf 84' lang='grc' dir='ltr'>παρὰ</span> <span class='ocrx_word' id='word_1_24' title='bbox 946 623 1006 687; x_wconf 87' lang='grc' dir='ltr'>τοῖς</span> <span class='ocrx_word' id='word_1_25' title='bbox 1021 619 1152 704; x_wconf 80' lang='grc' dir='ltr'>ἀκριβέσι</span> <span class='ocrx_word' id='word_1_26' title='bbox 1174 623 1232 682; x_wconf 83' lang='grc' dir='ltr'>τῶν</span> <span class='ocrx_word' id='word_1_27' title='bbox 1255 621 1423 704; x_wconf 82' lang='grc' dir='ltr'>φιλοσόφων</span> <span class='ocrx_word' id='word_1_28' title='bbox 1446 621 1670 703; x_wconf 77' lang='grc' dir='ltr'>εὐδοκιμηκότα.</span> 
     </span>
     <span class='ocr_line' id='line_1_4' title="bbox 310 718 1670 806; baseline -0.001 -20"><span class='ocrx_word' id='word_1_29' title='bbox 310 721 369 788; x_wconf 90' lang='lat' dir='ltr'>sed</span> <span class='ocrx_word' id='word_1_30' title='bbox 390 722 478 788; x_wconf 89' lang='lat' dir='ltr'>enim</span> <span class='ocrx_word' id='word_1_31' title='bbox 498 723 586 806; x_wconf 89' lang='lat' dir='ltr'>apud</span> <span class='ocrx_word' id='word_1_32' title='bbox 607 722 777 788; x_wconf 85' lang='lat' dir='ltr'>inferiores</span> <span class='ocrx_word' id='word_1_33' title='bbox 799 739 926 804; x_wconf 92' lang='lat' dir='ltr'>quoque</span> <span class='ocrx_word' id='word_1_34' title='bbox 948 718 1099 802; x_wconf 73' lang='lat' dir='ltr'><strong>Epicurei</strong></span> <span class='ocrx_word' id='word_1_35' title='bbox 1122 720 1288 803; x_wconf 90' lang='lat' dir='ltr'>perpetuis</span> <span class='ocrx_word' id='word_1_36' title='bbox 1314 721 1495 787; x_wconf 85' lang='lat' dir='ltr'>maledictis</span> <span class='ocrx_word' id='word_1_37' title='bbox 1521 719 1670 802; x_wconf 82' lang='lat' dir='ltr'>figuntur.</span> 
     </span>
    </p>

    <p class='ocr_par' dir='ltr' id='par_1_3' title="bbox 312 820 1674 1014">
     <span class='ocr_line' id='line_1_5' title="bbox 397 820 1673 907; baseline 0 -19"><span class='ocrx_word' id='word_1_38' title='bbox 397 823 487 889; x_wconf 86' lang='lat' dir='ltr'>Nihil</span> <span class='ocrx_word' id='word_1_39' title='bbox 509 824 550 890; x_wconf 91' lang='lat' dir='ltr'>de</span> <span class='ocrx_word' id='word_1_40' title='bbox 571 823 661 890; x_wconf 82' lang='lat' dir='ltr'>sonte</span> <span class='ocrx_word' id='word_1_41' title='bbox 684 842 838 907; x_wconf 85' lang='lat' dir='ltr'>expresso</span> <span class='ocrx_word' id='word_1_42' title='bbox 860 822 1013 886; x_wconf 87' lang='lat' dir='ltr'>docemur</span> <span class='ocrx_word' id='word_1_43' title='bbox 1036 842 1061 887; x_wconf 91' lang='lat' dir='ltr'>c.</span> <span class='ocrx_word' id='word_1_44' title='bbox 1078 823 1114 905; x_wconf 88' lang='lat'>4,</span> <span class='ocrx_word' id='word_1_45' title='bbox 1137 820 1192 886; x_wconf 90' lang='lat' dir='ltr'>ubi</span> <span class='ocrx_word' id='word_1_46' title='bbox 1214 820 1413 904; x_wconf 82' lang='lat' dir='ltr'>singularum</span> <span class='ocrx_word' id='word_1_47' title='bbox 1435 827 1596 888; x_wconf 87' lang='lat' dir='ltr'>sectarum</span> <span class='ocrx_word' id='word_1_48' title='bbox 1617 843 1673 888; x_wconf 86' lang='lat' dir='ltr'>no·</span> 
     </span>
     <span class='ocr_line' id='line_1_6' title="bbox 312 922 1674 1014; baseline 0 -23"><span class='ocrx_word' id='word_1_49' title='bbox 312 945 386 992; x_wconf 91' lang='lat' dir='ltr'>men</span> <span class='ocrx_word' id='word_1_50' title='bbox 410 926 496 992; x_wconf 91' lang='lat' dir='ltr'>unde</span> <span class='ocrx_word' id='word_1_51' title='bbox 518 925 633 1014; x_wconf 86' lang='lat' dir='ltr'>cuique</span> <span class='ocrx_word' id='word_1_52' title='bbox 654 924 791 990; x_wconf 92' lang='lat' dir='ltr'>inditum</span> <span class='ocrx_word' id='word_1_53' title='bbox 813 922 865 1006; x_wconf 89' lang='lat' dir='ltr'>sit,</span> <span class='ocrx_word' id='word_1_54' title='bbox 888 922 1082 988; x_wconf 86' lang='lat' dir='ltr'>scholastico</span> <span class='ocrx_word' id='word_1_55' title='bbox 1103 943 1193 989; x_wconf 90' lang='lat' dir='ltr'>more</span> <span class='ocrx_word' id='word_1_56' title='bbox 1208 923 1386 990; x_wconf 73' lang='lat' dir='ltr'>disseritur.</span> <span class='ocrx_word' id='word_1_57' title='bbox 1420 923 1567 990; x_wconf 89' lang='lat' dir='ltr'>similiter</span> <span class='ocrx_word' id='word_1_58' title='bbox 1581 944 1674 1008; x_wconf 89' lang='lat' dir='ltr'>prae-</span> 
     </span>
    </p>
   </div>
   <div class='ocr_carea' id='block_1_3' title="bbox 312 1023 1684 4996">
    <p class='ocr_par' dir='ltr' id='par_1_4' title="bbox 312 1023 1679 2231">
     <span class='ocr_line' id='line_1_7' title="bbox 312 1023 1674 1111; baseline -0.002 -17"><span class='ocrx_word' id='word_1_59' title='bbox 312 1028 428 1094; x_wconf 87' lang='lat' dir='ltr'><strong>ludunt</strong></span> <span class='ocrx_word' id='word_1_60' title='bbox 442 1028 626 1094; x_wconf 86' lang='lat' dir='ltr'>Aristotelis</span> <span class='ocrx_word' id='word_1_61' title='bbox 647 1025 968 1111; x_wconf 79' lang='lat' dir='ltr'>interpretationibus</span> <span class='ocrx_word' id='word_1_62' title='bbox 983 1023 1167 1108; x_wconf 83' lang='lat' dir='ltr'>Simplicius</span> <span class='ocrx_word' id='word_1_63' title='bbox 1188 1024 1222 1090; x_wconf 92' lang='lat' dir='ltr'>in</span> <span class='ocrx_word' id='word_1_64' title='bbox 1238 1025 1351 1108; x_wconf 83' lang='lat' dir='ltr'>Oateg.</span> <span class='ocrx_word' id='word_1_65' title='bbox 1374 1027 1513 1110; x_wconf 75' lang='lat' dir='ltr'>praet-b</span> <span class='ocrx_word' id='word_1_66' title='bbox 1535 1025 1590 1091; x_wconf 83' lang='lat' dir='ltr'>sol.</span> <span class='ocrx_word' id='word_1_67' title='bbox 1609 1028 1674 1110; x_wconf 78' lang='grc'>111,</span> 
     </span>
     <span class='ocr_line' id='line_1_8' title="bbox 312 1125 1674 1213; baseline -0.001 -17"><span class='ocrx_word' id='word_1_68' title='bbox 312 1131 501 1196; x_wconf 87' lang='lat' dir='ltr'>Ammonius</span> <span class='ocrx_word' id='word_1_69' title='bbox 528 1131 562 1195; x_wconf 94' lang='lat' dir='ltr'>in</span> <span class='ocrx_word' id='word_1_70' title='bbox 591 1129 703 1212; x_wconf 81' lang='lat' dir='ltr'>Categ.</span> <span class='ocrx_word' id='word_1_71' title='bbox 719 1128 782 1194; x_wconf 75' lang='lat' dir='ltr'>Aa</span> <span class='ocrx_word' id='word_1_72' title='bbox 808 1127 863 1192; x_wconf 86' lang='lat' dir='ltr'>lol.</span> <span class='ocrx_word' id='word_1_73' title='bbox 882 1129 902 1192; x_wconf 92' lang='grc'><strong>2</strong></span> <span class='ocrx_word' id='word_1_74' title='bbox 923 1147 945 1192; x_wconf 89' lang='lat' dir='ltr'>a</span> <span class='ocrx_word' id='word_1_75' title='bbox 967 1125 1055 1208; x_wconf 77' lang='lat' dir='ltr'>ald,</span> <span class='ocrx_word' id='word_1_76' title='bbox 1088 1127 1197 1192; x_wconf 88' lang='lat' dir='ltr'>David</span> <span class='ocrx_word' id='word_1_77' title='bbox 1224 1127 1324 1194; x_wconf 90' lang='lat' dir='ltr'>schol.</span> <span class='ocrx_word' id='word_1_78' title='bbox 1348 1129 1468 1194; x_wconf 89' lang='lat' dir='ltr'>Brand.</span> <span class='ocrx_word' id='word_1_79' title='bbox 1491 1149 1522 1212; x_wconf 91' lang='lat' dir='ltr'>p.</span> <span class='ocrx_word' id='word_1_80' title='bbox 1540 1129 1599 1195; x_wconf 84' lang='grc'>22·</span> <span class='ocrx_word' id='word_1_81' title='bbox 1621 1131 1674 1213; x_wconf 81' lang='grc'>42,</span> 
     </span>
     <span class='ocr_line' id='line_1_9' title="bbox 314 1228 1675 1316; baseline -0.003 -18"><span class='ocrx_word' id='word_1_82' title='bbox 314 1233 515 1316; x_wconf 87' lang='lat' dir='ltr'>Philoponus</span> <span class='ocrx_word' id='word_1_83' title='bbox 541 1232 618 1298; x_wconf 86' lang='lat' dir='ltr'>ibid.</span> <span class='ocrx_word' id='word_1_84' title='bbox 646 1253 677 1315; x_wconf 87' lang='lat' dir='ltr'>p.</span> <span class='ocrx_word' id='word_1_85' title='bbox 700 1233 763 1296; x_wconf 69' lang='lat'>34¹³</span> <span class='ocrx_word' id='word_1_86' title='bbox 786 1231 837 1296; x_wconf 87' lang='grc'>23.</span> <span class='ocrx_word' id='word_1_87' title='bbox 882 1248 988 1310; x_wconf 89' lang='lat' dir='ltr'>neque</span> <span class='ocrx_word' id='word_1_88' title='bbox 1015 1233 1125 1293; x_wconf 86' lang='lat' dir='ltr'>tamon</span> <span class='ocrx_word' id='word_1_89' title='bbox 1151 1228 1228 1295; x_wconf 90' lang='lat' dir='ltr'>inde</span> <span class='ocrx_word' id='word_1_90' title='bbox 1257 1229 1341 1295; x_wconf 87' lang='lat' dir='ltr'>hano</span> <span class='ocrx_word' id='word_1_91' title='bbox 1366 1229 1523 1314; x_wconf 87' lang='lat' dir='ltr'>prooemii</span> <span class='ocrx_word' id='word_1_92' title='bbox 1550 1236 1675 1314; x_wconf 91' lang='lat' dir='ltr'>partem</span> 
     </span>
     <span class='ocr_line' id='line_1_10' title="bbox 313 1330 1675 1400; baseline -0.001 -2"><span class='ocrx_word' id='word_1_93' title='bbox 313 1335 441 1400; x_wconf 82' lang='lat' dir='ltr'>novicio</span> <span class='ocrx_word' id='word_1_94' title='bbox 460 1355 550 1400; x_wconf 89' lang='lat' dir='ltr'>more</span> <span class='ocrx_word' id='word_1_95' title='bbox 565 1355 586 1400; x_wconf 87' lang='lat' dir='ltr'>a</span> <span class='ocrx_word' id='word_1_96' title='bbox 601 1333 729 1400; x_wconf 80' lang='lat' dir='ltr'>Gelono</span> <span class='ocrx_word' id='word_1_97' title='bbox 746 1331 891 1397; x_wconf 90' lang='lat' dir='ltr'>additam</span> <span class='ocrx_word' id='word_1_98' title='bbox 907 1351 980 1397; x_wconf 87' lang='lat' dir='ltr'>esse</span> <span class='ocrx_word' id='word_1_99' title='bbox 995 1337 1083 1396; x_wconf 90' lang='lat' dir='ltr'>recte</span> <span class='ocrx_word' id='word_1_100' title='bbox 1099 1330 1282 1396; x_wconf 90' lang='lat' dir='ltr'>concludas.</span> <span class='ocrx_word' id='word_1_101' title='bbox 1317 1333 1409 1398; x_wconf 90' lang='lat' dir='ltr'>testis</span> <span class='ocrx_word' id='word_1_102' title='bbox 1425 1340 1554 1398; x_wconf 88' lang='lat' dir='ltr'>estnon</span> <span class='ocrx_word' id='word_1_103' title='bbox 1573 1333 1675 1398; x_wconf 89' lang='lat' dir='ltr'>solum</span> 
     </span>
     <span class='ocr_line' id='line_1_11' title="bbox 313 1432 1676 1522; baseline -0.001 -20"><span class='ocrx_word' id='word_1_104' title='bbox 313 1437 511 1522; x_wconf 84' lang='lat' dir='ltr'>Hippolytus</span> <span class='ocrx_word' id='word_1_105' title='bbox 525 1438 541 1502; x_wconf 96' lang='grc' dir='ltr'>Ι</span> <span class='ocrx_word' id='word_1_106' title='bbox 556 1438 599 1502; x_wconf 90' lang='grc'>20</span> <span class='ocrx_word' id='word_1_107' title='bbox 621 1457 652 1519; x_wconf 90' lang='lat' dir='ltr'>p.</span> <span class='ocrx_word' id='word_1_108' title='bbox 668 1436 712 1500; x_wconf 85' lang='lat'>40</span> <span class='ocrx_word' id='word_1_109' title='bbox 733 1434 821 1499; x_wconf 75' lang='lat' dir='ltr'>(lott.</span> <span class='ocrx_word' id='word_1_110' title='bbox 846 1453 911 1498; x_wconf 91' lang='lat' dir='ltr'>non</span> <span class='ocrx_word' id='word_1_111' title='bbox 934 1433 1031 1498; x_wconf 84' lang='lat' dir='ltr'>valde</span> <span class='ocrx_word' id='word_1_112' title='bbox 1052 1432 1219 1515; x_wconf 87' lang='lat' dir='ltr'>antiquum</span> <span class='ocrx_word' id='word_1_113' title='bbox 1240 1433 1307 1499; x_wconf 90' lang='lat' dir='ltr'>illic</span> <span class='ocrx_word' id='word_1_114' title='bbox 1326 1434 1514 1518; x_wconf 77' lang='lat' dir='ltr'>scriptorem</span> <span class='ocrx_word' id='word_1_115' title='bbox 1538 1440 1676 1518; x_wconf 88' lang='lat' dir='ltr'>secutus,</span> 
     </span>
     <span class='ocr_line' id='line_1_12' title="bbox 315 1535 1677 1619; baseline -0.001 -15"><span class='ocrx_word' id='word_1_116' title='bbox 315 1539 373 1604; x_wconf 90' lang='lat' dir='ltr'>sed</span> <span class='ocrx_word' id='word_1_117' title='bbox 396 1537 495 1604; x_wconf 88' lang='lat' dir='ltr'>etiam</span> <span class='ocrx_word' id='word_1_118' title='bbox 517 1538 668 1604; x_wconf 82' lang='lat' dir='ltr'>Laertius</span> <span class='ocrx_word' id='word_1_119' title='bbox 685 1537 701 1600; x_wconf 93' lang='lat'><em>1</em></span> <span class='ocrx_word' id='word_1_120' title='bbox 718 1536 756 1600; x_wconf 80' lang='lat'>17</span> <span class='ocrx_word' id='word_1_121' title='bbox 782 1535 832 1600; x_wconf 89' lang='lat' dir='ltr'>cui</span> <span class='ocrx_word' id='word_1_122' title='bbox 855 1535 961 1601; x_wconf 86' lang='lat' dir='ltr'>fontes</span> <span class='ocrx_word' id='word_1_123' title='bbox 985 1535 1012 1600; x_wconf 92' lang='lat' dir='ltr'>si</span> <span class='ocrx_word' id='word_1_124' title='bbox 1034 1555 1100 1599; x_wconf 94' lang='lat' dir='ltr'>non</span> <span class='ocrx_word' id='word_1_125' title='bbox 1123 1536 1262 1619; x_wconf 89' lang='lat' dir='ltr'>optimos</span> <span class='ocrx_word' id='word_1_126' title='bbox 1283 1541 1318 1600; x_wconf 88' lang='lat' dir='ltr'>at</span> <span class='ocrx_word' id='word_1_127' title='bbox 1340 1543 1468 1602; x_wconf 86' lang='lat' dir='ltr'>veteres</span> <span class='ocrx_word' id='word_1_128' title='bbox 1489 1543 1598 1602; x_wconf 73' lang='lat' dir='ltr'>tamm</span> <span class='ocrx_word' id='word_1_129' title='bbox 1620 1537 1677 1603; x_wconf 95' lang='lat' dir='ltr'>illo</span> 
     </span>
     <span class='ocr_line' id='line_1_13' title="bbox 314 1635 1678 1724; baseline 0.001 -19"><span class='ocrx_word' id='word_1_130' title='bbox 314 1642 387 1706; x_wconf 91' lang='lat' dir='ltr'>loco</span> <span class='ocrx_word' id='word_1_131' title='bbox 410 1640 454 1706; x_wconf 88' lang='lat' dir='ltr'>ad</span> <span class='ocrx_word' id='word_1_132' title='bbox 475 1659 590 1706; x_wconf 88' lang='lat' dir='ltr'>manus</span> <span class='ocrx_word' id='word_1_133' title='bbox 611 1639 712 1704; x_wconf 77' lang='lat' dir='ltr'>lmsse</span> <span class='ocrx_word' id='word_1_134' title='bbox 733 1641 870 1703; x_wconf 90' lang='lat' dir='ltr'>constat.</span> <span class='ocrx_word' id='word_1_135' title='bbox 906 1637 1004 1719; x_wconf 80' lang='lat' dir='ltr'>quid?</span> <span class='ocrx_word' id='word_1_136' title='bbox 1038 1637 1151 1703; x_wconf 81' lang='lat' dir='ltr'>Cicero</span> <span class='ocrx_word' id='word_1_137' title='bbox 1175 1635 1491 1724; x_wconf 80' lang='lat' dir='ltr'>ubi[Acad.1417]</span> <span class='ocrx_word' id='word_1_138' title='bbox 1515 1639 1678 1723; x_wconf 85' lang='lat' dir='ltr'>Peripate-</span> 
     </span>
     <span class='ocr_line' id='line_1_14' title="bbox 318 1738 1679 1826; baseline 0 -18"><span class='ocrx_word' id='word_1_139' title='bbox 318 1742 400 1808; x_wconf 90' lang='lat' dir='ltr'>ticos</span> <span class='ocrx_word' id='word_1_140' title='bbox 422 1743 464 1808; x_wconf 88' lang='lat' dir='ltr'>ab</span> <span class='ocrx_word' id='word_1_141' title='bbox 480 1740 722 1824; x_wconf 80' lang='lat' dir='ltr'>inambulando,</span> <span class='ocrx_word' id='word_1_142' title='bbox 745 1739 960 1805; x_wconf 88' lang='lat' dir='ltr'>Academicos</span> <span class='ocrx_word' id='word_1_143' title='bbox 981 1739 1024 1805; x_wconf 91' lang='lat' dir='ltr'>ab</span> <span class='ocrx_word' id='word_1_144' title='bbox 1038 1738 1216 1804; x_wconf 87' lang='lat' dir='ltr'>Academia</span> <span class='ocrx_word' id='word_1_145' title='bbox 1231 1738 1334 1804; x_wconf 89' lang='lat' dir='ltr'>dictos</span> <span class='ocrx_word' id='word_1_146' title='bbox 1352 1758 1425 1806; x_wconf 89' lang='lat' dir='ltr'>csse</span> <span class='ocrx_word' id='word_1_147' title='bbox 1440 1738 1549 1826; x_wconf 77' lang='lat' dir='ltr'>refert,</span> <span class='ocrx_word' id='word_1_148' title='bbox 1571 1762 1679 1808; x_wconf 91' lang='lat' dir='ltr'>nonne</span> 
     </span>
     <span class='ocr_line' id='line_1_15' title="bbox 316 1838 1678 1928; baseline 0.001 -19"><span class='ocrx_word' id='word_1_149' title='bbox 316 1843 433 1910; x_wconf 85' lang='lat' dir='ltr'>similia</span> <span class='ocrx_word' id='word_1_150' title='bbox 460 1843 525 1910; x_wconf 87' lang='lat' dir='ltr'>iam</span> <span class='ocrx_word' id='word_1_151' title='bbox 552 1843 586 1907; x_wconf 93' lang='lat' dir='ltr'>in</span> <span class='ocrx_word' id='word_1_152' title='bbox 608 1842 760 1908; x_wconf 86' lang='lat' dir='ltr'>Antiochi</span> <span class='ocrx_word' id='word_1_153' title='bbox 781 1842 990 1908; x_wconf 88' lang='lat' dir='ltr'>Ascalonitae</span> <span class='ocrx_word' id='word_1_154' title='bbox 1017 1841 1129 1906; x_wconf 89' lang='lat' dir='ltr'>schola</span> <span class='ocrx_word' id='word_1_155' title='bbox 1152 1838 1202 1927; x_wconf 79' lang='lat' dir='ltr'>[os.</span> <span class='ocrx_word' id='word_1_156' title='bbox 1224 1841 1281 1906; x_wconf 87' lang='grc'>14</span> <span class='ocrx_word' id='word_1_157' title='bbox 1304 1839 1347 1928; x_wconf 85' lang='grc'>14]</span> <span class='ocrx_word' id='word_1_158' title='bbox 1374 1841 1498 1924; x_wconf 77' lang='lat' dir='ltr'>agitata</span> <span class='ocrx_word' id='word_1_159' title='bbox 1520 1847 1678 1910; x_wconf 78' lang='lat' dir='ltr'>testatur?</span> 
     </span>
     <span class='ocr_line' id='line_1_16' title="bbox 316 1943 1677 2030; baseline 0.001 -19"><span class='ocrx_word' id='word_1_160' title='bbox 316 1948 380 2011; x_wconf 78' lang='lat' dir='ltr'>ab</span> <span class='ocrx_word' id='word_1_161' title='bbox 402 1945 628 2030; x_wconf 87' lang='lat' dir='ltr'>philosophiae</span> <span class='ocrx_word' id='word_1_162' title='bbox 654 1943 859 2010; x_wconf 85' lang='lat' dir='ltr'>definitiones</span> <span class='ocrx_word' id='word_1_163' title='bbox 888 1949 1121 2026; x_wconf 89' lang='lat' dir='ltr'>proponuntur.</span> <span class='ocrx_word' id='word_1_164' title='bbox 1165 1961 1301 2024; x_wconf 85' lang='lat' dir='ltr'>quarum</span> <span class='ocrx_word' id='word_1_165' title='bbox 1331 1943 1471 2009; x_wconf 87' lang='lat' dir='ltr'>mediam</span> <span class='ocrx_word' id='word_1_166' title='bbox 1497 1943 1677 2012; x_wconf 88' lang='lat' dir='ltr'>Stoicorum</span> 
     </span>
     <span class='ocr_line' id='line_1_17' title="bbox 317 2043 1678 2131; baseline 0 -16"><span class='ocrx_word' id='word_1_167' title='bbox 317 2068 390 2116; x_wconf 90' lang='lat' dir='ltr'>esse</span> <span class='ocrx_word' id='word_1_168' title='bbox 405 2049 489 2113; x_wconf 90' lang='lat' dir='ltr'>Plut.</span> <span class='ocrx_word' id='word_1_169' title='bbox 505 2046 618 2112; x_wconf 83' lang='lat' dir='ltr'>Placit.</span> <span class='ocrx_word' id='word_1_170' title='bbox 635 2067 777 2131; x_wconf 91' lang='lat' dir='ltr'>prooem.</span> <span class='ocrx_word' id='word_1_171' title='bbox 794 2047 814 2110; x_wconf 93' lang='grc'><strong>2</strong></span> <span class='ocrx_word' id='word_1_172' title='bbox 830 2044 1052 2112; x_wconf 87' lang='lat' dir='ltr'>confirmatum</span> <span class='ocrx_word' id='word_1_173' title='bbox 1068 2043 1235 2110; x_wconf 90' lang='lat' dir='ltr'>habemus.</span> <span class='ocrx_word' id='word_1_174' title='bbox 1267 2064 1373 2128; x_wconf 91' lang='lat' dir='ltr'>neque</span> <span class='ocrx_word' id='word_1_175' title='bbox 1389 2051 1499 2112; x_wconf 89' lang='lat' dir='ltr'>tamen</span> <span class='ocrx_word' id='word_1_176' title='bbox 1513 2047 1589 2114; x_wconf 91' lang='lat' dir='ltr'>inde</span> <span class='ocrx_word' id='word_1_177' title='bbox 1606 2068 1678 2114; x_wconf 89' lang='lat' dir='ltr'>eam</span> 
     </span>
     <span class='ocr_line' id='line_1_18' title="bbox 317 2147 1107 2231; baseline -0.008 -15"><span class='ocrx_word' id='word_1_178' title='bbox 317 2169 469 2216; x_wconf 84' lang='lat' dir='ltr'>manasse</span> <span class='ocrx_word' id='word_1_179' title='bbox 491 2147 630 2214; x_wconf 86' lang='lat' dir='ltr'>credam.</span> <span class='ocrx_word' id='word_1_180' title='bbox 674 2148 844 2214; x_wconf 81' lang='lat' dir='ltr'>rideamus</span> <span class='ocrx_word' id='word_1_181' title='bbox 867 2167 965 2231; x_wconf 89' lang='lat' dir='ltr'>porro</span> <span class='ocrx_word' id='word_1_182' title='bbox 989 2151 1107 2211; x_wconf 89' lang='lat' dir='ltr'>cetera.</span> 
     </span>
    </p>

    <p class='ocr_par' dir='ltr' id='par_1_5' title="bbox 318 2249 1684 3870">
     <span class='ocr_line' id='line_1_19' title="bbox 405 2249 1682 2337; baseline 0.002 -21"><span class='ocrx_word' id='word_1_183' title='bbox 405 2250 478 2316; x_wconf 71' lang='lat' dir='ltr'>do</span> <span class='ocrx_word' id='word_1_184' title='bbox 499 2250 663 2334; x_wconf 87' lang='lat' dir='ltr'>tripartita</span> <span class='ocrx_word' id='word_1_185' title='bbox 685 2249 894 2334; x_wconf 88' lang='lat' dir='ltr'>philosophia</span> <span class='ocrx_word' id='word_1_186' title='bbox 914 2249 1057 2330; x_wconf 91' lang='lat' dir='ltr'>docetur,</span> <span class='ocrx_word' id='word_1_187' title='bbox 1080 2267 1177 2330; x_wconf 87' lang='lat' dir='ltr'>quam</span> <span class='ocrx_word' id='word_1_188' title='bbox 1199 2249 1419 2315; x_wconf 86' lang='lat' dir='ltr'>aXenocrate</span> <span class='ocrx_word' id='word_1_189' title='bbox 1442 2251 1518 2316; x_wconf 92' lang='lat' dir='ltr'>olim</span> <span class='ocrx_word' id='word_1_190' title='bbox 1538 2255 1682 2337; x_wconf 93' lang='lat' dir='ltr'>proposi-</span> 
     </span>
     <span class='ocr_line' id='line_1_20' title="bbox 318 2347 1680 2437; baseline 0.001 -18"><span class='ocrx_word' id='word_1_191' title='bbox 318 2361 385 2419; x_wconf 87' lang='lat' dir='ltr'>tam</span> <span class='ocrx_word' id='word_1_192' title='bbox 407 2373 428 2418; x_wconf 90' lang='lat' dir='ltr'>a</span> <span class='ocrx_word' id='word_1_193' title='bbox 451 2351 568 2418; x_wconf 87' lang='lat' dir='ltr'>Stoicis</span> <span class='ocrx_word' id='word_1_194' title='bbox 591 2353 708 2418; x_wconf 92' lang='lat' dir='ltr'>deinde</span> <span class='ocrx_word' id='word_1_195' title='bbox 731 2353 890 2416; x_wconf 88' lang='lat' dir='ltr'>sancitam</span> <span class='ocrx_word' id='word_1_196' title='bbox 914 2348 965 2437; x_wconf 86' lang='lat' dir='ltr'>[cl.</span> <span class='ocrx_word' id='word_1_197' title='bbox 989 2347 1189 2432; x_wconf 87' lang='lat' dir='ltr'>Wynpersse</span> <span class='ocrx_word' id='word_1_198' title='bbox 1211 2349 1253 2415; x_wconf 92' lang='lat' dir='ltr'>de</span> <span class='ocrx_word' id='word_1_199' title='bbox 1275 2351 1461 2420; x_wconf 85' lang='lat' dir='ltr'>Xenocrate</span> <span class='ocrx_word' id='word_1_200' title='bbox 1483 2354 1586 2436; x_wconf 83' lang='lat' dir='ltr'>Lugd.</span> <span class='ocrx_word' id='word_1_201' title='bbox 1608 2355 1680 2420; x_wconf 86' lang='lat' dir='ltr'>Bet.</span> 
     </span>
     <span class='ocr_line' id='line_1_21' title="bbox 321 2449 1681 2542; baseline 0.003 -22"><span class='ocrx_word' id='word_1_202' title='bbox 321 2457 404 2520; x_wconf 86' lang='grc'>1822</span> <span class='ocrx_word' id='word_1_203' title='bbox 427 2477 457 2539; x_wconf 94' lang='lat' dir='ltr'>p.</span> <span class='ocrx_word' id='word_1_204' title='bbox 473 2453 526 2542; x_wconf 80' lang='grc'>67]</span> <span class='ocrx_word' id='word_1_205' title='bbox 550 2455 745 2538; x_wconf 82' lang='lat' dir='ltr'>Diogenesl</span> <span class='ocrx_word' id='word_1_206' title='bbox 762 2454 804 2518; x_wconf 89' lang='lat'>18</span> <span class='ocrx_word' id='word_1_207' title='bbox 827 2461 860 2519; x_wconf 90' lang='lat' dir='ltr'>et</span> <span class='ocrx_word' id='word_1_208' title='bbox 882 2449 1017 2536; x_wconf 82' lang='lat' dir='ltr'>quilibet</span> <span class='ocrx_word' id='word_1_209' title='bbox 1035 2451 1119 2516; x_wconf 86' lang='lat' dir='ltr'>alius</span> <span class='ocrx_word' id='word_1_210' title='bbox 1133 2451 1241 2518; x_wconf 87' lang='lat' dir='ltr'>tradit.</span> <span class='ocrx_word' id='word_1_211' title='bbox 1275 2473 1302 2520; x_wconf 88' lang='lat' dir='ltr'>c.</span> <span class='ocrx_word' id='word_1_212' title='bbox 1320 2455 1337 2518; x_wconf 82' lang='lat' dir='ltr'>l</span> <span class='ocrx_word' id='word_1_213' title='bbox 1361 2455 1403 2520; x_wconf 87' lang='lat' dir='ltr'>de</span> <span class='ocrx_word' id='word_1_214' title='bbox 1418 2463 1577 2522; x_wconf 87' lang='lat' dir='ltr'>sectarum</span> <span class='ocrx_word' id='word_1_215' title='bbox 1592 2457 1681 2524; x_wconf 84' lang='lat' dir='ltr'>dilie-</span> 
     </span>
     <span class='ocr_line' id='line_1_22' title="bbox 319 2552 1679 2641; baseline 0.003 -19"><span class='ocrx_word' id='word_1_216' title='bbox 319 2557 424 2623; x_wconf 90' lang='lat' dir='ltr'>rentia</span> <span class='ocrx_word' id='word_1_217' title='bbox 450 2557 592 2639; x_wconf 87' lang='lat' dir='ltr'>optimae</span> <span class='ocrx_word' id='word_1_218' title='bbox 614 2563 712 2622; x_wconf 87' lang='lat' dir='ltr'>notae</span> <span class='ocrx_word' id='word_1_219' title='bbox 735 2561 841 2622; x_wconf 90' lang='lat' dir='ltr'>estet</span> <span class='ocrx_word' id='word_1_220' title='bbox 864 2553 965 2620; x_wconf 85' lang='lat' dir='ltr'>Stoici</span> <span class='ocrx_word' id='word_1_221' title='bbox 993 2552 1120 2618; x_wconf 91' lang='lat' dir='ltr'>coloris.</span> <span class='ocrx_word' id='word_1_222' title='bbox 1163 2553 1383 2639; x_wconf 89' lang='lat' dir='ltr'>Seeptioorum</span> <span class='ocrx_word' id='word_1_223' title='bbox 1412 2559 1564 2641; x_wconf 90' lang='lat' dir='ltr'>antiquos</span> <span class='ocrx_word' id='word_1_224' title='bbox 1592 2561 1679 2626; x_wconf 92' lang='lat' dir='ltr'>solos</span> 
     </span>
     <span class='ocr_line' id='line_1_23' title="bbox 319 2654 1682 2742; baseline 0.001 -16"><span class='ocrx_word' id='word_1_225' title='bbox 319 2660 410 2726; x_wconf 89' lang='lat' dir='ltr'>novit</span> <span class='ocrx_word' id='word_1_226' title='bbox 425 2660 588 2725; x_wconf 88' lang='lat' dir='ltr'>Zenonem</span> <span class='ocrx_word' id='word_1_227' title='bbox 604 2657 833 2723; x_wconf 84' lang='lat' dir='ltr'>Anaxarchum</span> <span class='ocrx_word' id='word_1_228' title='bbox 852 2655 1065 2742; x_wconf 80' lang='lat' dir='ltr'>Pyrrhonem,</span> <span class='ocrx_word' id='word_1_229' title='bbox 1088 2654 1295 2722; x_wconf 85' lang='lat' dir='ltr'>Aenesidemi</span> <span class='ocrx_word' id='word_1_230' title='bbox 1310 2679 1375 2724; x_wconf 92' lang='lat' dir='ltr'>non</span> <span class='ocrx_word' id='word_1_231' title='bbox 1391 2660 1545 2726; x_wconf 88' lang='lat' dir='ltr'>meminit.</span> <span class='ocrx_word' id='word_1_232' title='bbox 1574 2663 1682 2728; x_wconf 89' lang='lat' dir='ltr'>Xeno-</span> 
     </span>
     <span class='ocr_line' id='line_1_24' title="bbox 320 2757 1679 2846; baseline 0.002 -20"><span class='ocrx_word' id='word_1_233' title='bbox 320 2761 439 2845; x_wconf 85' lang='lat' dir='ltr'>phanis</span> <span class='ocrx_word' id='word_1_234' title='bbox 466 2760 685 2826; x_wconf 87' lang='lat' dir='ltr'>memorabilis</span> <span class='ocrx_word' id='word_1_235' title='bbox 711 2766 761 2826; x_wconf 89' lang='lat' dir='ltr'>est</span> <span class='ocrx_word' id='word_1_236' title='bbox 788 2759 958 2842; x_wconf 90' lang='lat' dir='ltr'>memoria,</span> <span class='ocrx_word' id='word_1_237' title='bbox 988 2775 1071 2840; x_wconf 86' lang='lat' dir='ltr'>quae</span> <span class='ocrx_word' id='word_1_238' title='bbox 1093 2757 1255 2824; x_wconf 91' lang='lat' dir='ltr'>simillime</span> <span class='ocrx_word' id='word_1_239' title='bbox 1277 2761 1415 2826; x_wconf 90' lang='lat' dir='ltr'>traditur</span> <span class='ocrx_word' id='word_1_240' title='bbox 1437 2763 1525 2846; x_wconf 91' lang='lat' dir='ltr'>apud</span> <span class='ocrx_word' id='word_1_241' title='bbox 1547 2762 1679 2829; x_wconf 82' lang='lat' dir='ltr'>Sextum</span> 
     </span>
     <span class='ocr_line' id='line_1_25' title="bbox 321 2860 1681 2948; baseline 0.003 -19"><span class='ocrx_word' id='word_1_242' title='bbox 321 2863 357 2930; x_wconf 89' lang='lat' dir='ltr'>P.</span> <span class='ocrx_word' id='word_1_243' title='bbox 370 2863 411 2928; x_wconf 87' lang='grc' dir='ltr'>Η.</span> <span class='ocrx_word' id='word_1_244' title='bbox 426 2864 442 2927; x_wconf 96' lang='grc' dir='ltr'>Ι</span> <span class='ocrx_word' id='word_1_245' title='bbox 458 2865 522 2928; x_wconf 82' lang='grc'>225</span> <span class='ocrx_word' id='word_1_246' title='bbox 544 2862 583 2928; x_wconf 85' lang='lat' dir='ltr'>cf.</span> <span class='ocrx_word' id='word_1_247' title='bbox 607 2881 705 2948; x_wconf 92' lang='lat' dir='ltr'>supra</span> <span class='ocrx_word' id='word_1_248' title='bbox 727 2884 759 2946; x_wconf 93' lang='lat' dir='ltr'>p.</span> <span class='ocrx_word' id='word_1_249' title='bbox 776 2864 836 2926; x_wconf 91' lang='lat'>111</span> <span class='ocrx_word' id='word_1_250' title='bbox 849 2862 869 2926; x_wconf 81' lang='lat'>³.</span> <span class='ocrx_word' id='word_1_251' title='bbox 903 2860 966 2926; x_wconf 86' lang='lat' dir='ltr'>c.8</span> <span class='ocrx_word' id='word_1_252' title='bbox 989 2860 1030 2925; x_wconf 90' lang='lat' dir='ltr'>de</span> <span class='ocrx_word' id='word_1_253' title='bbox 1053 2860 1306 2945; x_wconf 89' lang='lat' dir='ltr'>philosophandi</span> <span class='ocrx_word' id='word_1_254' title='bbox 1328 2863 1486 2948; x_wconf 90' lang='lat' dir='ltr'>principio</span> <span class='ocrx_word' id='word_1_255' title='bbox 1509 2865 1607 2947; x_wconf 89' lang='lat' dir='ltr'>plane</span> <span class='ocrx_word' id='word_1_256' title='bbox 1630 2885 1681 2932; x_wconf 91' lang='lat' dir='ltr'>eo-</span> 
     </span>
     <span class='ocr_line' id='line_1_26' title="bbox 320 2963 1680 3050; baseline 0.002 -19"><span class='ocrx_word' id='word_1_257' title='bbox 320 2967 395 3031; x_wconf 88' lang='lat' dir='ltr'>dem</span> <span class='ocrx_word' id='word_1_258' title='bbox 418 2965 514 3030; x_wconf 91' lang='lat' dir='ltr'>modo</span> <span class='ocrx_word' id='word_1_259' title='bbox 537 2965 752 3030; x_wconf 88' lang='lat' dir='ltr'>continuatur.</span> <span class='ocrx_word' id='word_1_260' title='bbox 785 2963 920 3029; x_wconf 87' lang='lat' dir='ltr'>adverte</span> <span class='ocrx_word' id='word_1_261' title='bbox 943 2968 1100 3029; x_wconf 85' lang='lat' dir='ltr'>extrema:</span> <span class='ocrx_word' id='word_1_262' title='bbox 1123 2965 1200 3027; x_wconf 80' lang='grc' dir='ltr'>αἰτία</span> <span class='ocrx_word' id='word_1_263' title='bbox 1223 2967 1255 3028; x_wconf 81' lang='grc' dir='ltr'>δὲ</span> <span class='ocrx_word' id='word_1_264' title='bbox 1277 2965 1448 3050; x_wconf 80' lang='grc' dir='ltr'>φιλοσοφίας</span> <span class='ocrx_word' id='word_1_265' title='bbox 1462 2968 1605 3050; x_wconf 81' lang='grc' dir='ltr'>εὑρέσεώς</span> <span class='ocrx_word' id='word_1_266' title='bbox 1620 2971 1680 3034; x_wconf 84' lang='grc' dir='ltr'>ἐστι</span> 
     </span>
     <span class='ocr_line' id='line_1_27' title="bbox 321 3066 1684 3154; baseline 0.003 -23"><span class='ocrx_word' id='word_1_267' title='bbox 321 3069 395 3132; x_wconf 77' lang='grc' dir='ltr'>κατὰ</span> <span class='ocrx_word' id='word_1_268' title='bbox 419 3067 587 3152; x_wconf 82' lang='grc' dir='ltr'>Ξενοκράτη</span> <span class='ocrx_word' id='word_1_269' title='bbox 610 3069 643 3130; x_wconf 85' lang='grc' dir='ltr'>τὸ</span> <span class='ocrx_word' id='word_1_270' title='bbox 665 3067 836 3152; x_wconf 80' lang='grc' dir='ltr'>ταραχῶδες</span> <span class='ocrx_word' id='word_1_271' title='bbox 858 3066 888 3129; x_wconf 79' lang='grc' dir='ltr'>ἐν</span> <span class='ocrx_word' id='word_1_272' title='bbox 911 3072 953 3151; x_wconf 80' lang='grc' dir='ltr'>τῷ</span> <span class='ocrx_word' id='word_1_273' title='bbox 977 3067 1032 3151; x_wconf 80' lang='grc' dir='ltr'>βίῳ</span> <span class='ocrx_word' id='word_1_274' title='bbox 1055 3072 1239 3130; x_wconf 81' lang='grc' dir='ltr'>καταπαῦσαι</span> <span class='ocrx_word' id='word_1_275' title='bbox 1258 3071 1316 3130; x_wconf 84' lang='grc' dir='ltr'>τῶν</span> <span class='ocrx_word' id='word_1_276' title='bbox 1336 3071 1522 3152; x_wconf 79' lang='grc' dir='ltr'>πραγμάτων.</span> <span class='ocrx_word' id='word_1_277' title='bbox 1555 3079 1684 3154; x_wconf 85' lang='lat' dir='ltr'>praeter</span> 
     </span>
     <span class='ocr_line' id='line_1_28' title="bbox 320 3165 1681 3255; baseline 0.005 -21"><span class='ocrx_word' id='word_1_278' title='bbox 320 3171 425 3255; x_wconf 91' lang='lat' dir='ltr'>ipsam</span> <span class='ocrx_word' id='word_1_279' title='bbox 457 3169 633 3236; x_wconf 88' lang='lat' dir='ltr'>memoriae</span> <span class='ocrx_word' id='word_1_280' title='bbox 658 3167 836 3234; x_wconf 80' lang='lat' dir='ltr'>novitatem</span> <span class='ocrx_word' id='word_1_281' title='bbox 864 3165 920 3255; x_wconf 85' lang='lat' dir='ltr'>[cf.</span> <span class='ocrx_word' id='word_1_282' title='bbox 944 3166 1082 3232; x_wconf 88' lang='lat' dir='ltr'>Krische</span> <span class='ocrx_word' id='word_1_283' title='bbox 1109 3166 1227 3232; x_wconf 86' lang='lat' dir='ltr'>forsch.</span> <span class='ocrx_word' id='word_1_284' title='bbox 1250 3166 1328 3254; x_wconf 82' lang='lat'>320]</span> <span class='ocrx_word' id='word_1_285' title='bbox 1357 3173 1601 3238; x_wconf 88' lang='lat' dir='ltr'>memorandum</span> <span class='ocrx_word' id='word_1_286' title='bbox 1630 3181 1681 3240; x_wconf 90' lang='lat' dir='ltr'>est</span> 
     </span>
     <span class='ocr_line' id='line_1_29' title="bbox 321 3269 1679 3354; baseline 0.001 -15"><span class='ocrx_word' id='word_1_287' title='bbox 321 3273 455 3340; x_wconf 86' lang='lat' dir='ltr'>Sextum</span> <span class='ocrx_word' id='word_1_288' title='bbox 482 3272 525 3338; x_wconf 92' lang='lat' dir='ltr'>ab</span> <span class='ocrx_word' id='word_1_289' title='bbox 552 3271 614 3336; x_wconf 88' lang='lat' dir='ltr'>hac</span> <span class='ocrx_word' id='word_1_290' title='bbox 642 3271 828 3337; x_wconf 88' lang='lat' dir='ltr'>definitione</span> <span class='ocrx_word' id='word_1_291' title='bbox 855 3277 987 3336; x_wconf 88' lang='lat' dir='ltr'>auctore</span> <span class='ocrx_word' id='word_1_292' title='bbox 1015 3271 1119 3335; x_wconf 87' lang='lat' dir='ltr'>celato</span> <span class='ocrx_word' id='word_1_293' title='bbox 1152 3269 1380 3354; x_wconf 88' lang='lat' dir='ltr'>disputationis</span> <span class='ocrx_word' id='word_1_294' title='bbox 1407 3293 1486 3339; x_wconf 87' lang='lat' dir='ltr'>suae</span> <span class='ocrx_word' id='word_1_295' title='bbox 1512 3275 1679 3341; x_wconf 82' lang='lat' dir='ltr'>exordium</span> 
     </span>
     <span class='ocr_line' id='line_1_30' title="bbox 321 3373 1680 3464; baseline 0.001 -22"><span class='ocrx_word' id='word_1_296' title='bbox 321 3395 448 3442; x_wconf 83' lang='lat' dir='ltr'>sumere</span> <span class='ocrx_word' id='word_1_297' title='bbox 469 3375 585 3464; x_wconf 80' lang='lat' dir='ltr'>Pyrrh.</span> <span class='ocrx_word' id='word_1_298' title='bbox 606 3374 646 3439; x_wconf 91' lang='lat' dir='ltr'>H.</span> <span class='ocrx_word' id='word_1_299' title='bbox 667 3375 683 3438; x_wconf 92' lang='lat' dir='ltr'>I</span> <span class='ocrx_word' id='word_1_300' title='bbox 704 3376 744 3439; x_wconf 84' lang='lat'>12</span> <span class='ocrx_word' id='word_1_301' title='bbox 768 3375 863 3460; x_wconf 75' lang='grc' dir='ltr'>ἀρχὴν</span> <span class='ocrx_word' id='word_1_302' title='bbox 890 3374 924 3436; x_wconf 79' lang='grc' dir='ltr'>δὲ</span> <span class='ocrx_word' id='word_1_303' title='bbox 945 3378 998 3456; x_wconf 82' lang='grc' dir='ltr'>τῆς</span> <span class='ocrx_word' id='word_1_304' title='bbox 1020 3378 1176 3456; x_wconf 77' lang='grc' dir='ltr'>σκεπτικῆς</span> <span class='ocrx_word' id='word_1_305' title='bbox 1197 3373 1319 3458; x_wconf 82' lang='grc' dir='ltr'>αἰτιώδη</span> <span class='ocrx_word' id='word_1_306' title='bbox 1343 3377 1394 3458; x_wconf 82' lang='grc' dir='ltr'>μέν</span> <span class='ocrx_word' id='word_1_307' title='bbox 1417 3400 1511 3460; x_wconf 81' lang='grc' dir='ltr'>φαμεν</span> <span class='ocrx_word' id='word_1_308' title='bbox 1533 3377 1605 3442; x_wconf 79' lang='grc' dir='ltr'>εἶναι</span> <span class='ocrx_word' id='word_1_309' title='bbox 1627 3381 1680 3464; x_wconf 75' lang='grc' dir='ltr'>τὴν</span> 
     </span>
     <span class='ocr_line' id='line_1_31' title="bbox 321 3474 1680 3566; baseline 0.001 -23"><span class='ocrx_word' id='word_1_310' title='bbox 321 3479 425 3543; x_wconf 78' lang='grc' dir='ltr'>ἐλπίδα</span> <span class='ocrx_word' id='word_1_311' title='bbox 450 3483 502 3541; x_wconf 82' lang='grc' dir='ltr'>τοῦ</span> <span class='ocrx_word' id='word_1_312' title='bbox 529 3478 802 3560; x_wconf 82' lang='grc' dir='ltr'>ἀταρακτήσειν.</span> <span class='ocrx_word' id='word_1_313' title='bbox 840 3475 927 3558; x_wconf 87' lang='lat' dir='ltr'>quod</span> <span class='ocrx_word' id='word_1_314' title='bbox 953 3480 1062 3540; x_wconf 83' lang='lat' dir='ltr'>autem</span> <span class='ocrx_word' id='word_1_315' title='bbox 1084 3474 1170 3540; x_wconf 84' lang='lat' dir='ltr'>idem</span> <span class='ocrx_word' id='word_1_316' title='bbox 1193 3477 1289 3561; x_wconf 78' lang='grc' dir='ltr'>ἀρχὴν</span> <span class='ocrx_word' id='word_1_317' title='bbox 1311 3479 1433 3562; x_wconf 80' lang='grc' dir='ltr'>αἰτιώδη</span> <span class='ocrx_word' id='word_1_318' title='bbox 1459 3485 1492 3544; x_wconf 81' lang='lat' dir='ltr'>et</span> <span class='ocrx_word' id='word_1_319' title='bbox 1515 3481 1610 3566; x_wconf 80' lang='grc' dir='ltr'>ἀρχὴν</span> <span class='ocrx_word' id='word_1_320' title='bbox 1634 3503 1680 3545; x_wconf 90' lang='grc' dir='ltr'>συ-</span> 
     </span>
     <span class='ocr_line' id='line_1_32' title="bbox 321 3577 1681 3665; baseline 0.001 -19"><span class='ocrx_word' id='word_1_321' title='bbox 321 3585 450 3651; x_wconf 82' lang='grc' dir='ltr'>στάσεως</span> <span class='ocrx_word' id='word_1_322' title='bbox 477 3577 565 3665; x_wconf 90' lang='lat' dir='ltr'>[ibid.</span> <span class='ocrx_word' id='word_1_323' title='bbox 587 3599 618 3662; x_wconf 90' lang='lat' dir='ltr'>p.</span> <span class='ocrx_word' id='word_1_324' title='bbox 635 3579 665 3662; x_wconf 82' lang='lat'>5,</span> <span class='ocrx_word' id='word_1_325' title='bbox 689 3577 778 3664; x_wconf 78' lang='lat'>1413]</span> <span class='ocrx_word' id='word_1_326' title='bbox 806 3596 885 3643; x_wconf 89' lang='lat' dir='ltr'>suae</span> <span class='ocrx_word' id='word_1_327' title='bbox 911 3577 1079 3643; x_wconf 90' lang='lat' dir='ltr'>doctrinae</span> <span class='ocrx_word' id='word_1_328' title='bbox 1105 3577 1377 3664; x_wconf 88' lang='lat' dir='ltr'>accommodavit,</span> <span class='ocrx_word' id='word_1_329' title='bbox 1404 3601 1487 3663; x_wconf 89' lang='lat' dir='ltr'>quae</span> <span class='ocrx_word' id='word_1_330' title='bbox 1509 3582 1542 3648; x_wconf 92' lang='lat' dir='ltr'>in</span> <span class='ocrx_word' id='word_1_331' title='bbox 1563 3583 1681 3648; x_wconf 79' lang='lat' dir='ltr'>Galeni</span> 
     </span>
     <span class='ocr_line' id='line_1_33' title="bbox 321 3678 1681 3768; baseline 0.001 -18"><span class='ocrx_word' id='word_1_332' title='bbox 321 3685 428 3768; x_wconf 90' lang='lat' dir='ltr'>capite</span> <span class='ocrx_word' id='word_1_333' title='bbox 443 3681 575 3766; x_wconf 79' lang='lat' dir='ltr'>copiose</span> <span class='ocrx_word' id='word_1_334' title='bbox 589 3679 794 3764; x_wconf 86' lang='lat' dir='ltr'>definiuntur,</span> <span class='ocrx_word' id='word_1_335' title='bbox 809 3679 872 3745; x_wconf 91' lang='lat' dir='ltr'>hoo</span> <span class='ocrx_word' id='word_1_336' title='bbox 887 3679 945 3744; x_wconf 91' lang='lat' dir='ltr'>tibi</span> <span class='ocrx_word' id='word_1_337' title='bbox 960 3678 1120 3762; x_wconf 81' lang='lat' dir='ltr'>gravioris</span> <span class='ocrx_word' id='word_1_338' title='bbox 1134 3679 1363 3764; x_wconf 86' lang='lat' dir='ltr'>disputationis</span> <span class='ocrx_word' id='word_1_339' title='bbox 1378 3688 1541 3767; x_wconf 89' lang='lat' dir='ltr'>tamquam</span> <span class='ocrx_word' id='word_1_340' title='bbox 1554 3691 1681 3768; x_wconf 77' lang='lat' dir='ltr'>gustum</span> 
     </span>
     <span class='ocr_line' id='line_1_34' title="bbox 321 3783 647 3870; baseline -0.009 -21"><span class='ocrx_word' id='word_1_341' title='bbox 321 3785 540 3870; x_wconf 87' lang='lat' dir='ltr'>praelibatum</span> <span class='ocrx_word' id='word_1_342' title='bbox 561 3783 647 3848; x_wconf 88' lang='lat' dir='ltr'>volo.</span> 
     </span>
    </p>

    <p class='ocr_par' dir='ltr' id='par_1_6' title="bbox 321 3882 1684 4996">
     <span class='ocr_line' id='line_1_35' title="bbox 407 3882 1681 3973; baseline 0.005 -23"><span class='ocrx_word' id='word_1_343' title='bbox 407 3885 522 3967; x_wconf 82' lang='lat' dir='ltr'>Agitur</span> <span class='ocrx_word' id='word_1_344' title='bbox 544 3885 586 3949; x_wconf 93' lang='lat' dir='ltr'>de</span> <span class='ocrx_word' id='word_1_345' title='bbox 600 3882 819 3967; x_wconf 85' lang='lat' dir='ltr'>proximorum</span> <span class='ocrx_word' id='word_1_346' title='bbox 834 3884 975 3969; x_wconf 89' lang='lat' dir='ltr'>capitum</span> <span class='ocrx_word' id='word_1_347' title='bbox 999 3882 1116 3971; x_wconf 78' lang='lat'>[9-19</span> <span class='ocrx_word' id='word_1_348' title='bbox 1150 3885 1288 3972; x_wconf 80' lang='lat'>21—23]</span> <span class='ocrx_word' id='word_1_349' title='bbox 1312 3886 1445 3970; x_wconf 81' lang='lat' dir='ltr'>origine.</span> <span class='ocrx_word' id='word_1_350' title='bbox 1480 3889 1681 3973; x_wconf 90' lang='lat' dir='ltr'>quibuscum</span> 
     </span>
     <span class='ocr_line' id='line_1_36' title="bbox 321 3985 1683 4071; baseline 0.002 -16"><span class='ocrx_word' id='word_1_351' title='bbox 321 3989 508 4055; x_wconf 86' lang='lat' dir='ltr'>interiorem</span> <span class='ocrx_word' id='word_1_352' title='bbox 531 3986 757 4071; x_wconf 74' lang='lat' dir='ltr'>cognationem</span> <span class='ocrx_word' id='word_1_353' title='bbox 780 4007 852 4052; x_wconf 90' lang='lat' dir='ltr'>cum</span> <span class='ocrx_word' id='word_1_354' title='bbox 868 3988 1034 4055; x_wconf 83' lang='lat' dir='ltr'>Sextianis</span> <span class='ocrx_word' id='word_1_355' title='bbox 1055 3985 1297 4053; x_wconf 89' lang='lat' dir='ltr'>definitionibus</span> <span class='ocrx_word' id='word_1_356' title='bbox 1318 3988 1520 4058; x_wconf 89' lang='lat' dir='ltr'>intercedere</span> <span class='ocrx_word' id='word_1_357' title='bbox 1540 3993 1616 4058; x_wconf 92' lang='lat' dir='ltr'>olim</span> <span class='ocrx_word' id='word_1_358' title='bbox 1637 3993 1683 4058; x_wconf 87' lang='lat' dir='ltr'>vi-</span> 
     </span>
     <span class='ocr_line' id='line_1_37' title="bbox 321 4088 1682 4176; baseline 0.002 -18"><span class='ocrx_word' id='word_1_359' title='bbox 321 4093 456 4176; x_wconf 91' lang='lat' dir='ltr'>dissem,</span> <span class='ocrx_word' id='word_1_360' title='bbox 480 4090 588 4156; x_wconf 87' lang='lat' dir='ltr'>statim</span> <span class='ocrx_word' id='word_1_361' title='bbox 611 4089 686 4156; x_wconf 91' lang='lat' dir='ltr'>bino</span> <span class='ocrx_word' id='word_1_362' title='bbox 708 4088 868 4156; x_wconf 74' lang='lat' dir='ltr'>Galerium</span> <span class='ocrx_word' id='word_1_363' title='bbox 891 4092 1036 4175; x_wconf 89' lang='lat' dir='ltr'>copiolas</span> <span class='ocrx_word' id='word_1_364' title='bbox 1064 4110 1140 4156; x_wconf 90' lang='lat' dir='ltr'>suas</span> <span class='ocrx_word' id='word_1_365' title='bbox 1167 4090 1262 4156; x_wconf 90' lang='lat' dir='ltr'>solito</span> <span class='ocrx_word' id='word_1_366' title='bbox 1289 4112 1377 4158; x_wconf 90' lang='lat' dir='ltr'>more</span> <span class='ocrx_word' id='word_1_367' title='bbox 1404 4093 1548 4160; x_wconf 85' lang='lat' dir='ltr'>deflexas</span> <span class='ocrx_word' id='word_1_368' title='bbox 1571 4101 1603 4161; x_wconf 92' lang='lat' dir='ltr'>et</span> <span class='ocrx_word' id='word_1_369' title='bbox 1627 4095 1682 4160; x_wconf 87' lang='lat' dir='ltr'>inr-</span> 
     </span>
     <span class='ocr_line' id='line_1_38' title="bbox 321 4191 1682 4278; baseline 0.002 -18"><span class='ocrx_word' id='word_1_370' title='bbox 321 4201 463 4261; x_wconf 87' lang='lat' dir='ltr'>mutatas</span> <span class='ocrx_word' id='word_1_371' title='bbox 489 4193 611 4278; x_wconf 85' lang='lat' dir='ltr'>putaui.</span> <span class='ocrx_word' id='word_1_372' title='bbox 656 4191 731 4258; x_wconf 88' lang='lat' dir='ltr'>huic</span> <span class='ocrx_word' id='word_1_373' title='bbox 758 4193 902 4277; x_wconf 93' lang='lat' dir='ltr'>opinioni</span> <span class='ocrx_word' id='word_1_374' title='bbox 929 4195 1069 4260; x_wconf 84' lang='lat' dir='ltr'>adverso</span> <span class='ocrx_word' id='word_1_375' title='bbox 1096 4193 1202 4258; x_wconf 88' lang='lat' dir='ltr'>fronte</span> <span class='ocrx_word' id='word_1_376' title='bbox 1233 4194 1369 4260; x_wconf 86' lang='lat' dir='ltr'>occurrit</span> <span class='ocrx_word' id='word_1_377' title='bbox 1397 4195 1435 4260; x_wconf 89' lang='lat' dir='ltr'>R.</span> <span class='ocrx_word' id='word_1_378' title='bbox 1457 4197 1682 4263; x_wconf 86' lang='lat' dir='ltr'>Volkmannus</span> 
     </span>
     <span class='ocr_line' id='line_1_39' title="bbox 322 4294 1684 4384; baseline 0.001 -21"><span class='ocrx_word' id='word_1_379' title='bbox 322 4296 460 4384; x_wconf 78' lang='lat' dir='ltr'>[observ.</span> <span class='ocrx_word' id='word_1_380' title='bbox 477 4295 609 4362; x_wconf 89' lang='lat' dir='ltr'>miscell.</span> <span class='ocrx_word' id='word_1_381' title='bbox 625 4295 732 4361; x_wconf 88' lang='lat' dir='ltr'>Iaueri</span> <span class='ocrx_word' id='word_1_382' title='bbox 748 4297 831 4361; x_wconf 80' lang='grc'>1873</span> <span class='ocrx_word' id='word_1_383' title='bbox 854 4317 886 4380; x_wconf 95' lang='lat' dir='ltr'>p.</span> <span class='ocrx_word' id='word_1_384' title='bbox 903 4294 965 4382; x_wconf 83' lang='lat'>16],</span> <span class='ocrx_word' id='word_1_385' title='bbox 989 4296 1042 4379; x_wconf 91' lang='lat' dir='ltr'>qui</span> <span class='ocrx_word' id='word_1_386' title='bbox 1064 4297 1109 4361; x_wconf 86' lang='lat' dir='ltr'>ad</span> <span class='ocrx_word' id='word_1_387' title='bbox 1129 4295 1219 4379; x_wconf 92' lang='lat' dir='ltr'>ipsos</span> <span class='ocrx_word' id='word_1_388' title='bbox 1241 4294 1349 4361; x_wconf 85' lang='lat' dir='ltr'>fontes</span> <span class='ocrx_word' id='word_1_389' title='bbox 1371 4303 1541 4380; x_wconf 89' lang='lat' dir='ltr'>utrumque</span> <span class='ocrx_word' id='word_1_390' title='bbox 1562 4299 1684 4364; x_wconf 81' lang='lat' dir='ltr'>adiisse</span> 
     </span>
     <span class='ocr_line' id='line_1_40' title="bbox 321 4397 1683 4484; baseline 0 -20"><span class='ocrx_word' id='word_1_391' title='bbox 321 4399 490 4484; x_wconf 86' lang='lat' dir='ltr'>probabat.</span> <span class='ocrx_word' id='word_1_392' title='bbox 535 4399 685 4482; x_wconf 89' lang='lat' dir='ltr'>quocirca</span> <span class='ocrx_word' id='word_1_393' title='bbox 709 4398 828 4464; x_wconf 87' lang='lat' dir='ltr'>iterata</span> <span class='ocrx_word' id='word_1_394' title='bbox 857 4397 1047 4481; x_wconf 88' lang='lat' dir='ltr'>quaestione</span> <span class='ocrx_word' id='word_1_395' title='bbox 1073 4418 1140 4463; x_wconf 89' lang='lat' dir='ltr'>rom</span> <span class='ocrx_word' id='word_1_396' title='bbox 1169 4397 1276 4480; x_wconf 90' lang='lat' dir='ltr'>quoad</span> <span class='ocrx_word' id='word_1_397' title='bbox 1304 4397 1374 4463; x_wconf 92' lang='lat' dir='ltr'>fieri</span> <span class='ocrx_word' id='word_1_398' title='bbox 1401 4405 1509 4482; x_wconf 87' lang='lat' dir='ltr'>potest</span> <span class='ocrx_word' id='word_1_399' title='bbox 1534 4399 1683 4484; x_wconf 83' lang='lat' dir='ltr'>profliga-</span> 
     </span>
     <span class='ocr_line' id='line_1_41' title="bbox 321 4499 1683 4587; baseline 0.001 -21"><span class='ocrx_word' id='word_1_400' title='bbox 321 4500 435 4566; x_wconf 91' lang='lat' dir='ltr'>bimus.</span> <span class='ocrx_word' id='word_1_401' title='bbox 473 4505 571 4584; x_wconf 91' lang='lat' dir='ltr'>atque</span> <span class='ocrx_word' id='word_1_402' title='bbox 594 4501 656 4566; x_wconf 71' lang='grc' dir='ltr'>αθ</span> <span class='ocrx_word' id='word_1_403' title='bbox 679 4500 721 4566; x_wconf 92' lang='lat' dir='ltr'>de</span> <span class='ocrx_word' id='word_1_404' title='bbox 748 4501 840 4582; x_wconf 83' lang='lat' dir='ltr'>signo</span> <span class='ocrx_word' id='word_1_405' title='bbox 869 4499 950 4564; x_wconf 94' lang='lat' dir='ltr'>nihil</span> <span class='ocrx_word' id='word_1_406' title='bbox 980 4499 1123 4565; x_wconf 91' lang='lat' dir='ltr'>continet</span> <span class='ocrx_word' id='word_1_407' title='bbox 1150 4500 1237 4583; x_wconf 92' lang='lat' dir='ltr'>quod</span> <span class='ocrx_word' id='word_1_408' title='bbox 1263 4520 1328 4565; x_wconf 93' lang='lat' dir='ltr'>non</span> <span class='ocrx_word' id='word_1_409' title='bbox 1354 4499 1388 4564; x_wconf 93' lang='lat' dir='ltr'>in</span> <span class='ocrx_word' id='word_1_410' title='bbox 1415 4502 1514 4567; x_wconf 86' lang='lat' dir='ltr'>variis</span> <span class='ocrx_word' id='word_1_411' title='bbox 1537 4502 1683 4587; x_wconf 82' lang='lat' dir='ltr'>Hypoty·</span> 
     </span>
     <span class='ocr_line' id='line_1_42' title="bbox 321 4601 1683 4688; baseline 0.001 -20"><span class='ocrx_word' id='word_1_412' title='bbox 321 4623 444 4688; x_wconf 92' lang='lat' dir='ltr'>poseon</span> <span class='ocrx_word' id='word_1_413' title='bbox 467 4601 547 4669; x_wconf 90' lang='lat' dir='ltr'>locis</span> <span class='ocrx_word' id='word_1_414' title='bbox 569 4604 706 4687; x_wconf 82' lang='lat' dir='ltr'>legatur.</span> <span class='ocrx_word' id='word_1_415' title='bbox 741 4602 799 4668; x_wconf 89' lang='lat' dir='ltr'>sed</span> <span class='ocrx_word' id='word_1_416' title='bbox 821 4601 988 4668; x_wconf 86' lang='lat' dir='ltr'>fatendum</span> <span class='ocrx_word' id='word_1_417' title='bbox 1012 4607 1071 4685; x_wconf 92' lang='lat' dir='ltr'>est,</span> <span class='ocrx_word' id='word_1_418' title='bbox 1095 4601 1228 4668; x_wconf 84' lang='lat' dir='ltr'>Sextum</span> <span class='ocrx_word' id='word_1_419' title='bbox 1252 4601 1279 4666; x_wconf 91' lang='lat' dir='ltr'>si</span> <span class='ocrx_word' id='word_1_420' title='bbox 1302 4601 1496 4686; x_wconf 87' lang='lat' dir='ltr'>descriptum</span> <span class='ocrx_word' id='word_1_421' title='bbox 1513 4604 1683 4688; x_wconf 88' lang='lat' dir='ltr'>credimus,</span> 
     </span>
     <span class='ocr_line' id='line_1_43' title="bbox 321 4703 1682 4790; baseline -0.001 -18"><span class='ocrx_word' id='word_1_422' title='bbox 321 4706 482 4772; x_wconf 84' lang='lat' dir='ltr'>Galenum</span> <span class='ocrx_word' id='word_1_423' title='bbox 511 4705 638 4789; x_wconf 82' lang='lat' dir='ltr'>insigne</span> <span class='ocrx_word' id='word_1_424' title='bbox 665 4704 865 4770; x_wconf 84' lang='lat' dir='ltr'>assiduitatis</span> <span class='ocrx_word' id='word_1_425' title='bbox 893 4703 1022 4772; x_wconf 89' lang='lat' dir='ltr'>dedisse</span> <span class='ocrx_word' id='word_1_426' title='bbox 1052 4707 1244 4790; x_wconf 82' lang='lat' dir='ltr'>exemplum.</span> <span class='ocrx_word' id='word_1_427' title='bbox 1290 4704 1366 4770; x_wconf 85' lang='lat' dir='ltr'>vide</span> <span class='ocrx_word' id='word_1_428' title='bbox 1388 4703 1494 4770; x_wconf 89' lang='lat' dir='ltr'>modo.</span> <span class='ocrx_word' id='word_1_429' title='bbox 1538 4704 1682 4772; x_wconf 89' lang='lat' dir='ltr'>definitio</span> 
     </span>
     <span class='ocr_line' id='line_1_44' title="bbox 321 4803 1683 4894; baseline -0.001 -20"><span class='ocrx_word' id='word_1_430' title='bbox 321 4809 404 4891; x_wconf 77' lang='lat' dir='ltr'>signi</span> <span class='ocrx_word' id='word_1_431' title='bbox 426 4829 468 4875; x_wconf 87' lang='lat' dir='ltr'>ex</span> <span class='ocrx_word' id='word_1_432' title='bbox 483 4809 515 4873; x_wconf 94' lang='lat' dir='ltr'>Il</span> <span class='ocrx_word' id='word_1_433' title='bbox 532 4809 595 4873; x_wconf 88' lang='grc'>104</span> <span class='ocrx_word' id='word_1_434' title='bbox 618 4803 667 4893; x_wconf 86' lang='lat' dir='ltr'>[ef.</span> <span class='ocrx_word' id='word_1_435' title='bbox 694 4809 754 4872; x_wconf 91' lang='lat'>101</span> <span class='ocrx_word' id='word_1_436' title='bbox 779 4805 963 4894; x_wconf 80' lang='grc' dir='ltr'>ἐνδεικτικόν]</span> <span class='ocrx_word' id='word_1_437' title='bbox 986 4808 1129 4892; x_wconf 90' lang='lat' dir='ltr'>petenda</span> <span class='ocrx_word' id='word_1_438' title='bbox 1151 4814 1230 4874; x_wconf 88' lang='lat' dir='ltr'>erat.</span> <span class='ocrx_word' id='word_1_439' title='bbox 1266 4815 1333 4874; x_wconf 91' lang='lat' dir='ltr'>tum</span> <span class='ocrx_word' id='word_1_440' title='bbox 1356 4806 1472 4872; x_wconf 85' lang='lat' dir='ltr'>divisio</span> <span class='ocrx_word' id='word_1_441' title='bbox 1496 4809 1620 4890; x_wconf 60' lang='grc' dir='ltr'>σημείου</span> <span class='ocrx_word' id='word_1_442' title='bbox 1642 4810 1683 4873; x_wconf 82' lang='grc' dir='ltr'>ἑν-</span> 
     </span>
     <span class='ocr_line' id='line_1_45' title="bbox 322 4909 1683 4996; baseline -0.002 -18"><span class='ocrx_word' id='word_1_443' title='bbox 322 4914 465 4978; x_wconf 80' lang='grc' dir='ltr'>δεικτικοῦ</span> <span class='ocrx_word' id='word_1_444' title='bbox 488 4917 521 4977; x_wconf 79' lang='lat' dir='ltr'>et</span> <span class='ocrx_word' id='word_1_445' title='bbox 543 4913 758 4994; x_wconf 78' lang='grc' dir='ltr'>ὑπορνηστικοῦ</span> <span class='ocrx_word' id='word_1_446' title='bbox 781 4915 872 4976; x_wconf 68' lang='lat' dir='ltr'>extat</span> <span class='ocrx_word' id='word_1_447' title='bbox 894 4912 913 4996; x_wconf 58' lang='grc' dir='ltr'><strong>ᾗ</strong></span> <span class='ocrx_word' id='word_1_448' title='bbox 931 4911 1000 4976; x_wconf 86' lang='grc'>100.</span> <span class='ocrx_word' id='word_1_449' title='bbox 1036 4909 1100 4976; x_wconf 81' lang='lat' dir='ltr'>iam</span> <span class='ocrx_word' id='word_1_450' title='bbox 1121 4911 1284 4976; x_wconf 82' lang='lat' dir='ltr'>admirare</span> <span class='ocrx_word' id='word_1_451' title='bbox 1298 4909 1438 4976; x_wconf 81' lang='lat' dir='ltr'>hominis</span> <span class='ocrx_word' id='word_1_452' title='bbox 1461 4909 1683 4996; x_wconf 77' lang='lat' dir='ltr'>sagacitatem,</span> 
     </span>
    </p>
   </div>
   <div class='ocr_carea' id='block_1_4' title="bbox 0 0 1894 5736">
    <p class='ocr_par' dir='ltr' id='par_1_7' title="bbox 0 0 1894 5736">
     <span class='ocr_line' id='line_1_46' title="bbox 0 0 1894 5736; baseline 0 0"><span class='ocrx_word' id='word_1_453' title='bbox 0 0 1894 5736; x_wconf 95' lang='lat' dir='ltr'> </span> 
     </span>
    </p>
   </div>
  </div>
 </body>
</html>
