3708 5732
380 379 442 444 146
705 383 745 432 xi
781 383 830 432 ns
851 383 1047 464 nrrronrnr
1066 383 1414 436 rmuosoruuuuurs

378 549 465 628 clare
493 549 746 634 comprehendit.
790 549 864 614 hino
885 549 1028 615 indidem
1051 549 1106 614 lux
1127 550 1261 615 affertur
1287 549 1508 617 subabsurdae
1529 551 1716 636 Empedoclis

377 651 520 736 opinioni
543 654 577 717 rb
599 657 660 736 τῆς
684 653 832 734 μονάδος
853 654 951 736 νοερὸν
973 656 1030 736 πῦρ
1052 653 1102 715 τὸν
1124 651 1193 716 θεὸν
1215 651 1269 734 [el'.
1292 653 1399 718 Zellel·
1420 653 1455 718 1⁴
1477 653 1559 719 689¹
1580 653 1716 722 Schuslet

252 733 260 762 ²
377 753 484 836 224¹}
518 753 641 820 scilicet
664 752 868 838 Pythagoras
889 753 1072 819 Heraclitus
1086 753 1302 837 Empedocles
1319 773 1378 837 per
1393 759 1536 820 sattiram
1550 758 1716 841 unocapitc

376 856 589 924 continentur.
623 861 715 922 tanta
730 855 895 940 scriptoris
910 855 1026 921 levitas
1046 857 1099 922 rel
1114 855 1328 939 Hippolytum
1351 856 1524 924 offendisse
1539 857 1668 938 ridetur,
1688 867 1717 926 ut

376 979 496 1026 novum
520 965 689 1042 quaereret
711 957 897 1026 subsidium.

461 1060 508 1126 Ac
530 1061 718 1127 felicissimo
741 1081 818 1128 casu
841 1060 1044 1145 doxographi
1068 1059 1233 1126 cuiusdam
1261 1059 1402 1146 epitome
1424 1060 1457 1128 iu
1476 1050 1716 1132 mauus'iucidit.

375 1163 440 1228 iam
463 1163 587 1230 consilii
611 1164 727 1248 prioris
749 1185 812 1248 quo
834 1164 998 1249 principes
1020 1169 1144 1229 tantum
1167 1161 1367 1228 exhibiturus
1389 1169 1461 1230 erat
1482 1165 1638 1248 paenituit
1653 1167 1717 1232 iam-

375 1265 535 1350 quoinde
557 1267 599 1332 ab
622 1267 865 1334 Anaximandro
892 1264 1143 1351 pretiosissimus
1166 1263 1362 1350 Opinionum
1391 1265 1563 1333 thesaurus
1585 1269 1717 1352 religiose

376 1367 577 1453 compilatur.
610 1369 854 1436 Anaximander
874 1369 972 1451 igitur
993 1387 1033 1434 ac
1054 1367 1209 1452 deinceps
1231 1367 1332 1434 Ionici
1355 1374 1442 1436 reete
1463 1389 1538 1436 sese
1558 1371 1715 1456 excipiunt.

374 1478 602 1556 exspectamus
617 1473 855 1556 xenophanem
878 1469 1068 1536 continuari.
1102 1471 1160 1538 sed
1181 1470 1210 1536 is
1232 1477 1306 1554 post
1321 1471 1542 1540 Democritum
1565 1494 1590 1539 c.
1608 1475 1645 1540 14
1665 1476 1716 1540 col·

375 1575 501 1640 locatur
522 1580 556 1641 et
578 1575 703 1640 initium
726 1575 761 1640 fit
782 1595 803 1638 a
826 1572 1028 1639 Parmenide.
1062 1571 1122 1638 luit
1144 1573 1198 1656 qui
1220 1572 1375 1656 Diogenis
1397 1574 1445 1638 IX
1461 1575 1501 1640 21
1526 1585 1716 1662 praepostere

371 1675 567 1744 inculcatam
598 1678 746 1744 notitiam
774 1677 817 1742 ad
848 1675 1075 1759 explicandum
1098 1675 1267 1760 Hippolyti
1302 1675 1447 1742 ordinem
1475 1677 1656 1746 advocaret.
1684 1681 1716 1746 ci.

372 1778 457 1845 iufra
481 1803 512 1864 p.
530 1783 602 1847 147.
635 1779 755 1846 frustra
777 1782 832 1846 ille
854 1779 994 1863 quidem.
1026 1797 1101 1843 nam
1123 1777 1367 1863 Theophrastus
1389 1799 1528 1865 quoque,
1550 1801 1641 1865 quem
1654 1783 1717 1848 Dio

373 1901 474 1967 genes
496 1890 644 1970 testatur,
668 1884 895 1952 Parmenidem
917 1903 989 1950 cum
1012 1882 1217 1968 Xenophane
1238 1881 1404 1948 coniunxit
1425 1881 1464 1949 fr.
1480 1885 1511 1950 6.
1542 1905 1643 1969 neque
1662 1907 1716 1954 non

370 1985 539 2052 coniunxit
554 1988 724 2075 Hippolyti
744 1987 817 2053 fons
833 1985 1038 2070 Opinionum,
1068 2005 1144 2052 nam
1166 1985 1328 2069 quomodo
1350 1983 1498 2068 intellegi
1521 1994 1626 2071 potest
1645 2011 1668 2056 c.
1684 1993 1714 2056 ll
1806 1977 1807 2040 3

370 2087 495 2154 initium
518 2090 578 2154 καὶ
601 2091 664 2175 γὰρ
687 2093 743 2155 καὶ
760 2090 985 2174 Παρμενίδης
1000 2089 1030 2153 ἓν
1047 2090 1098 2172 μὲν
1113 2091 1147 2152 τὸ
1162 2094 1220 2154 πᾶν
1236 2087 1403 2154 ὑποτίθεται
1418 2087 1480 2154 nisi
1496 2083 1715 2178 Xenophanem

372 2193 591 2276 praecessisse
623 2193 848 2279 suspicamur?
895 2193 986 2276 atqui
1026 2191 1222 2278 Opiniouum
1257 2190 1353 2258 istam
1387 2191 1554 2276 epitomen
1586 2216 1611 2262 c.
1626 2197 1715 2264 6-9.

370 2295 499 2360 11-16
522 2295 774 2381 eTheopbrasti
796 2315 932 2380 corpore
951 2301 1138 2380 excerptam
1160 2299 1287 2362 constat
1309 2291 1349 2359 cf.
1373 2295 1494 2377 ρ.1ί)3.
1530 2298 1614 2364 unde
1633 2297 1716 2382 igitur

371 2415 545 2480 perversus
559 2397 750 2484 Hippolytei
772 2397 847 2464 libri
871 2396 972 2463 ordo?
1000 2417 1053 2464 res
1075 2403 1125 2466 est
1145 2395 1251 2462 facilis
1273 2394 1438 2479 explicatu
1460 2417 1568 2482 neque
1588 2398 1665 2465 scitu
1679 2399 1716 2464 iu·

368 2498 478 2582 digna
524 2499 713 2568 substiterat
744 2501 801 2567 ille
830 2498 997 2583 paululum
1028 2499 1147 2564 Ionicis
1174 2497 1341 2566 absolutis.
1386 2497 1452 2563 iam
1473 2500 1619 2567 Vitarum
1647 2499 1715 2568 libro

367 2601 485 2668 iterum
507 2602 656 2687 iuspecto
678 2602 706 2668 si
728 2603 806 2685 quid
828 2601 907 2668 utile
928 2601 1066 2668 haberet
1085 2601 1211 2668 invenit
1231 2599 1277 2666 ibi
1299 2598 1490 2683 Empedocli
1513 2609 1547 2670 et
1568 2603 1732 2670 Heraclito·

369 2703 597 2770 Parmenidem
625 2710 865 2788 congregatum.
909 2723 985 2769 uam
1013 2709 1047 2770 et
1074 2703 1127 2768 hic
1156 2701 1382 2788 Pythagoreos
1411 2703 1578 2773 audivisse
1607 2704 1715 2772 dicitur.

367 2803 432 2871 iam
458 2826 536 2873 vero
559 2813 690 2892 praeter
710 2825 829 2872 nomen
852 2825 924 2870 cum
946 2805 1026 2870 nihil
1055 2803 1191 2889 probum
1212 2803 1413 2888 inveniret‚¹
1446 2805 1586 2873 alterum
1606 2807 1712 2874 ionum

368 2907 552 2976 exscribere
571 2907 722 2992 perrexit.
757 2927 818 2974 nec
840 2907 957 2972 desunt
975 2907 1042 2973 alia
1064 2925 1148 2990 quae
1162 2925 1203 2972 cx
1226 2905 1334 2990 priore
1355 2905 1437 2972 libro
1451 2905 1623 2976 interiecta
1641 2915 1713 2974 suut.

366 3011 520 3078 lemmata
546 3009 675 3096 quidem
702 3010 791 3075 relut
811 3007 1032 3094 Ἀναξίμανδρος
1055 3008 1217 3094 llpairatiou
1241 3006 1385 3092 Μιλήσιος
1411 3007 1656 3095 Theophrastea
1676 3010 1713 3076 ri·

365 3111 519 3178 dentur.¹
560 3111 620 3178 sed
646 3111 790 3177 minutae
816 3117 996 3195 temporum
1023 3111 1209 3177 notationes
1234 3129 1319 3192 quae
1344 3109 1388 3174 ad
1415 3111 1539 3178 calcem
1561 3133 1588 3178 c.
1603 3114 1633 3178 6.
1652 3111 1712 3178 ί.8

364 3213 517 3298 apposuit
539 3233 580 3281 ex
600 3215 748 3280 Vitarum
770 3211 961 3296 compendio
983 3221 1099 3297 postea
1121 3211 1236 3296 opinor
1257 3210 1408 3294 adpictae
1429 3219 1516 3280 sunt.
1554 3235 1628 3280 nam
1648 3215 1666 3279 8
1686 3220 1711 3274 lt

363 3317 451 3400 quod
478 3315 607 3383 additur
639 3321 740 3380 τοῦτον
773 3315 888 3399 λέγουσι
922 3317 969 3379 καί
1001 3315 1213 3402 προγνρυατικὸν
1239 3313 1401 3397 γενονέναι,
1436 3322 1486 3380 est
1519 3314 1712 3384 memorabile

363 3418 496 3502 originis
517 3418 682 3502 indicium,
704 3426 772 3483 tum
794 3417 939 3484 eiusdem
961 3417 1126 3502 scriptoris
1153 3424 1203 3484 est
1225 3414 1371 3482 Thaletis
1395 3417 1592 3500 computatio
1616 3422 1666 3483 14
1685 3423 1711 3482 st

361 3520 576 3606 Xenophauis
590 3541 618 3587 c.
636 3523 677 3586 14
697 3534 721 3586 1.
744 3525 841 3604 atque
856 3519 908 3586 hic
923 3519 1032 3586 statim
1054 3519 1167 3584 initio
1187 3519 1301 3584 notula
1314 3515 1450 3584 infertur
1467 3519 1637 3586 coniuncta
1650 3537 1710 3584 oum

361 3622 450 3690 hisce
465 3623 550 3694 οὗτος
566 3621 624 3710 ἔφη
639 3628 753 3708 πρῶτος
769 3623 969 3708 ἀκαταληψίαν
985 3624 1100 3686 πάντων
1115 3621 1206 3684 εἰπὼν
1221 3622 1323 3690 πίτυς·
1342 3619 1383 3682 ‘st
1398 3620 1452 3704 γὰρ
1467 3619 1711 3687 καί-τέτυκπαί,

361 3723 587 3808 Theophrasto
611 3727 692 3792 talia
713 3723 845 3790 attribui
868 3743 934 3790 non
956 3731 1107 3808 possunt,
1136 3722 1194 3789 scd
1217 3721 1325 3788 efficta
1346 3728 1421 3788 sunt
1443 3721 1486 3788 ab
1509 3743 1549 3790 so
1572 3725 1625 3808 qui
1645 3725 1712 3808 Pyr·

359 3827 555 3894 rhoneorum
576 3834 699 3895 sectam
720 3825 763 3891 ab
784 3825 841 3890 illo
864 3845 1079 3908 suspensurus
1100 3833 1180 3892 crat.
1214 3832 1247 3891 et
1268 3823 1417 3890 norimus
1438 3821 1493 3906 qui
1516 3824 1579 3892 hoc
1598 3821 1711 3906 excogi-

358 3929 440 3995 tavit
462 3929 665 3997 Sotionem
688 3927 927 3995 successionum
950 3929 1148 4012 scriptorem.
1188 3927 1295 3993 Laert.
1318 3927 1367 3992 IX
1388 3929 1432 3993 20
1451 3929 1524 4013 φησί
1548 3929 1581 3992 δὲ
1602 3927 1709 3992 Σωτίων

356 4037 472 4118 πρῶτον
494 4033 582 4098 αὐτὸν
605 4027 866 4120 [Xenophanem]
888 4030 979 4095 εἰπεῖν
1001 4027 1178 4115 ἀκατάληπί
1205 4029 1278 4095 εἶναι
1299 4030 1336 4094 τὰ
1357 4031 1461 4110 πάντα,
1483 4033 1677 4117 πλανώμενα·

428 4287 436 4321 ¹
457 4306 479 4341 c.
494 4288 523 4341 ll
538 4299 551 4338 a
569 4291 662 4340 iterare
681 4291 782 4342 ridetur
800 4293 909 4344 initium.
937 4295 1005 4345 unde
1028 4295 1107 4344 alium
1125 4293 1222 4343 iontem
1241 4291 1283 4342 hic
1303 4289 1445 4342 adhibitum
1462 4305 1519 4342 esse
1537 4293 1629 4356 aliquis
1647 4289 1708 4342 coui-

355 4379 414 4428 ciat.
455 4378 501 4426 sed
524 4392 572 4428 nec
596 4377 638 4426 hic
665 4391 713 4426 neo
743 4393 764 4429 e.
786 4379 832 4431 ba
854 4375 897 4440 [cf.
922 4377 1153 4444 Zeller1⁴213¹J
1186 4393 1218 4429 ex
1246 4379 1381 4443 Hippolyti
1408 4381 1535 4444 excerptis
1563 4377 1708 4442 breyirtlmir

354 4464 496 4527 quidquam
522 4464 700 4515 concluserim.
720 4479 827 4531 nempe
851 4467 877 4516 in
896 4467 1076 4533 Theophrasto
1099 4467 1193 4517 similia
1216 4467 1301 4531 capita
1323 4473 1352 4515 ut
1374 4467 1405 4516 tle
1424 4467 1553 4531 principio
1571 4475 1598 4517 et
1614 4467 1661 4517 dcc
1677 4464 1706 4514 sl·

353 4553 449 4602 mllitcr
468 4559 594 4616 concepta
612 4553 690 4602 luisse
710 4559 912 4604 consentaneum
930 4562 977 4617 est,
995 4555 1146 4620 praesertim
1163 4555 1190 4603 in
1208 4553 1359 4604 Eleatarum
1377 4553 1504 4605 doctrina.

424 4633 436 4668 ²
454 4654 475 4688 c.
492 4636 524 4690 13
542 4647 602 4704 post
619 4637 841 4704 Theophrasteum
864 4643 1018 4707 principium
1035 4635 1192 4710 Δημόκριτος
1210 4636 1236 4689 tl
1253 4633 1399 4690 Λευκίππου
1416 4635 1508 4706 γίνεται
1526 4635 1649 4708 γνώριμος
1665 4639 1705 4688 lte·

350 4741 407 4776 rom
424 4727 515 4792 incipit
532 4719 689 4794 Δημόκριτος
707 4720 874 4792 Δαμασίππου
891 4723 1035 4798 Ἀβδηρίτης
1057 4723 1156 4783 πολλοῖς
1182 4721 1318 4793 συμβαλὼν
1335 4727 1550 4793 γυμνοσοφισταῖς.
1587 4725 1648 4776 haec
1664 4723 1704 4773 Vi·

351 4821 434 4863 tarum
460 4815 610 4879 scriptorem
633 4813 752 4863 redolent
775 4819 924 4876 praesertim
948 4833 1004 4866 cum
1032 4815 1146 4866 clausula
1169 4807 1241 4868 ebro:
1265 4808 1337 4880 ίγίλα
1360 4811 1441 4863 πάντα
1464 4808 1520 4862 κτλ.
1562 4814 1596 4863 ab
1623 4811 1704 4862 eodem

350 4903 446 4966 scripta
465 4915 520 4950 sere
540 4899 641 4962 debeat,
661 4903 705 4964 qui
724 4900 827 4952 dentem
845 4905 1005 4955 Heraclitum
1023 4903 1160 4953 induxerat
1178 4917 1199 4951 c.
1212 4899 1238 4950 4.
1267 4901 1298 4952 ci.
1316 4901 1384 4952 inira
1402 4902 1429 4952 in
1449 4917 1471 4952 c.
1490 4899 1522 4949 de
1542 4899 1633 4950 Galerii
1651 4897 1702 4948 trist.

350 4987 414 5050 phil.
