3708 5738
349 352 413 416 508
738 350 995 404 THEOPHRASTI
1013 349 1152 402 PHYSIC.
1172 349 1333 402 OPINION.

400 522 472 586 αὐτὸ
495 523 528 586 τὸ
553 523 652 604 μανύν,
675 521 720 586 διδ
743 521 849 585 καὶτὰ
872 520 983 604 μεγαλα
1005 521 1114 602 μᾶλλον
1129 515 1332 584 αἰσθάνεσθαι.
1369 518 1418 583 κοί
1433 518 1487 603 γάρ
1501 517 1554 602 τῆν
1569 517 1666 600 ὀσμὴν

403 625 486 708 ἐγγύς
511 624 584 689 εἶναι
612 626 720 706 μᾶλλον
748 623 767 708 ἡ
794 623 894 706 πόρρω
921 622 969 686 διὰ
996 622 1030 686 τὸ
1060 621 1234 706 πυκνοτέραν
1261 619 1348 700 εῖναι,
1376 619 1604 704 σκεδαννυμένην
1634 619 1667 682 δέ

404 727 526 810 ἀσθενῆ.
570 726 676 812 σχεδὸν
698 727 731 789 δέ
754 728 794 795 ὡς
816 725 905 788 εἰπεῖν
928 724 982 788 οὐκ
1002 723 1195 788 αἰσθάνεσθαι
1216 722 1253 786 τά
1276 723 1327 806 μὲν
1351 723 1461 806 μεγαλα
1482 727 1535 806 τῆς
1556 723 1667 806 λεπτῆς

405 827 527 913 [ἀέρος],
548 827 585 891 τὰ
607 828 639 890 δὲ
662 828 750 912 μικρὰ
771 832 823 912 τῆς
845 831 964 910 πυκνῆς.

351 939 383 992 31
500 927 542 994 Τὸ
559 929 611 1011 μὲν
634 927 684 994 ούν
706 934 765 1000 τοῖς
787 929 924 998 ἐναντίοις
945 933 1037 992 ποιεῖν
1058 929 1110 1012 τῆν
1132 926 1269 1011 αἴσθησιν
1291 924 1354 1012 ἔχει
1376 926 1439 990 τινὰ
1453 927 1548 1010 λόγον,
1564 927 1694 1010 ὥσπερι

404 1030 531 1116 ἐλέχθη·
555 1032 636 1094 δοκεῖ
655 1031 709 1114 γὰρ
732 1033 751 1114 ἡ
775 1031 930 1101 ἀλλοίωσις
952 1029 1009 1115 ούχ
1031 1030 1088 1094 ύπδ
1111 1033 1169 1092 τῶν
1192 1029 1312 1111 ὁμοίων,
1334 1025 1399 1092 ἀλλ’
1426 1026 1483 1090 ὑπὸ
1505 1032 1563 1091 τῶν
1586 1029 1666 1092 ἐναν-

403 1133 471 1197 τίων
494 1132 576 1196 εἶναι.
613 1133 707 1196 καίτοι
734 1133 783 1196 καλ
809 1136 894 1198 τούτο
920 1135 1011 1196 δεῖται
1037 1129 1173 1208 πίστεως,
1200 1130 1226 1193 εί
1255 1131 1409 1199 ἀλλοίωσις
1435 1131 1455 1214 ἡ
1483 1129 1622 1214 αἴσθησις
1643 1129 1674 1194 εί

405 1259 437 1300 τε
464 1236 498 1298 τὸ
529 1235 656 1298 ἐναντίον
683 1240 735 1300 τού
765 1235 894 1298 ἐναντίου
923 1234 1059 1318 κριπκύν.
1102 1234 1135 1296 τδ
1165 1233 1198 1296 δὲ
1229 1232 1302 1314 μετὰ
1330 1232 1424 1315 λύπης
1452 1231 1568 1297 ἅπασαν
1595 1231 1669 1296 εἶναι

407 1337 536 1422 [ψεῦδος]
560 1334 621 1400 οὔτ’
649 1337 683 1400 ἐκ
704 1343 757 1423 τῆς
779 1340 914 1422 χρήσεως
937 1339 1132 1420 ὁμολογεῖται,
1162 1337 1199 1399 τὰ
1222 1335 1273 1417 μὶν
1296 1333 1375 1418 (γὰρ)
1402 1332 1468 1416 μεθ’
1495 1335 1605 1418 ἡδονῆς
1634 1335 1671 1398 τά

408 1439 441 1502 et
463 1441 584 1504 πλεῖστα
606 1437 675 1504 ἀνευ
696 1441 789 1522 λύπης
811 1438 898 1516 ἐστίν,
919 1437 980 1502 οὔτ’
1007 1440 1121 1503 ἐκτῶν
1143 1439 1282 1521 εὐλόγων.
1325 1437 1344 1519 ἡ
1373 1435 1426 1517 μὲν
1453 1434 1507 1520 γὰρ
1528 1434 1667 1520 αἴσθησις
1684 1463 1706 1502 ιι

408 1541 604 1626 κατὰφύσιν,
633 1542 716 1607 οὐδὲν
739 1543 772 1606 δέ
793 1547 852 1606 τῶν
874 1541 958 1626 φύσει
981 1541 1030 1628 βίη
1046 1542 1100 1618 καλ
1124 1541 1197 1624 μετὰ
1218 1539 1327 1622 λύπης,
1354 1537 1430 1600 ἀλλά
1457 1541 1566 1619 μᾶλλον
1595 1536 1663 1621 μεθ’

407 1645 524 1728 ἡδονῆς,
548 1646 619 1730 ὅπερ
642 1646 690 1709 καὶ
711 1643 842 1729 φαίνεται
865 1645 1032 1729 συμβαῖνον.
1067 1644 1105 1708 τὰ
1125 1643 1179 1728 γὰρ
1194 1642 1286 1706 πλείω
1303 1641 1351 1705 καὶ
1367 1641 1518 1710 πλεονάκις
1533 1641 1670 1725 ἡδύμεθα

405 1747 453 1809 καὶ
476 1746 547 1812 αὐτὸ
570 1748 603 1812 δέ
624 1748 657 1811 τὸ
679 1747 872 1812 αἰσθάνεσθαι
899 1747 991 1833 χωρὶς
1017 1750 1071 1830 τῆς
1097 1746 1162 1830 περὶ
1191 1745 1312 1810 ἕκαστον
1334 1743 1491 1826 ἐπιθυμίας
1512 1745 1667 1826 διώκομεν.

354 1857 388 1910 32
407 1845 449 1910 ἔτι
472 1847 498 1912 δ’
527 1849 589 1914 ἐπεὶ
612 1851 660 1914 κοιλ
683 1850 774 1933 ἡδονὴ
796 1849 845 1913 καλ
865 1848 942 1932 λύπη
964 1847 1070 1930 γίνεται
1092 1848 1140 1911 διὰ
1162 1853 1214 1932 τῆς
1236 1847 1415 1932 αἰσθήσεως,
1437 1845 1513 1910 ἅπαν
1533 1845 1669 1931 δὲφύσει

407 1951 479 2034 πρὸς
500 1951 534 2013 τὸ
557 1950 669 2036 βέλτιόν
691 1951 767 2028 ἐστι,
793 1950 927 2035 καθάπερ
949 1953 968 2034 ἡ
992 1949 1149 2034 ἐπιστήμη,
1172 1952 1280 2034 μᾶλλον
1303 1949 1338 2014 ἀν
1360 1947 1407 2032 εἴη
1429 1947 1497 2031 μεθ’
1525 1949 1634 2032 ἡδονῆς
1650 1946 1669 2028 ἡ
1687 1973 1708 2011 ιι

409 2052 482 2134 μετὰ
508 2052 612 2136 λύπης.
650 2054 751 2122 ἁπλῶς
778 2051 804 2115 δ’
834 2050 915 2138 εῖπερ
942 2053 1018 2138 μηδὲ
1047 2053 1081 2115 τὸ
1111 2052 1288 2117 διανοεῖσθαι
1318 2050 1391 2135 μετὰ
1411 2051 1521 2133 λύπης,
1542 2049 1614 2113 οὐδὲ
1635 2050 1668 2112 τὸ

407 2155 613 2220 αἰσθάνεσθαι·
645 2156 695 2218 τὸν
725 2154 813 2219 αύτδν
839 2155 893 2239 γὰρ
921 2153 985 2240 ἔχει
1014 2155 1100 2239 λύγον
1121 2155 1257 2238 ἑκάτερον
1278 2153 1350 2236 πρὸς
1371 2153 1424 2238 τῆν
1445 2152 1536 2236 αὐτὴν
1558 2151 1669 2236 χρείαν.

409 2256 484 2319 ἀλλὰ
515 2257 572 2340 μὴν
603 2257 672 2322 οὐδὲ
703 2259 733 2322 αἱ
758 2261 816 2322 τῶν
846 2257 997 2342 αἰσθητῶν
1024 2257 1181 2343 ὑπερβολαὶ
1209 2255 1315 2320 καὶτὸ
1342 2259 1394 2318 τού
1419 2255 1527 2340 χρόνου
1554 2254 1669 2338 πλῆθος

410 2357 493 2422 οὐδὲν
518 2365 638 2443 σημεῖον
662 2364 702 2430 ὡς
725 2360 798 2442 μετὰ
825 2360 918 2443 λύπης
945 2360 1036 2438 ἐστίν,
1063 2359 1138 2422 ἀλλὰ
1165 2361 1274 2442 μᾶλλον
1302 2360 1343 2427 ὥς
1372 2355 1403 2420 ἐν
1430 2357 1593 2440 συμμετρίᾳ
1618 2355 1681 2417 τινίΙ

409 2461 457 2524 καὶ
481 2463 581 2545 κράσει
603 2462 675 2546 πρὸς
703 2463 737 2525 τὸ
765 2463 906 2546 αἰσθητὸν
931 2464 950 2546 ἡ
979 2459 1126 2545 αίσθησις.
1169 2459 1269 2546 διόπερ
1298 2459 1369 2529 ἴσως
1395 2459 1429 2522 τδ
1456 2459 1508 2541 μὲν
1537 2457 1669 2520 ἐλλεῖπον
1684 2483 1706 2520 αι

357 2571 391 2626 33
411 2563 597 2647 ἀναίσθητον,
619 2565 652 2627 τὸ
676 2562 702 2628 δ’
724 2565 902 2650 ὑπερβολλον
924 2563 1017 2648 λύπην
1039 2587 1071 2627 τε
1092 2567 1170 2627 ποιεῖ
1183 2564 1231 2626 καὶ
1246 2561 1369 2648 φθείρει.
1521 2559 1671 2644 συμβαίνει

406 2668 499 2732 τοίνυν
522 2667 556 2729 τὸ
578 2665 653 2730 κατὰ
675 2667 760 2752 φύσιν
790 2666 823 2729 ἐκ
852 2671 903 2730 τοῦ
932 2665 1011 2750 παρά
1032 2665 1116 2750 φύσιν
1140 2668 1271 2727 σκοπεῖν·
1304 2663 1400 2746 ἡγὰρ
1422 2663 1570 2746 ὑπερβολὴ
1593 2661 1671 2745 παρὰ

407 2769 502 2855 φύσιν.
547 2767 610 2832 ἐπεὶ
632 2768 666 2832 τύ
687 2791 720 2851 γε
742 2767 793 2832 ἀπ’
821 2768 904 2832 ἐνίων
927 2770 976 2833 καὶ
998 2767 1089 2830 ἐνίοτε
1110 2765 1280 2843 λυπεῖσθαι,
1309 2765 1443 2849 καθάπερ
1465 2765 1514 2828 καλ
1535 2765 1670 2848 ἥδεσθαι,

410 2871 534 2956 φανερὸν
557 2871 605 2934 καλ
628 2871 873 2954 ὁμολογούμενον·
896 2869 965 2934 ὥστ’
993 2870 1075 2934 οὐδὲν
1100 2870 1209 2950 μᾶλλον
1236 2869 1284 2931 διά
1309 2889 1342 2949 γε
1368 2871 1454 2930 τοῦτο
1481 2866 1554 2948 μετὰ
1577 2867 1669 2949 λύπης

407 2976 426 3058 ῆ
451 2973 519 3058 μεθ’
549 2975 657 3057 ἡδονῆς
679 2971 766 3051 ἐστιν,
789 2971 855 3036 ἀλλ’
883 2971 953 3042 ἴσως
976 2970 1039 3054 μετ’
1067 2970 1219 3054 οὐδετέρου
1242 2971 1317 3033 κατά
1338 2991 1371 3051 γε
1392 2969 1425 3032 τδ
1447 2969 1572 3052 ἀληθές·
1602 2967 1669 3032 οὐδὲ
1684 2995 1706 3032 ει

408 3077 462 3161 γὰρ
490 3075 524 3140 ἀν
553 3075 666 3140 δύναιτο
693 3075 811 3160 κρίνειν,
842 3077 940 3160 ὥσπερ
968 3074 1036 3139 οὐδὲ
1058 3075 1077 3157 ἡ
1100 3075 1210 3138 διάνοια
1233 3075 1364 3156 συνεχῶς
1386 3068 1460 3135 ούσα
1482 3071 1556 3154 μετὰ
1578 3073 1669 3154 λύπης

410 3179 429 3262 ῆ
458 3179 574 3262 ἡδονῆς.
619 3177 694 3242 ἀλλὰ
721 3183 806 3242 τούτο
835 3178 887 3260 μὲν
913 3178 972 3242 ἀπὸ
1001 3179 1104 3261 μικροῖς
1131 3178 1227 3261 ἀρχῆς
1252 3171 1299 3260 ἐφ’
1336 3174 1406 3255 ὃλην
1435 3174 1593 3257 μετήνεγκε
1622 3174 1672 3257 ιὴν

359 3289 393 3344 34
412 3279 558 3364 αἴσθησιν.
711 3283 779 3346 ὅταν
810 3282 842 3346 δὲ
867 3280 940 3363 λέγη
967 3278 1003 3342 τὰ
1027 3279 1118 3363 μείζω
1149 3280 1258 3360 μᾶλλον
1285 3275 1550 3340 αἰσθάνεσθαικαὶ
1573 3277 1673 3344 ἁπλῶς

359 3472 375 3524 θ
398 3477 447 3524 nisi
470 3473 598 3524 intercidit
622 3473 692 3522 reiut
715 3469 817 3539 ίσχυράν
840 3479 898 3535 post
920 3465 1014 3536 μᾶλλον
1066 3459 1717 3534 πῶντοιδι’αὑτάς.ἐπιθυμίανδἰεῖτχριίανίτίωλλ),
1803 3479 1804 3502 ι

359 3563 391 3612 σί.
404 3558 539 3626 postis,
549 3561 687 3624 legendum
699 3561 781 3627 κρῖναι
793 3554 888 3624 μᾶλλον
899 3553 913 3624 Η
924 3552 1013 3608 πυκνά·
1066 3571 1126 3606 uum
1137 3549 1255 3620 ἐπιθυμία
1264 3563 1302 3604 est
1315 3549 1394 3603 ἐνδεια
1406 3555 1436 3604 ci.
1450 3553 1539 3605 Probi.
1552 3571 1579 3618 p.
1590 3548 1693 3606 930127
1703 3543 1715 3615 Η

339 3713 342 3717 .
358 3665 418 3715 τερα
427 3649 484 3699 PF:
504 3664 570 3697 corr.
584 3647 716 3698 Osmotius
734 3643 748 3714 Η
763 3646 779 3698 4
797 3644 868 3713 ἀέρος
888 3647 1015 3709 glossema
1069 3641 1100 3694 15
1113 3637 1227 3711 καθάπερ
1239 3639 1255 3708 ἡ
1269 3639 1394 3710 ίπιστὴμη
1407 3641 1462 3691 PF:
1481 3656 1532 3690 om.
1545 3641 1684 3692 Vossianus
1696 3643 1717 3686 et

359 3752 391 3786 εκ
415 3731 556 3800 p.507,32
574 3734 660 3783 fictum
680 3735 772 3784 delevi.
803 3736 880 3782 immo
907 3733 1014 3782 audien·
1068 3730 1163 3780 delevit
1175 3729 1331 3780 Schneider:
1350 3729 1493 3791 scripserim
1511 3721 1627 3795 καθάπερ
1646 3719 1716 3788 καὶὴ
1803 3771 1804 3784 ,

360 3823 420 3872 dum
439 3817 533 3888 ὀσμῆς,
552 3821 623 3884 qnod
641 3820 810 3870 substituebat
827 3819 979 3884 Phiiippson
1000 3811 1014 3884 Η
1070 3815 1195 3886 ἐπιστήμη
1215 3833 1250 3866 sc.
1264 3809 1334 3882 φύσει
1347 3810 1408 3880 πρὸς
1419 3811 1448 3864 τὸ
1461 3808 1558 3881 βέλτιόν
1572 3813 1644 3865 ἐστιν.
1663 3809 1716 3874 qnid
1803 3793 1804 3820 ³

361 3911 376 3962 6
396 3903 489 3976 ἐλίγθη
508 3907 538 3970 §5
560 3908 582 3957 l.
600 3905 616 3958 θ
636 3903 651 3974 Η
676 3905 692 3958 ’ί
711 3905 793 3956 καίτοι
811 3906 846 3956 P:
870 3901 937 3954 καίτι
959 3905 980 3954 F
1001 3899 1014 3970 Η
1069 3906 1102 3954 sit
1111 3903 1236 3972 ἐπιστὴμη
1246 3903 1322 3952 docet
1334 3903 1381 3952 Ar.
1392 3903 1424 3951 de
1434 3903 1520 3951 anime
1529 3891 1714 3966 immitti
1803 3923 1804 3960 t

360 3995 376 4064 ἡ
405 3992 535 4050 ἀλλοίωσις
556 3994 613 4044 Pii:
642 4009 708 4044 corr.
737 3993 879 4044 Schneider
907 3987 921 4058 Η
950 3989 967 4042 8
996 3987 1021 4041 τί
1068 3993 1121 4040 τῶν
1138 3985 1195 4040 καθ’
1212 3987 1316 4041 ἕκαστον
1329 3986 1345 4056 ἡ
1359 3984 1419 4039 κατ’
1436 3985 1557 4056 ἐνίργειαν
1570 3980 1715 4054 αῖσθησις.ἡ

360 4100 387 4134 τε
416 4081 570 4134 Schneider.
604 4075 661 4130 οὔτε
687 4081 731 4132 Pr
765 4077 779 4146 Η
809 4081 825 4132 9
857 4077 945 4147 ψεῦδος
974 4095 1014 4129 se·
1069 4075 1095 4128 δ’
1109 4075 1233 4145 ῖπιστὴμη
1251 4081 1303 4126 τῶν
1326 4070 1446 4127 καθόλου.
1460 4110 1467 4125 .
1481 4071 1559 4125 ..διὸ
1577 4077 1662 4144 νοῆσαι
1676 4068 1715 4137 μὲν
1803 4097 1804 4112 ι

363 4172 438 4221 clusit
459 4171 584 4220 Wirnmer
607 4163 621 4235 Η
644 4169 691 4234 τῆς
713 4165 818 4235 κρίσεως
837 4167 981 4234 Stephanus
1001 4159 1014 4232 Η
1069 4161 1110 4217 ἐπ’
1126 4161 1195 4233 αύτῷ
1209 4161 1302 4215 ὁπόταν
1314 4159 1442 4231 βούληται,
1460 4155 1655 4213 αἰσθάνεσθαιδ’
1674 4153 1714 4208 obs

362 4255 394 4308 10
413 4253 444 4306 ἐκ
461 4259 513 4306 τῶν
532 4251 641 4322 ιύλόγων
658 4256 703 4306 vix
722 4271 820 4306 sunum.
848 4263 893 4306 sut
915 4253 945 4306 ἐκ
963 4257 1016 4304 τῶν
1069 4249 1106 4304 ἐπ’
1127 4247 1205 4319 αύτῷ.
1228 4253 1289 4303 binc
1306 4245 1454 4302 διανοείσθω
1466 4259 1491 4299 ei
1503 4243 1660 4300 αἰσθάνεσθαι
1675 4261 1714 4308 op·

360 4341 442 4411 λόγων
460 4343 555 4393 scribes
579 4351 624 4392 snt
643 4344 712 4406 quod
730 4343 861 4394 Usenerus
879 4345 1015 4409 proposuit
1067 4342 1153 4405 posits
1171 4341 1197 4389 in
1211 4340 1335 4404 proximis
1354 4355 1396 4388 vv.
1412 4337 1452 4391 16.
1466 4335 1500 4389 θῖ
1520 4333 1536 4396 ΙΙ
1555 4332 1675 4402 ἐπιστὴμη
1691 4333 1713 4379 ῖῦ
1803 4341 1804 4346 ’

359 4429 411 4482 ἐστι
442 4433 494 4480 τῶν
530 4426 640 4497 εὐλόγων
675 4428 688 4497 Η
730 4431 759 4482 il
788 4433 821 4498 τῆ
853 4431 909 4482 Pii:
947 4445 1013 4480 corr.
1068 4441 1131 4490 mrg.
1150 4428 1227 4476 iteret
1243 4427 1329 4476 secP
1350 4420 1364 4492 Η
1386 4422 1522 4493 ΙῖγάρῈι
1541 4441 1592 4475 orn.
1610 4423 1631 4475 P
1651 4415 1663 4484 Η
1681 4420 1714 4467 in·
1803 4417 1804 4498 γ

359 4518 500 4572 Schneider
520 4513 533 4582 Η
555 4515 587 4567 12
605 4516 637 4568 τά
661 4515 707 4586 γὰρ
725 4515 803 4568 πλείω
822 4516 865 4567 καὶ
883 4513 1014 4572 πλεονάκις
1068 4515 1216 4578 teliegerem
1239 4508 1329 4564 αύτοῦι
1364 4511 1402 4562 sd
1425 4510 1566 4577 proprium
1593 4507 1713 4569 ursosque
1803 4505 1804 4572 ]

359 4609 390 4658 ci.
409 4624 434 4656 s.
447 4602 481 4656 23
500 4599 541 4655 ἀπ’
556 4602 628 4654 ἐνίων
647 4605 691 4655 καὶ
706 4603 783 4656 ἐνίοτε
797 4599 811 4670 Η
829 4600 859 4654 13
872 4599 943 4653 αὐτοὶ
956 4603 1016 4652 PF:
1070 4617 1154 4652 mom.
1177 4617 1237 4652 nom
1256 4610 1282 4650 et
1300 4616 1357 4650 cum
1376 4601 1472 4664 cogitat
1490 4608 1516 4649 et
1528 4599 1605 4649 sentit
1622 4591 1711 4655 aliquit·
1803 4609 1804 4636 ι

360 4709 426 4744 corr.
443 4691 586 4742 Schneider
606 4686 619 4754 Η
643 4691 723 4759 χωρὶς
741 4688 796 4742 κτλ.
815 4692 846 4741 ci.
866 4691 945 4739 Arist.
964 4706 1016 4738 rue·
1070 4691 1202 4754 voinptste
1221 4688 1332 4752 quodam
1350 4687 1511 4752 perfunditur
1530 4681 1543 4750 Η
1567 4683 1598 4736 19
1620 4675 1671 4731 otti
1690 4671 1712 4723 it
1803 4701 1804 4748 γ

359 4781 429 4845 tspb.
443 4779 493 4830 Al
517 4775 606 4833 πάντες
630 4773 761 4845 ἅνθρωποι
787 4777 831 4826 τοῦ
854 4774 943 4828 εἰδέναι
965 4773 1017 4844 ύρί-
1070 4777 1115 4828 Pii
1135 4772 1149 4841 Η
1169 4773 1204 4826 20
1222 4773 1266 4824 καλ
1284 4769 1370 4842 πράξει
1387 4773 1447 4824 PF:
1467 4787 1532 4822 corr.
1552 4772 1635 4835 Corsy
1653 4762 1666 4832 Η
1683 4759 1711 4811 28
1803 4801 1804 4836 γ

359 4882 443 4934 γονται
465 4861 543 4932 φύσει.
575 4867 676 4931 σημεῖον
707 4861 727 4916 δ’
756 4864 773 4934 ἡ
800 4868 853 4916 τῶν
877 4859 1019 4932 αἰσθήσεων
1070 4860 1130 4931 λίγη
1149 4863 1184 4912 P:
1203 4858 1268 4928 λέγει
1286 4861 1332 4910 sed
1351 4874 1415 4909 corr.
1435 4859 1513 4925 pnF
1803 4853 1804 4890 i

360 4953 499 5024 ἀγάπησις·
525 4949 570 5002 καλ
591 4953 638 5022 γὰρ
662 4951 740 5023 χωρὶς
762 4954 808 5023 τῆς
831 4949 940 5020 χρείας
959 4946 1018 5017 ἀγα-
