3708 5738
498 401 756 454 THEOPHRASTI
772 403 911 454 PHMSIG.
931 404 1092 456 OPINION.
1110 403 1163 455 FR.
1180 401 1211 454 12

199 637 206 651 ,
258 573 362 658 Χαῖρ’,
385 576 410 638 ὦ
433 574 592 656 θεοδμάτα,
614 575 871 658 λιπαροπλοκάμου

258 678 390 741 παίδεσσι
414 677 526 744 Λατοῦς
549 675 751 759 ἱμεροέστατον
773 674 864 760 ἔρνος,

261 779 372 843 Πόντου
395 780 530 862 θύγατερ,
552 777 661 862 χθονός
683 778 795 863 εὐρείας
817 779 950 861 ἀκίνητον
971 779 1069 862 τέρας’
1092 778 1126 840 ἀν
1150 801 1182 840 τε
1203 779 1301 862 βροτοί

258 882 352 945 Δᾶλον
367 884 581 965 κικλήσκουσιν,
597 875 724 964 μάκαρες
740 879 764 944 δ’
785 880 815 942 ἐν
831 879 954 965 ἀλύμπιρ
969 881 1146 966 τηλέφαντον
1162 881 1284 950 κυανέας
1298 881 1407 965 χθονός
1422 879 1536 964 ἄστρον.

173 985 319 1067 θυγατέρα
340 983 394 1066 γὰρ
417 982 529 1047 Πόντου
551 984 603 1066 τήν
626 982 721 1067 Δῆλον
744 981 844 1067 είρηκε
870 983 904 1045 τδ
925 983 1034 1069 λεχθὲν
1057 983 1258 1066 αἰνιττόμενος.
1293 982 1318 1046 εἰ
1340 983 1377 1066 δὴ
1401 987 1530 1066 μειοῦται
1549 1013 1561 1052 τ

172 1091 191 1171 ἡ
216 1088 356 1164 θάλαττα,
379 1087 576 1170 μειωθήσεται
599 1085 651 1167 μέν
674 1086 693 1168 ή
715 1090 764 1169 γῆ,
788 1090 912 1170 μακραῖς
932 1083 957 1148 δ’
990 1085 1128 1150 ἐνιαυτῶν
1155 1086 1297 1168 περιόδοις
1319 1086 1368 1149 καὶ
1396 1086 1436 1155 εἰς
1458 1087 1536 1150 ἅπαν

174 1192 310 1274 ἑκάτερον
322 1193 466 1274 στοιχεῖον
478 1188 711 1272 ἀναλωθήσεται,
727 1189 964 1273 δαπανηθήσεται
976 1187 1034 1273 (δέ1
1045 1189 1093 1251 καὶ
1105 1189 1122 1252 ό
1133 1188 1249 1272 σύμπας
1267 1189 1326 1272 ἀὴρ
1340 1188 1374 1250 ἐκ
1395 1192 1447 1250 τοῦ
1469 1187 1532 1252 κατ’

173 1293 267 1374 ὀλίγον
289 1291 505 1373 ἐλαττούμενος,
527 1291 755 1375 ἀποκριθήσεται
777 1292 810 1354 δὲ
832 1290 918 1356 πάντ’
945 1289 986 1361 εἰς
1009 1291 1076 1373 μίαν
1098 1290 1197 1354 οὐσίαν
1220 1292 1272 1374 τὴν
1295 1289 1400 1374 πυρός’

262 1394 340 1477 Πρὸς
355 1394 388 1456 δέ
402 1395 454 1477 τὴν
476 1397 527 1456 τοῦ
549 1394 645 1476 τρίτου
669 1394 827 1477 κεφαλαίου
850 1394 1030 1476 κατασκευὴν
1052 1399 1181 1479 χρῶνται
1203 1393 1282 1478 λόγῳ
1303 1395 1422 1478 τοιῷδε·
1440 1393 1566 1476 εφθεί-ιι

175 1521 252 1581 ρεται
274 1498 388 1564 πάντως
403 1494 506 1571 ἐκεῖνο,
528 1495 562 1558 ού
578 1497 671 1558 πάντα
686 1495 721 1559 τά
735 1497 809 1580 μέρη
824 1497 942 1580 φθαρτά
956 1496 1027 1574 ἐστι,
1048 1501 1100 1558 τοῦ
1115 1497 1148 1558 δέ
1170 1497 1281 1578 κόσμου
1304 1496 1447 1560 πάντατὰ
1463 1495 1537 1579 μήνη
1545 1496 1589 1561 24

177 1600 297 1684 φθαρτά
319 1598 390 1674 ἐστι,
412 1598 542 1682 φθαρτὸς
564 1597 621 1682 ἀρα
643 1601 658 1662 ό
680 1600 789 1681 κόσμος
811 1599 896 1663 ἐστίν.
934 1599 951 1663 δ
974 1597 999 1661 δ’
1027 1598 1246 1682 δπερεθέμεθα,
1268 1603 1317 1662 νῦν
1340 1598 1535 1662 ἐπισκεπτέον.

173 1707 255 1764 ποῖον
279 1701 365 1784 μέρος
387 1705 439 1784 τῆς
461 1705 524 1784 γῆς,
552 1700 588 1764 ἵν’
617 1703 678 1765 ἀπὸ
697 1702 803 1786 ταύτης
825 1700 993 1786 ἀρξώμεθα,
1017 1705 1113 1784 μεῖζον
1129 1701 1148 1784 11
1165 1698 1294 1778 ἔλαττον,
1313 1699 1348 1764 οὐ
1363 1699 1462 1785 χρόνῳ
1477 1701 1535 1763 δια-

174 1805 345 1888 λυθήσεται;
374 1802 466 1866 λίθων
493 1805 521 1866 οί
547 1805 747 1888 κραταιότατοι
775 1803 820 1889 ἀρ’
848 1805 882 1868 οὐ
911 1806 1023 1887 μυδῶσι
1049 1805 1097 1868 καὶ
1120 1806 1259 1889 σήπονται
1281 1803 1355 1866 κατά
1375 1804 1428 1886 τὴν
1450 1803 1541 1872 ἕξεως

173 1906 381 1971 ἀσθένειαν-
397 1908 415 1989 ἡ
432 1903 458 1969 δ’
479 1907 539 1970 ἐστὶ
559 1908 751 1990 πνευματικός
770 1909 862 1985 τόνος,
884 1907 989 1990 δεσμὸς
1012 1907 1065 1970 οῦκ
1087 1905 1238 1992 ἀρρηκτσς,
1261 1905 1335 1968 ἀλλά
1361 1906 1448 1987 μόνονΙ
1472 1906 1536 1968 δυσ·

173 2011 303 2079 διάλυτος
318 2043 361 2054 -
376 2009 569 2093 θρυπτόμενοι
584 2011 632 2073 καί
656 2010 767 2095 ῥέοντες
788 2010 829 2079 είς
848 2011 955 2093 λεπτὴν
976 2011 1009 2072 τὸ
1029 2015 1143 2094 πρῶτον
1160 2009 1330 2072 ἀναλύονται
1345 2008 1436 2090 κόνινγ
1460 2004 1529 2088 [εἶθ’
1554 2035 1578 2073 ιν

175 2112 291 2196 ὕστερον
313 2112 527 2195 δαπανηθέντες
549 2112 762 2195 ἐξαναλύονται]
784 2113 813 2175 τί
834 2111 879 2196 δέγ
902 2113 927 2175 εἰ
950 2113 990 2195 μὴ
1006 2111 1078 2195 πρὸς
1100 2112 1215 2194 ἀνέμων
1238 2112 1376 2196 ύιπίζοιτο
1398 2111 1431 2173 τὸ
1449 2109 1537 2194 ὕδωρ,

173 2213 306 2296 ἀκίνητον
333 2213 421 2276 ἐαθέν
449 2215 506 2300 οὐχ
534 2215 582 2300 ὑφ’
610 2216 735 2301 ἡσυχίας
757 2221 921 2299 νεκροῦταιγ
953 2216 1124 2300 μεταβάλλω
1153 2219 1221 2297 γοῦν
1248 2214 1297 2277 καὶ
1321 2213 1536 2277 δυσωδέστατον

174 2315 279 2397 γίνεται
307 2315 355 2378 οἷα
378 2318 475 2402 ψυχήν
498 2318 686 2402 ἀφῃρημένον
710 2316 796 2401 ζῷον.
833 2317 869 2382 αῖ
890 2340 923 2400 γε
945 2317 1002 2400 μὴν
1025 2317 1110 2401 ἀέρος
1132 2315 1240 2401 φθοραὶ
1264 2317 1350 2380 παντί
1370 2339 1412 2402 τιρ
1435 2317 1535 2400 δῆλαι·

174 2421 268 2480 νοσεῖν
289 2417 343 2500 γάρ
366 2419 413 2481 καὶ
440 2420 552 2504 φθίνειν
573 2421 622 2483 καὶ
644 2421 749 2504 τρόπον
771 2416 822 2483 τιν’
850 2418 1047 2502 ἀποθνήσκειν
1069 2418 1206 2503 πέφυκεν.
1240 2417 1302 2482 ἐπεὶ
1325 2419 1353 2481 τί
1373 2419 1409 2483 ἄν
1434 2441 1475 2488 τις
1495 2419 1536 2502 μὴ

176 2519 391 2604 στοχαζόμενος
424 2523 572 2604 ὀνομάτων
609 2523 781 2606 εὐπρεπείας
816 2521 891 2586 ἀλλά
915 2521 1079 2604 τάληθοῦς,
1119 2519 1195 2583 είποι
1221 2522 1322 2604 λοιμόν
1355 2521 1428 2586 εἶναι
1460 2523 1536 2605 πλὴν
1555 2549 1580 2589 2⁰

177 2622 263 2704 ἀέρος
291 2622 415 2686 θάνατον
448 2625 480 2687 τὸ
508 2625 613 2688 οἰκεῖον
641 2626 735 2694 πάθος
762 2624 936 2710 ἀναχέοντος
965 2623 1012 2686 ἐπὶ
1035 2624 1133 2707 φθορᾷ
1155 2624 1269 2686 πάντων
1293 2625 1349 2688 ὅσα
1370 2630 1468 2710 ψυχῆς
1491 2649 1538 2707 με·

175 2725 323 2807 μοίραται;
345 2726 374 2786 τί
388 2727 446 2811 χρὴ
463 2733 653 2812 μακρηγορεῖν
675 2729 739 2812 περὶ
761 2728 865 2812 πυρός;
887 2728 1055 2811 ἀτροφῖησαν
1078 2725 1131 2809 γὰρ
1148 2725 1251 2790 αὐτίκα
1266 2726 1414 2811 σβέννυται
1429 2728 1539 2812 χωλόν,

173 2824 194 2910 γ’]
225 2847 312 2912 φασιν
340 2831 367 2890 οἱ
395 2829 527 2913 ποιηταί,
555 2831 670 2913 γεγονὸς
698 2826 727 2898 ἐξ
754 2831 868 2894 ἑαυτοῦ.
905 2830 950 2893 διὸ
978 2828 1205 2912 σκηριπτόμενον
1228 2829 1367 2913 όρθοῦται
1389 2830 1462 2893 κατὰ
1484 2831 1538 2914 τὴν

176 2935 229 3014 τῆς
252 2931 432 3015 ἀναφθείσης
456 2933 526 3016 ῦλης
548 2936 650 3018 νομήν,
673 2931 905 3016 ἐξαναλωθείσης
920 2930 946 2995 δ’
967 2930 1145 3016 ἀφανίζεται.
1176 2932 1209 2994 τὸ
1224 2934 1425 3017 παραπλήσιον
1441 2933 1538 3014 μέντοι

174 3033 221 3096 καί
248 3033 314 3103 τούς
336 3035 410 3098 κατὰ
433 3037 485 3119 τὴν
504 3033 622 3120 Ἰνδικήν
645 3037 800 3120 δράκοντάς
823 3057 893 3121 φασι
916 3035 1048 3119 πάσχειν.
1087 3035 1262 3118 ἀνέρποντας
1283 3035 1337 3119 γάρ
1359 3034 1406 3098 ἐπὶ
1429 3035 1465 3098 τὰ
1489 3037 1536 3118 μέ·
1555 3063 1580 3102 τι

174 3157 256 3219 γιστα
278 3141 336 3200 τῶν
360 3136 457 3222 ζῴων,
478 3139 647 3224 ἐλέφαντας,
669 3140 734 3222 περὶ
756 3115 835 3202 νῖυτα
856 3138 905 3202 καί
927 3138 1014 3220 νηδύν
1037 3137 1152 3202 ἅπασαν
1169 3138 1322 3216 είλεῖσθαι,
1344 3138 1438 3222 φλέβα
1454 3136 1480 3200 δ’
1501 3139 1537 3222 ἣν

179 3238 213 3302 ἀν
237 3239 315 3324 τύχη
338 3241 483 3311 διελόντας
504 3241 631 3324 ἐμπίνειν
652 3247 704 3306 τοῦ
727 3241 858 3324 αἵματος,
880 3241 1036 3323 ἀπλήστως
1059 3238 1277 3322 ἐπισπωμένους
1297 3239 1383 3326 βιαίιρ
1398 3240 1538 3322 πνεύματι

181 3341 230 3405 καί
261 3343 388 3427 συντόνιρ
418 3343 517 3430 ῥοίζῳ.
555 3345 641 3430 μέχρι
670 3345 722 3426 μὲν
749 3341 799 3407 ούν
821 3343 897 3412 τινός
917 3340 1160 3423 ἐξαναλουμένους
1181 3339 1308 3410 ἐκείνους
1329 3343 1460 3428 ἀντέχειν
1484 3340 1533 3405 ὑπ’

175 3444 340 3529 ἀμηχανίας
371 3447 601 3530 ἀνασκιρτῶντας
624 3449 671 3511 καί
693 3447 733 3530 τή
754 3445 917 3530 προνομαίᾳ
938 3445 992 3527 τὴν
1018 3443 1143 3528 πλευρὰν
1172 3443 1328 3515 τύπτοντας
1362 3449 1402 3515 ως
1425 3444 1537 3515 καθιξό-

176 3547 279 3630 μένους
301 3551 359 3609 τῶν
382 3549 561 3632 δρακόντων,
587 3547 639 3614 εἶτ’
667 3551 713 3614 ἀεὶ
735 3548 908 3632 κενουμένου
934 3550 987 3610 τοῦ
1016 3550 1139 3618 ζωτικοῦ
1165 3547 1260 3628 πηδᾶν
1286 3547 1338 3628 μὲν
1366 3549 1469 3631 μηκέτι
1491 3548 1537 3612 δύ-
1556 3577 1580 3615 ου

175 3649 293 3729 νασθαι,
315 3652 556 3735 κραδαινομένους
578 3651 604 3716 δ’
633 3654 758 3731 ἑστάναι,
781 3651 882 3736 μικρὸν
905 3648 932 3714 δ’
962 3649 1078 3732 ὕστερον
1101 3647 1230 3712 καὶτῶν
1252 3651 1364 3713 σκελῶν
1386 3649 1539 3736 ἐξασθενη-

174 3753 286 3816 σάντων
314 3755 556 3824 κατασεισθέντας
583 3755 639 3819 ὑπὸ
669 3756 819 3841 λιφαιμίας
845 3753 1022 3839 ἀποψύχειν·
1052 3751 1200 3822 πεσόντας
1214 3751 1247 3815 δέ
1268 3752 1335 3822 τοῦς
1357 3753 1465 3824 αἰτίους
1486 3758 1539 3818 τοῦ

176 4048 188 4098 1
219 4043 349 4116 θεοδμήτα
379 4049 408 4098 M
439 4044 452 4112 11
485 4044 500 4096 2
524 4045 610 4104 παιδὸς
633 4049 724 4112 vulgo:
761 4043 824 4097 παῖδ’
885 4045 914 4098 12
945 4043 1038 4097 ταύτοῦ
1065 4061 1083 4093 α
1111 4047 1142 4096 οἱ.
1168 4042 1320 4109 p.488,19
1348 4041 1363 4112 11
1391 4040 1536 4114 διαλυθήσε-

177 4133 199 4185 οί
230 4137 271 4186 Μι
304 4151 368 4186 corr·
401 4136 515 4186 Boeckh.
546 4138 654 4186 semeso
684 4137 829 4186 variaverat
880 4149 921 4184 ται
939 4150 968 4182 αι
996 4131 1135 4184 διαλύσεται
1157 4135 1198 4184 Μι
1225 4130 1237 4198 11
1266 4133 1296 4184 13
1320 4130 1536 4200 κραταιότατοιαι
1559 4180 1562 4186 ,

175 4225 283 4288 scriptor
305 4219 401 4273 παίδοιν
420 4226 493 4273 metri
511 4227 645 4275 immemor
664 4219 677 4288 11
702 4222 719 4272 4
741 4220 829 4290 κικλή-
881 4221 1008 4289 κράτιστοι
1043 4223 1071 4272 Μ
1102 4220 1116 4288 11
1152 4219 1183 4272 15
1213 4217 1306 4271 είθ’-·
1319 4215 1492 4278 ἐξαναλύονται
1521 4238 1538 4270 α

174 4324 267 4361 σκοισιν
285 4311 371 4375 Bergk
392 4307 407 4374 ΙΙ
427 4311 537 4378 μάκαρος
555 4312 646 4375 vulget
666 4309 750 4378 μάκαρ
767 4311 793 4361 M
817 4309 830 4379 11
883 4311 972 4375 vulgo:
987 4327 1036 4360 om.
1051 4311 1080 4360 M
1093 4311 1124 4360 cs.
1136 4309 1278 4360 Buecheler
1289 4309 1358 4359 Mus.
1371 4309 1420 4358 Rh.
1430 4309 1540 4361 XXXII

172 4395 312 4465 τηλέφατον
341 4408 401 4448 ante
429 4399 567 4462 Bergkium
594 4395 606 4465 11
638 4396 654 4449 5
682 4395 712 4465 δὴ
741 4400 769 4448 Μ
798 4401 829 4449 οῖ.
881 4392 1357 4462 4421116τ1υάυτιετιδὲνιιιςο11
1376 4393 1537 4446 17κα1αΜι

173 4503 196 4551 μ.
211 4485 270 4546 4118,
285 4485 314 4536 8:
345 4483 372 4535 δδ
395 4503 412 4533 α
441 4489 518 4550 vulgo
539 4481 552 4551 11
573 4485 588 4537 ’1
613 4483 639 4536 δέ
665 4487 755 4549 vulgo:
778 4501 828 4536 om.
881 4483 925 4535 καὶ
938 4481 968 4535 τὸ
981 4486 1058 4548 vulgo
1081 4480 1093 4552 11
1117 4483 1149 4536 18
1167 4479 1242 4552 δῆλον
1261 4491 1320 4533 ante
1339 4483 1508 4548 Bernaysium
1523 4479 1537 4549 11

173 4574 220 4624 υΜ
253 4571 267 4639 11
300 4571 347 4641 τὴν
373 4571 449 4641 πυρός
477 4591 505 4623 αι
538 4574 583 4623 τοῦ
610 4572 686 4642 πυρός
713 4576 755 4624 Μι
782 4572 829 4641 τὴν
883 4567 1135 4639 19ἀποθνήσκωνΜ
1150 4566 1164 4637 11
1179 4567 1536 4640 θΟστοχαζόμενοςανιιΙροι

172 4663 218 4710 τοῦ
236 4658 311 4728 πυρός
330 4663 430 4712 Usener
453 4662 483 4711 cs.
511 4679 535 4726 p.
559 4657 618 4721 250,
632 4660 749 4712 lOBern.
772 4657 785 4726 11
812 4663 827 4714 9
881 4659 1105 4728 στοχασάμινοςΜ
1125 4654 1139 4724 11
1159 4655 1192 4709 θθ
1211 4656 1278 4709 κατά
1295 4655 1337 4708 τὸν
1351 4659 1381 4708 Μ
1401 4651 1414 4722 11
1440 4655 1474 4707 θ4
1493 4673 1537 4721 μο-

172 4751 284 4814 χρῶνται
296 4763 313 4796 α
325 4736 418 4813 νυίροι
432 4751 523 4816 χρᾶται
535 4749 564 4798 Μ
578 4749 651 4798 unde*
658 4749 750 4816 χρῆται
763 4749 827 4799 Ber·
879 4747 924 4816 νήν
942 4748 1003 4798 αΜι
1022 4747 1135 4796 correxit
1152 4747 1253 4797 Usener
1273 4741 1285 4812 11
1306 4746 1338 4796 de
1350 4745 1453 4795 fabulae
1472 4758 1537 4808 quae

172 4849 236 4898 παφα
257 4829 269 4898 11
292 4832 324 4884 10
342 4831 372 4884 ού
390 4833 471 4886 πάντα
488 4833 520 4885 τό
538 4851 566 4884 σι
590 4833 622 4885 τά
644 4850 694 4886 om.
713 4837 741 4886 M
761 4831 774 4902 11
795 4833 825 4886 11
878 4837 994 4900 sequitur
1012 4841 1117 4884 auctore
1135 4833 1191 4884 dixi
1209 4833 1279 4884 Prol.
1298 4849 1323 4897 ρ.
1340 4825 1419 4898 10811
1439 4827 1473 4882 26
1484 4833 1537 4880 τῶν

172 4916 283 4989 φθαρτός
301 4919 350 4990 ἄρα
368 4920 420 4972 καὶ
443 4917 568 4989 ύκόσμος
587 4925 647 4984 (om.
667 4919 742 4985 ἐστίν)
760 4939 778 4971 α
797 4924 827 4973 οῖ.
880 4924 922 4974 M:
946 4937 996 4972 om.
1021 4922 1098 4985 vulgo
1128 4917 1141 4988 11
1180 4916 1213 4972 θθ
1237 4915 1416 4985 καθιξσμίνους
1445 4918 1536 4982 vulgo:

171 5010 258 5060 Laert.
282 5011 334 5060 VII
361 5008 408 5060 141
440 5003 550 5076 φθαρτὸς
578 5007 626 5076 ἀρα
654 5006 667 5060 ό
694 5007 787 5076 κόσμιος
811 5007 825 5076 11
880 5003 1063 5075 καθεξομίναυς
1080 5007 1111 5058 M
