3710 5730
701 407 977 460 PROLEGOMENA
1472 406 1514 470 25

155 574 308 657 scriptum
331 574 408 640 olim
430 572 538 640 inerit.
566 581 653 642 certe
676 595 716 640 ex
739 573 805 640 alia
828 574 983 640 memoria
1007 575 1064 640 illa
1086 575 1127 640 de
1149 575 1297 657 Diogene
1319 573 1513 666 philosopho

154 676 260 742 minua
281 681 359 742 noto
381 683 502 742 novata
533 698 621 762 esse,
648 697 761 762 parurn
784 673 948 743 credibile.
994 677 1108 742 ultima
1130 677 1309 744 Stoicorum
1341 678 1450 762 opinio
1473 700 1513 745 ex

154 775 333 844 enchiridio
356 779 471 863 opinor
492 779 613 845 Eudori
636 779 754 846 adsuta
776 784 834 845 est
867 799 964 862 porro
986 779 1181 846 Plutarchea
1207 780 1238 844 Il
1262 781 1303 844 14
1325 790 1346 842 1.
1366 791 1390 844 2.
1412 791 1429 843 4
1448 802 1514 848 non

153 880 341 964 incorrupta
372 901 405 964 p.
430 881 544 946 1330»
573 888 769 948 manserunt.
813 881 871 946 sed
904 889 1094 966 compensat
1125 881 1187 947 hoc
1219 882 1436 966 interpolandi
1470 883 1514 948 vi-

152 983 233 1048 tium
260 990 485 1067 excerptorum
513 1003 554 1049 ex
580 985 612 1048 II
632 986 675 1050 λθ
697 1005 729 1068 p.
751 984 863 1048 138nn
886 983 1058 1066 singularis
1091 983 1250 1068 quaedam
1282 984 1393 1049 virtus.
1439 1005 1514 1050 uam

153 1086 242 1169 quod
273 1085 455 1151 Philolaum
486 1085 662 1152 credidisse
689 1086 736 1150 ait
767 1087 899 1170 τρισσοὺς
928 1086 1000 1151 εἶναι
1030 1090 1143 1172 ἡλίους,
1169 1087 1245 1152 inde
1271 1085 1436 1152 Plutarchi
1468 1085 1514 1154 in·

151 1189 312 1254 fuscatam
334 1188 516 1270 invulgata
535 1188 723 1256 memoriam
745 1209 844 1274 supra
865 1189 989 1254 restitui
1013 1212 1042 1274 p.
1062 1191 1111 1255 14.
1139 1195 1253 1254 contra
1275 1210 1358 1273 quae
1382 1211 1411 1273 p.
1426 1190 1514 1254 reas

152 1313 193 1358 ex
215 1293 338 1357 11201
363 1291 406 1358 de
427 1291 670 1358 Anaximandro
692 1311 758 1358 non
780 1297 1005 1375 excerpuntur,
1028 1293 1086 1359 sed
1108 1300 1246 1359 ventosa
1266 1292 1458 1384 paraphrasi
1481 1293 1513 1356 in

152 1414 261 1462 meras
282 1394 423 1478 ineptias
445 1394 693 1478 detorquentur,
717 1413 758 1458 ea
779 1393 962 1458 accuratius
986 1395 1182 1478 pensitanda
1203 1403 1287 1460 sunt.
1320 1393 1515 1478 conscripse-

151 1518 221 1562 ram
250 1495 326 1561 olim
351 1495 503 1563 fusiorem
532 1497 802 1580 disputationem,
835 1495 911 1578 quia
938 1497 1073 1562 Achillis
1100 1497 1173 1562 forti
1208 1495 1409 1581 impudentia
1442 1517 1512 1560 cum

149 1599 234 1665 alios
256 1605 323 1664 tum
347 1598 507 1668 Zellerum
531 1598 702 1682 deceptum
724 1598 887 1663 videbam·
909 1599 967 1664 sed
991 1605 1160 1682 postquam
1181 1597 1427 1665 Teichmnelleri
1443 1598 1514 1664 Stu-

148 1701 212 1766 diis
235 1700 280 1766 illi
310 1699 513 1783 aliquantum
535 1699 610 1766 fidei
633 1700 798 1783 demptum
821 1706 880 1778 est,
904 1719 1097 1784 quamquam
1114 1701 1341 1767 Plutarcheam
1358 1699 1514 1783 originem

150 1825 193 1870 ne
216 1804 270 1870 ille
299 1800 428 1885 quidem
462 1803 577 1888 sensit,
605 1801 776 1888 profligata
802 1823 867 1866 non
896 1809 1017 1886 repeto.
1050 1802 1292 1869 Anaximandro
1313 1803 1411 1886 igitur
1432 1801 1514 1867 haec

148 1908 281 1990 placent
311 1905 353 1970 de
381 1905 486 1972 astris
532 1905 623 1988 lingit
654 1905 790 1970 circulos
822 1905 901 1970 solis
932 1912 965 1968 et
997 1911 1177 1972 ceterorum
1212 1914 1372 1972 astrorum
1409 1925 1514 1988 neque

151 2009 274 2092 solidos
302 2027 409 2090 neque
440 2007 665 2092 adumbratos,
704 2006 761 2072 sed
795 2025 871 2072 aere
900 2006 1036 2072 densato
1069 2007 1174 2074 iactos
1200 2027 1341 2092 aereque
1368 2008 1510 2093 pulsos*

150 2109 422 2192 quemadmodum
444 2117 564 2176 terram
579 2110 678 2194 plano
695 2109 841 2194 cylindro
857 2117 1034 2192 comparat,
1058 2109 1103 2175 sio
1125 2110 1203 2176 solis
1225 2111 1314 2176 illum
1338 2110 1512 2176 folliculum

149 2211 211 2278 sub
234 2218 326 2278 rotae
348 2211 434 2278 orbis
456 2211 551 2297 (ἁψίς)
574 2213 676 2295 ligura
699 2216 933 2295 repraesentat.
967 2211 1048 2276 sicut
1063 2213 1149 2278 enim
1164 2232 1205 2278 ex
1228 2221 1401 2280 curvatura
1423 2219 1514 2278 rotae
1588 2277 1595 2290 ,

150 2315 234 2381 radii
257 2313 397 2381 medium
419 2321 548 2400 petunt,
574 2314 621 2379 ita
643 2313 720 2380 solis
742 2313 892 2379 flammae
919 2333 959 2379 ex
985 2313 1169 2381 interiore
1197 2315 1307 2382 circuli
1334 2321 1427 2400 parte
1456 2335 1514 2399 per

149 2437 250 2484 unum
279 2417 426 2484 toramen
452 2423 625 2502 erumpunt
652 2423 685 2482 et
714 2439 771 2498 per
796 2419 901 2498 mopsi
927 2420 1043 2480 circum
1071 2422 1234 2500 spiraculo
1261 2417 1396 2483 mundi*
1422 2417 1514 2501 ignes

149 2521 238 2587 intus
260 2522 405 2587 reclusos
426 2520 460 2585 iu
483 2527 601 2586 terram
622 2539 735 2586 versus
757 2519 879 2587 efflant.
913 2519 1050 2585 circulus
1072 2528 1228 2605 perpetuo
1244 2543 1280 2588 se
1294 2521 1379 2587 circa
1394 2527 1512 2587 terram

149 2631 304 2708 torquens
344 2623 452 2707 quoad
491 2643 588 2706 super
624 2623 713 2688 illam
750 2623 896 2688 foramen
940 2621 1092 2706 exhibet,
1129 2623 1236 2708 diem,
1275 2623 1382 2708 quoad
1419 2623 1513 2704 inira,

147 2731 277 2791 noctem
293 2724 400 2791 efficit.
424 2725 582 2791 obturatis
595 2725 764 2809 spiraculis
775 2717 975 2790 dele'ctiones
986 2723 1138 2790 existunt.
1173 2732 1307 2792 eatenus
1318 2726 1513 2792 adumbrare

147 2847 283 2894 necesse
299 2834 370 2894 erat
389 2829 608 2894 astronomiae
622 2847 761 2912 graecae
776 2826 878 2910 initia,
901 2845 985 2909 quae
1000 2828 1112 2910 quanti
1128 2829 1280 2893 momenti
1297 2835 1416 2912 esseut,
1439 2847 1511 2893 sero

146 2930 296 3013 intellegi
330 2937 479 3015 coeptum
506 2938 565 2998 est.
604 2931 661 2997 sed
696 2931 746 2996 his
778 2927 905 3012 plenius
933 2928 1133 3012 explicandis
1164 2949 1241 2994 suus
1271 2931 1399 2996 dabitur
1431 2929 1511 2995 dies.

146 3034 247 3100 redeo
273 3035 316 3100 ad
338 3034 465 3100 Placita
486 3035 577 3100 1120
598 3045 607 3094 l
642 3031 987 3115 Ἀναξίμανδρος“κύκλον
1014 3030 1085 3096 εἶναι
1110 3075 1118 3090 .
1141 3073 1148 3090 .
1173 3075 1180 3090 .
1203 3035 1300 3118 πλήρη
1327 3035 1416 3117 πυρὸς
1438 3035 1512 3096 κατά

146 3161 173 3200 τι
197 3138 284 3222 μέρος
306 3137 497 3222 ἐκφαίνουσαν
519 3139 568 3201 διὰ
589 3139 709 3220 στομίου
732 3139 764 3200 τὸ
787 3140 844 3220 πῦρ
873 3135 988 3218 ὥσπερ
1016 3135 1071 3196 out
1093 3141 1290 3218 πρηστῆρος
1312 3137 1430 3199 αὐλοῦ.
1463 3136 1511 3198 καὶ

145 3239 221 3302 τοῦτ
249 3238 322 3304 εἶναι
344 3242 393 3302 τὸν
415 3241 508 3324 ἥλιον.
531 3240 641 3305 exeis
664 3257 749 3324 quae
772 3236 840 3302 dixi
855 3236 961 3302 elucet
976 3240 1124 3318 prestera
1139 3237 1229 3302 illum
1253 3259 1317 3304 non
1340 3258 1412 3304 esse
1435 3243 1511 3302 tur-

144 3341 271 3408 binem
293 3342 460 3426 igneum,
483 3361 582 3424 quem
606 3342 732 3408 Seneca
756 3341 796 3406 N.
820 3339 881 3418 Qu.
906 3339 991 3404 v13
1010 3347 1027 3400 3
1045 3339 1283 3422 interpretatur.
1318 3340 1408 3404 cuius
1435 3339 1511 3424 quid

144 3446 190 3510 sit
211 3445 320 3510 fistula
340 3465 381 3510 ne
396 3444 588 3511 somniando
610 3443 682 3527 quis
698 3443 861 3509 divinarit.
896 3441 993 3506 miror
1007 3441 1227 3526 Schusternm,
1250 3441 1304 3525 qui
1327 3441 1511 3507 Heraclitea

144 3548 378 3631 interpretatus
400 3569 431 3631 p.
450 3549 511 3612 125
545 3553 716 3631 postquam
742 3547 776 3610 in
803 3565 915 3612 verum
943 3543 1026 3608 sorte
1052 3543 1164 3609 incidit
1191 3543 1252 3610 hoc
1278 3544 1426 3626 neglecto
1454 3543 1511 3608 ial-

145 3649 275 3716 sissima
296 3650 364 3714 alia
386 3649 572 3733 excogitare
593 3649 715 3714 maluit.
747 3654 902 3734 πρηστῆρα
925 3646 1010 3712 enim
1031 3645 1143 3710 flatum
1166 3665 1238 3712 esse
1261 3647 1345 3729 vult,
1369 3667 1433 3728 quo
1455 3646 1511 3712 im-

145 3752 255 3835 pletae
278 3751 377 3819 tibiae
392 3773 491 3819 sonos
506 3751 617 3818 edunt.
646 3751 788 3817 concedo
804 3748 1048 3834 significationis
1063 3749 1240 3814 novitatem
1255 3749 1297 3814 ab
1312 3748 1511 3834 etymologia

144 3853 226 3918 satis
254 3853 456 3936 probabilem
485 3875 568 3922 esse.
606 3853 665 3919 sed
695 3853 773 3938 ipsi,
808 3853 994 3938 prinsquam
1024 3856 1148 3934 utatur,
1182 3852 1377 3918 Placitorum
1409 3851 1511 3917 verba

143 3955 358 4022 coniectando
381 3964 508 4024 mutare
523 3955 613 4040 libet,
635 3975 696 4021 nee
718 3956 830 4038 semel,
853 3953 911 4020 sed
933 3953 1059 4018 duobus
1080 3953 1169 4020 locis.
1203 3973 1279 4018 narn
1294 3959 1423 4037 praeter
1438 3954 1510 4019 Plu-

142 4057 248 4122 tarchi
271 4058 378 4123 locum
400 4059 486 4125 unde
509 4056 645 4142 proiecti
672 4077 796 4140 sumus,
824 4056 921 4122 etiam
950 4054 1111 4120 Stobaeus
1132 4055 1219 4119 Plac.
1235 4056 1267 4120 II
1283 4057 1324 4120 25
1347 4065 1357 4116 1
1382 4063 1508 4140 πρηστῆ-

143 4184 193 4244 ρος
223 4159 313 4225 αιλλόν
341 4181 407 4225 non
438 4159 525 4243 quod
557 4159 731 4225 Schustero
758 4156 866 4241 placet
898 4162 1052 4242 πρηστῆρα
1083 4157 1175 4221 αὐλοῦ
1205 4157 1377 4222 testatur.³
1428 4157 1510 4223 haec

218 4401 224 4433 ¹
245 4407 276 4455 el.
295 4407 418 4471 Hippoer.
438 4407 469 4457 de
490 4415 558 4457 vent.
578 4405 594 4457 3
613 4404 664 4468 [VI
684 4405 717 4456 94
730 4403 761 4467 L]
788 4399 851 4454 ἀλλὰ
875 4403 925 4470 μὴν
943 4401 1015 4471 ἡλίου
1033 4421 1060 4454 τε
1082 4405 1126 4456 καὶ
1150 4403 1254 4472 σελήνης
1277 4407 1320 4456 καὶ
1339 4405 1437 4474 ἄστρων
1456 4405 1510 4464 ὁδὸς

141 4489 183 4541 διὰ
201 4493 247 4541 τοῦ
266 4488 494 4558 reciprocatorum
522 4497 559 4561 τῷ
578 4493 624 4560 γὰρ
643 4491 701 4560 πυρὶ
720 4490 748 4542 τὸ
767 4494 864 4557 πνεῦμα
881 4490 962 4558 τροφή
983 4527 989 4540 .
1009 4528 1016 4540 .
1036 4527 1042 4541 .
1062 4488 1127 4542 ὥστε
1146 4493 1189 4543 καὶ
1206 4491 1249 4543 τὸν
1267 4497 1311 4543 τοῦ
1330 4491 1401 4561 ἡλίου
1420 4491 1511 4561 δρόμον

141 4577 245 4628 dimaon
264 4575 278 4628 d
297 4577 345 4646 ἀὴρ
364 4578 464 4636 timor
482 4580 525 4632 καὶ
544 4577 632 4636 λεπτὸς
652 4577 701 4630 ἐὼν
720 4578 863 4647 παρέχεται.
890 4597 914 4628 v.
933 4581 1010 4630 etiam
1030 4581 1083 4629 ind.
1103 4581 1237 4631 Aristotel.
1256 4599 1280 4645 p.
1293 4581 1364 4633 822·
1379 4581 1421 4632 20.

214 4662 225 4695 ²
242 4669 343 4716 lauerat
359 4669 396 4716 VI
410 4667 463 4720 493
481 4671 561 4734 ipsius
574 4667 764 4720 Anaximandri
777 4668 921 4716 doctrinam
940 4670 1034 4731 opinor
1053 4669 1192 4732 explicans,
1213 4685 1288 4732 quam
1303 4671 1431 4734 Epicureo
1451 4673 1504 4720 eui·

140 4754 202 4802 dam
225 4753 369 4803 enchiridio
394 4755 482 4816 debet,
513 4759 589 4820 qualo
615 4773 647 4806 ex
679 4757 792 4818 priorum
816 4756 916 4819 placide
941 4756 1062 4818 compilat
1085 4757 1211 4820 Epicurus
1236 4759 1310 4820 epist.
1333 4759 1366 4806 ad
1389 4758 1508 4820 Pythocl.

142 4837 323 4890 naemxec.
349 4843 538 4892 Anaximandri
569 4846 658 4907 opinio
685 4859 737 4892 uon
757 4843 846 4892 dubito
866 4845 927 4904 quin
947 4844 1165 4892 exanimandum
1185 4844 1360 4902 similitudine,
1380 4845 1509 4893 utsolent

142 4935 254 4986 veteres,
274 4930 397 4977 arcessita
414 4930 456 4978 stt.
612 4979 614 4984 ,

215 5009 226 5042 ³
244 5011 410 5064 Schusterurn
429 5017 496 5066 male
515 5023 630 5082 seqnitur
648 5015 826 5075 Snsemihlius‚
844 5015 1037 5066 dabresbericht
1054 5017 1082 5066 ll
1102 5017 1142 5066 llI
1161 5015 1177 5067 5
1195 5033 1220 5082 p.
1235 5015 1322 5067 274¹t
