3756 5736
340 405 402 470 188
605 410 669 460 xv1
706 411 755 460 nr.
775 411 877 460 narn
896 411 1132 462 rnncrrounu
1152 412 1423 464 courosrrroun

339 575 459 640 frustra
486 581 596 660 eruut,
626 576 681 659 qui
710 576 931 661 Pythagoram
959 584 1131 661 ceteraque
1160 579 1255 645 tutati
1283 578 1428 646 Ocellam
1457 581 1699 667 Archytamque

339 683 503 760 tamquam
524 677 738 761 interpolatos
761 679 936 762 expellant.
980 680 1106 746 aceedit
1133 680 1219 764 quod
1246 681 1373 765 patriae
1395 681 1557 748 adduntur
1579 684 1699 769 Pytha·

339 798 440 861 gorae
462 780 591 846 Platoni
614 779 816 848 Dicaearcho
838 781 1016 866 Aristoteli,
1038 782 1188 867 idemque
1210 803 1280 848 mos
1301 783 1335 848 in
1358 781 1469 851 Ocello
1491 783 1700 870 Archytaqne

340 880 540 947 observatur.
580 881 657 965 quid
679 883 802 947 multa?
833 883 904 967 ipse
926 882 1189 950 Varro'accedat
1210 904 1290 951 suae
1320 885 1489 953 doctrinae
1514 886 1636 954 vindex
1657 888 1701 954 de

339 1003 374 1048 re
390 989 467 1048 rust.
483 983 516 1048 II
532 985 599 1069 13²
622 987 726 1066 Igitur,
748 988 884 1068 inquam,
907 995 936 1050 ct
946 1005 1048 1067 pecua
1062 1007 1130 1050 eum
1144 1007 1265 1069 seraper
1278 990 1377 1068 [abac
1391 992 1432 1052 ait
1446 1007 1569 1052 accam
1583 997 1700 1054 cutura

339 1089 420 1162 (rica
442 1088 522 1152 caim
543 1088 671 1168 aliquod
691 1089 752 1168 fail
775 1090 961 1169 principiam
981 1090 1152 1170 geaaaadi
1173 1091 1355 1154 animalium
1376 1102 1409 1154 ut
1426 1093 1547 1173 putauit
1570 1091 1700 1154 Thales

339 1190 505 1254 Milesiae
527 1199 556 1253 et
582 1191 610 1252 Z
618 1211 685 1252 erro
713 1191 857 1254 Citieus
882 1193 948 1254 aire
970 1201 1080 1254 contra
1100 1193 1289 1274 principium
1314 1195 1423 1257 boram
1453 1195 1554 1256 extitit
1582 1195 1701 1258 nullum

339 1301 373 1354 at
395 1293 528 1354 credidit
549 1293 780 1375 Pythoporas
803 1292 949 1358 Samias
972 1303 1000 1356 et
1022 1297 1247 1358 Aristotelea
1269 1296 1488 1377 Staqcrttas)
1510 1315 1634 1359 necem
1656 1307 1701 1360 est

339 1395 492 1458 bamma
512 1397 594 1457 citae
616 1413 638 1457 a
658 1415 777 1458 samma
798 1399 948 1460 monteria
968 1397 1125 1478 gradatim
1146 1397 1343 1462 Mandata
1364 1399 1407 1461 ad
1426 1399 1506 1461 hanc
1522 1407 1653 1462 aetatem
1667 1409 1703 1463 at

340 1499 448 1560 scibit
469 1499 725 1562 Dicaearchus
748 1516 897 1564 ...ecce
918 1497 1124 1582 Pythagoras
1154 1518 1226 1564 cum
1247 1499 1422 1566 Aristotele
1444 1504 1477 1565 ct
1498 1499 1701 1568 Dicaearcho

340 1599 484 1665 eiusdem
507 1598 668 1683 opinionis
683 1599 822 1685 patroni,
845 1600 977 1683 quaein
993 1599 1172 1667 Censorino
1188 1601 1371 1669 accuratius
1386 1600 1569 1684 exponitur.
1593 1623 1701 1688 neque

339 1699 608 1784 philosophorum
632 1700 759 1784 patriae
784 1722 849 1768 non
875 1701 1048 1768 adduntur.
1067 1714 1072 1722 '
1092 1703 1134 1770 de
1155 1705 1373 1770 Romanorum
1394 1702 1614 1787 Varronisque
1636 1706 1700 1791 Py·

339 1802 515 1886 thagoricis
530 1803 645 1868 studiis
659 1803 780 1870 dictum
795 1810 845 1871 est
858 1823 879 1868 a
893 1803 935 1870 Μ.
952 1803 1082 1872 Hertaio
1099 1806 1141 1871 de
1157 1805 1265 1888 Nigid.
1281 1804 1352 1888 Fig.
1372 1825 1405 1888 p.
1415 1805 1458 1871 24
1478 1804 1517 1872 cf.
1530 1805 1697 1874 Ritschelii

340 1925 449 1988 opusc.
469 1906 610 1972 111442.
645 1903 748 1972 Ocelli
774 1906 855 1972 liber
883 1907 1013 1990 quando
1040 1907 1236 1992 compositus
1266 1907 1371 1973 sitne
1392 1907 1547 1974 Varronis
1569 1907 1699 1990 quidem

339 2013 449 2074 aetate
475 2013 562 2078 certo
589 2005 734 2074 efficitur.
778 2029 854 2074 nam
881 2009 908 2074 si
934 2009 1120 2078 Andronico
1146 2008 1233 2093 quod
1259 2027 1358 2092 supra
1383 2009 1450 2074 dixi
1479 2007 1612 2074 inferior
1640 2009 1702 2076 fuit

339 2105 491 2174 falsarius
519 2128 541 2174 a
567 2127 645 2175 sene
667 2110 814 2176 Varrone
844 2131 1000 2176 nouorum
1031 2111 1185 2178 librorum
1213 2109 1308 2176 utin
1335 2109 1553 2192 grammaticis
1575 2129 1702 2197 aucupe

340 2209 405 2292 legi
427 2217 566 2294 poterat.
601 2231 794 2294 quamquam
816 2213 884 2278 reri
908 2213 1012 2280 simile
1026 2213 1211 2281 Aristotelis
1225 2232 1291 2278 non
1305 2211 1412 2296 ipsum
1434 2213 1702 2296 degeneratione

340 2311 457 2378 librum
471 2311 562 2378 illurn
577 2313 775 2398 adhibuisse,
798 2314 857 2380 sed
872 2321 1059 2399 excerptum
1082 2321 1115 2382 et
1138 2316 1347 2398 explanatum
1369 2333 1391 2380 a
1412 2314 1538 2380 iuniore
1561 2315 1701 2398 quodam

341 2414 569 2498 Peripatetico,
592 2435 673 2498 quos
688 2421 816 2482 constat
832 2415 949 2482 Stoicis
964 2417 1124 2484 coloribus
1140 2437 1254 2501 parum
1268 2415 1464 2500 pepercisse.
1499 2418 1586 2500 quod
1600 2437 1703 2501 genus

341 2523 391 2584 est
412 2516 446 2582 in
463 2515 561 2584 Oceli.
579 2518 599 2582 2
618 2524 635 2578 5
657 2520 687 2581 αἱ
710 2520 743 2582 δὲ
765 2519 898 2600 δυνάμεις
920 2518 988 2582 οὔτε
1009 2519 1176 2604 φθείρονται
1192 2519 1259 2584 οὔτε
1274 2519 1406 2602 γίνονται.
1432 2519 1597 2604 λόγοιγὰρ
1612 2521 1701 2585 dad-

341 2644 442 2702 ματοι
464 2622 638 2705 τυγχάνουσι
661 2620 788 2698 τούτων,
817 2620 903 2703 quod
924 2620 992 2686 Arii
1014 2620 1090 2688 fal
1110 2621 1145 2688 in
1166 2619 1354 2686 memoriam
1376 2627 1518 2706 revocat,
1541 2622 1596 2705 qui
1617 2623 1702 2688 simi·

339 2721 425 2788 libus
448 2721 568 2805 eclogia
590 2721 774 2788 Andronico
797 2721 914 2805 partim
936 2723 1154 2806 superioribus
1175 2722 1210 2788 in
1229 2721 1432 2788 Aristoteleis
1454 2723 1501 2788 uti
1524 2725 1701 2809 consuerit.

341 2824 383 2890 de
397 2823 562 2908 Archytae
584 2823 739 2890 memoria
761 2823 842 2888 nihil
865 2825 951 2906 quod
973 2825 1078 2891 dicam
1101 2825 1217 2909 habeo,
1239 2825 1302 2891 nisi
1317 2825 1404 2908 qnod
1418 2823 1550 2891 dubium
1563 2847 1630 2892 non
1651 2833 1702 2893 ast

339 2925 416 3008 quin
447 2946 488 2992 ex
520 2924 647 2992 subdito
684 2945 724 2992 sa
758 2945 885 3009 quoque
913 2925 1030 2993 hausta
1065 2927 1107 2992 sit
1139 2927 1260 2993 libello.
1304 2946 1409 3009 neque
1442 2926 1527 2992 enirn
1560 2928 1699 2995 Varroni

340 3028 498 3094 eiusmodi
514 3027 720 3112 quaestiones
735 3029 903 3114 scrupulos
917 3028 1078 3112 parabant
1093 3029 1146 3113 qni
1161 3028 1338 3114 Archytam
1355 3028 1597 3113 Pythagoreum
1615 3030 1701 3096 inter

341 3129 389 3196 rei
404 3131 543 3197 rusticae
560 3131 733 3216 scriptores
749 3131 950 3197 enumeravit
964 3131 995 3197 d.
1012 3153 1036 3195 r.
1053 3153 1079 3196 r.
1095 3131 1111 3195 Ι
1128 3133 1144 3196 1Ι
1166 3139 1182 3192 8
1204 3149 1299 3213 quem
1315 3130 1499 3197 Demetrius
1513 3131 1701 3215 Magnesiae

340 3230 383 3296 ab
404 3231 609 3318 homonymis
631 3238 815 3299 sacraverat
837 3231 876 3298 cf.
892 3233 1000 3298 Laert.
1015 3233 1093 3298 VIII
1108 3231 1150 3298 82
1165 3233 1296 3316 γεγόνασι
1312 3231 1337 3296 δ’
1356 3231 1494 3318 Ἀρχῦται
1516 3235 1698 3319 τέτταρες

339 3334 431 3418 τρίτος
447 3337 511 3420 περὶ
533 3333 671 3420 γεωργίας
693 3338 853 3420 γεγραφώς.
876 3335 934 3400 sed
956 3333 1038 3400 baec
1060 3334 1188 3418 quidem
1210 3333 1252 3400 de
1267 3332 1546 3418 Pythagoreorum
1573 3335 1608 3402 in
1622 3337 1701 3402 Var-

339 3457 419 3504 rone
440 3437 617 3504 fraudibus.

340 3649 494 3725 excerpta
509 3650 568 3710 est.
595 3651 692 3726 atque
707 3664 779 3710 curn
794 3645 913 3708 Actiaco
934 3646 1000 3706 stoc
1016 3643 1054 3704 de
1068 3643 1205 3705 cumeis
1227 3637 1258 3726 [l.
1275 3639 1461 3708 muneribus
1476 3641 1516 3707 ci.
1532 3641 1700 3709 Ritschelii

340 3763 392 3826 op.
407 3743 456 3808 ΙΠ
470 3743 546 3831 405]
569 3753 602 3812 et
619 3746 735 3810 Tubero
758 3748 796 3810 dc
818 3750 938 3827 eripiar
959 3747 1095 3808 bumana
1115 3743 1158 3808 ab
1179 3743 1251 3827 ipso
1274 3742 1485 3826 compilatore
1508 3745 1527 3808 2
1546 3752 1563 3806 a
1585 3765 1617 3828 p.
1633 3747 1663 3827 6,
1680 3747 1700 3810 5

340 3853 373 3912 et
394 3847 415 3910 9
435 3859 447 3909 1
472 3868 503 3930 p.
520 3849 571 3933 22,
589 3849 629 3913 13
652 3849 800 3932 citantur,
823 3848 1026 3913 Tuberonem
1042 3844 1182 3911 maxime
1201 3844 1235 3910 in
1250 3865 1343 3910 suum
1358 3863 1451 3910 usum
1466 3845 1603 3912 vertisse
1618 3865 1702 3912 com·

340 3947 512 4033 pilatorem
534 3956 667 4034 propter
688 3951 870 4033 argumenti
893 3947 1134 4014 similitudinem
1158 3951 1412 4013 consentaneum
1434 3953 1494 4013 est.
1535 3947 1640 4013 altera
1666 3947 1702 4012 li·

339 4051 416 4118 belli
446 4071 522 4136 pars
543 4071 610 4117 non
639 4051 744 4116 minus
769 4051 972 4117 varroniana
993 4069 1033 4115 ex
1060 4048 1177 4132 quibus
1203 4047 1294 4114 libris
1321 4048 1438 4113 hausta
1463 4047 1519 4132 sit,
1549 4047 1701 4114 iudicium

340 4154 487 4239 cohibeo,
511 4173 583 4219 cum
605 4153 778 4237 Gruppeus
801 4153 922 4235 [Herm.
939 4153 971 4217 X
986 4152 1030 4216 54
1037 4153 1120 4234 sqq]
1141 4171 1208 4216 non
1223 4149 1331 4215 ornuia
1346 4155 1434 4217 reete
1449 4149 1642 4217 enodavIsse
1656 4151 1701 4216 vi·

339 4255 464 4322 deutur.
491 4274 597 4338 neque
612 4255 786 4338 quidquam
802 4255 845 4320 ad
860 4258 1003 4320 nostram
1018 4253 1060 4318 dc
1072 4253 1243 4320 Tuberone
1253 4251 1476 4336 quaestionem
1487 4251 1574 4318 lacit
1589 4257 1702 4318 nostra

338 4356 473 4422 interest
494 4357 634 4441 priorem
656 4363 782 4441 partem
813 4356 854 4423 de
881 4355 1005 4440 origine
1026 4355 1169 4420 humana
1195 4376 1221 4421 o.
1237 4356 1344 4421 4—15
1371 4355 1568 4421 examinare.
1603 4361 1702 4436 atque

339 4460 403 4524 c.4
425 4465 596 4543 postquam
623 4459 872 4544 Peripateticum
907 4465 940 4526 et
972 4457 1187 4524 recentiorum
1215 4455 1495 4542 Pythagoreorum
1521 4455 1701 4522 doctrinam

339 4579 468 4644 semper
488 4559 588 4628 fuisse
611 4562 786 4628 humanum
808 4581 910 4644 genus
933 4561 1093 4646 exposuit,
1115 4557 1321 4624 adversarios
1342 4558 1474 4626 inducit.

339 4821 516 4884 Peripateticis
535 4823 674 4870 seiunctum
694 4834 748 4870 asae
761 4820 948 4870 Dicaearchum
961 4819 1093 4886 opinaris).
1113 4821 1207 4870 erroris
1227 4821 1313 4881 instar,
1334 4835 1409 4883 quem
1428 4827 1512 4868 statuo
1531 4833 1548 4868 a
1560 4815 1700 4868 Censorino

339 4908 511 4966 commissum,
529 4907 596 4958 infra
614 4923 737 4972 promam.
