3756 5736
732 420 1007 474 rnenueemaus
1479 423 1539 486 217

179 594 279 663 τέλους
301 592 458 656 ἀναλυτικὰ
479 592 527 654 καὶ
550 589 628 676 (περὶ
647 588 780 677 paceo<
802 595 963 674 apparent
986 589 1029 678 [v.
1044 591 1187 675 Spengel
1209 590 1368 674 Philolog.
1385 593 1542 676 supplem.

179 696 212 761 11
227 692 312 781 532],
334 693 424 759 aliud
439 691 702 777 gravissimorum
717 691 907 776 eoriptomm
922 693 1068 760 crebram
1083 713 1215 760 movere
1228 693 1434 760 mentionem.
1462 694 1544 759 illud

180 798 214 863 in
242 795 408 862 Ciceronis
431 800 573 862 aetatem
605 794 760 878 quadrat,
792 793 846 876 qui
868 795 1064 861 Aristotelem
1088 807 1215 880 praetor
1241 799 1406 861 admodum
1425 817 1546 879 pouces

179 903 371 985 pbilosophis
398 901 541 982 ι’ρπονυςι·
567 895 646 962 dicit
668 894 745 982 [top.
767 896 784 960 l
806 893 855 983 3],
878 895 940 964 hoc
961 898 995 964 in
1016 898 1196 983 proximam
1219 905 1375 986 aetatem,
1403 900 1458 965 ubi
1486 921 1544 984 per

179 1001 358 1070 Andronici
381 1000 526 1068 scholam
542 998 719 1082 stagiritae
744 999 865 1084 scripta
881 999 1028 1084 diligenti
1042 999 1309 1085 interpretatione
1324 1001 1358 1067 in
1373 1001 1545 1070 severioris

181 1104 375 1190 disciplinae
398 1103 508 1169 orbem
530 1101 689 1168 introduci
714 1107 831 1185 coepta
853 1109 956 1169 erant.
1000 1107 1202 1168 vetustorum
1229 1103 1327 1186 igitur
1349 1105 1545 1170 Placitorum

181 1205 374 1293 explicaturi
395 1205 484 1271 haud
507 1204 619 1270 dubito
635 1203 712 1287 quin
734 1223 775 1270 oa
789 1204 975 1270 Aristotelis
990 1204 1122 1270 decreta
1136 1204 1351 1272 adscribenda
1367 1208 1441 1292 sint,
1461 1227 1545 1291 qnae

181 1331 248 1376 nou
258 1330 300 1376 ox
311 1314 465 1376 accurata
479 1305 582 1392 ipsius
597 1305 755 1390 doctrina,
774 1306 833 1373 sed
849 1327 890 1372 ex
904 1307 1118 1374 recentiorum
1131 1307 1419 1392 Peripateticorum
1435 1311 1547 1375 schola
1602 1361 1603 1364 ,

182 1418 315 1497 recepta
336 1409 520 1494 rideantur,
544 1407 631 1492 quod
653 1427 756 1490 genus
778 1408 874 1474 Arius
895 1408 963 1476 fere
991 1415 1025 1475 et
1048 1409 1161 1475 Cicero
1184 1409 1341 1477 adhihere
1364 1413 1470 1478 solent
1493 1411 1543 1499 [cf.

183 1515 322 1582 Krische
343 1535 375 1599 p.
388 1511 452 1578 308
473 1515 507 1576 et
528 1529 612 1593 quae
634 1530 733 1594 supra
756 1511 891 1596 exposui
914 1533 945 1595 p.
960 1509 1051 1598 1an,
1074 1517 1187 1578 contra
1209 1511 1310 1579 sicubi
1333 1514 1405 1599 ipsa
1426 1515 1546 1599 scripta

183 1621 270 1686 lecta
291 1619 463 1702 apparent,
484 1611 529 1678 ibi
544 1613 629 1678 Attii
653 1612 818 1696 adgnosco
841 1613 1013 1698 supplendi
1036 1613 1186 1679 studium.
1220 1633 1259 1680 ae
1280 1635 1323 1682 ne
1339 1618 1545 1682 arbitrarium

184 1728 281 1807 putes
301 1720 364 1785 hou
386 1715 569 1800 discrimen,
591 1715 677 1799 quod
700 1733 798 1798 supra
821 1715 888 1780 dixi
911 1737 943 1798 p.
960 1715 1024 1779 134
1035 1734 1104 1797 sqq.
1141 1723 1296 1803 repetam,
1320 1719 1353 1782 in
1373 1719 1545 1804 prooemiis

185 1821 474 1907 Peripateticorum
497 1817 699 1901 potissimum
722 1817 867 1883 scholam
889 1817 1017 1900 respici.
1051 1836 1128 1899 ergo
1152 1818 1189 1901 si,
1213 1827 1248 1884 ut
1271 1819 1332 1886 hoe
1353 1827 1436 1905 utar,
1459 1821 1508 1884 11
1530 1831 1545 1882 a

184 1926 378 1993 Aristoteles
400 1921 518 1987 citatur
539 1919 616 1984 ἔστιν
638 1918 689 1984 οὖν
712 1921 786 1984 κατὰ
808 1921 857 1983 τὸν
874 1918 1074 2004 Ἀριστοτέλην
1092 1921 1099 1952 ¹
1125 1923 1211 2007 φύσις
1233 1924 1312 2009 ἀρχὴ
1336 1927 1476 2010 κινήσεως
1498 1927 1545 1989 καὶ

185 2029 308 2114 ἠρεμίας
331 2029 361 2092 ἐν
385 2025 411 2113 ᾧ
435 2025 559 2109 πρώτως
586 2023 647 2086 ἐστὶ
674 2024 722 2086 καὶ
751 2023 784 2086 ob
812 2022 886 2086 κατὰ
914 2024 1111 2108 συμβεβηκός,
1141 2025 1227 2107 quod
1257 2046 1297 2092 ex
1324 2026 1448 2111 physio.
1471 2027 1503 2092 II
1527 2030 1543 2091 1

185 2153 217 2216 p.
236 2132 315 2196 leat
337 2131 377 2196 21
406 2127 528 2194 eisdem
550 2124 619 2192 lere
641 2123 749 2189 verbis
772 2143 960 2208 expressum
983 2131 1046 2208 est,
1070 2125 1097 2190 si
1119 2126 1238 2192 iudicia
1260 2149 1343 2210 quae
1365 2129 1406 2194 de
1428 2129 1546 2194 Ionicis

186 2233 308 2300 addere
335 2231 431 2297 Aetio
459 2229 552 2295 hbuit
579 2227 723 2294 eiusdem
753 2226 826 2292 libri
854 2227 955 2292 tincta
986 2237 1060 2295 suut
1088 2229 1264 2314 coloribus,
1297 2251 1406 2296 nonne
1439 2231 1547 2296 omnia

186 2335 326 2402 suadent
348 2341 383 2399 ut
405 2331 591 2399 Aristotelis
616 2351 709 2395 usum
732 2329 848 2395 iuniori
871 2330 965 2396 Aetio
988 2332 1212 2398 reservemus?

273 2437 357 2502 Hinc
379 2436 440 2502 erit
454 2435 593 2501 fumasse
609 2431 780 2516 quispiam,
804 2432 858 2515 qui
881 2432 1142 2518 Theophrasti
1165 2454 1293 2517 quoque
1308 2455 1401 2500 usum
1415 2475 1455 2486 -
1472 2455 1547 2501 nam

187 2540 232 2606 ad
254 2561 327 2606 eum
350 2543 426 2623 post
447 2538 562 2620 longas
583 2534 740 2617 ambages
761 2534 894 2600 tandmn
917 2540 1063 2600 revertor
1078 2571 1120 2580 —
1134 2536 1229 2601 Actio
1252 2536 1294 2601 sit
1316 2536 1546 2603 vindicaturus.

187 2661 295 2726 neque
318 2641 404 2708 enim
427 2639 548 2724 duplex
570 2636 657 2702 illius
679 2635 913 2720 testimonium,
936 2637 1023 2719 quod
1045 2637 1078 2702 in
1100 2645 1275 2722 conspectu
1298 2661 1328 2722 p.
1347 2641 1408 2704 138
1431 2645 1463 2704 ct
1486 2641 1548 2705 140

189 2743 298 2826 citavi,
321 2742 406 2808 hane
428 2739 617 2808 dissuadere
638 2739 767 2805 videtur
782 2737 949 2828 originem.
982 2759 1059 2804 nam
1073 2740 1105 2804 Il
1121 2742 1162 2805 29
1182 2751 1197 2803 7
1217 2741 1406 2826 Ἀναξαγόρας
1422 2743 1462 2812 ὥς
1477 2765 1548 2826 φησι

187 2847 373 2932 Θεόφραστος
400 2845 448 2908 καὶ
474 2847 532 2925 τῶν
561 2843 699 2906 ὑποκάτω
727 2847 780 2926 τῆς
810 2843 933 2926 σελήνης
961 2839 1025 2905 ἔσθ’
1054 2843 1103 2905 ὅτε
1129 2847 1273 2927 σωμάτων
1296 2845 1548 2930 ἐπιπροσθυύντων

186 2947 353 3032 praeeedit
380 2945 684 3028 §dhnaxagorae
717 2944 900 3026 generalior
934 2944 1043 3028 opinio
1079 2945 1120 3010 de
1154 2947 1251 3012 lunae
1283 2945 1425 3032 defectu,
1458 2947 1549 3012 euius

187 3051 308 3116 Thales
336 3050 430 3114 Plato
458 3047 558 3114 Stoici
586 3045 805 3112 mathematici
834 3045 1009 3131 participes
1038 3046 1255 3114 nominantur.
1307 3049 1421 3115 eodem
1453 3050 1548 3115 modo

187 3151 402 3238 Xenophania
423 3151 465 3217 de
488 3151 558 3216 sole
577 3149 741 3214 decretum
757 3150 789 3214 Π
804 3150 847 3213 20
864 3157 881 3210 3
903 3149 1070 3233 Ξενοφάνης
1085 3150 1118 3212 ἐκ
1133 3155 1228 3236 νεφῶν
1245 3153 1461 3235 πεπυρωμένων
1477 3153 1549 3216 εἶναι

187 3258 236 3320 τὸν
262 3257 345 3340 ἥλιον
373 3251 492 3336 excipit
523 3252 653 3317 deatum
681 3250 742 3316 hoc
770 3251 1028 3334 supplementum
1054 3251 1239 3337 Θεόφραστος
1267 3255 1296 3317 ἐν
1325 3260 1384 3324 τοῖς
1411 3256 1549 3324 Φυσικοῖς

187 3359 327 3442 γέγραφεν
356 3357 390 3420 ἐκ
416 3356 554 3440 πυριδίων
588 3355 640 3436 μὲν
667 3359 726 3417 τῶν
760 3353 1029 3438 συναθροιζομένων
1056 3356 1089 3417 ἐκ
1116 3361 1168 3440 τῆς
1202 3357 1288 3440 ὑγρᾶς
1303 3337 1549 3440 ’ἀναθυμιάσεωῇ

188 3460 435 3545 συναθροιζόντων
458 3459 491 3520 δὲ
512 3459 560 3520 τὸν
583 3459 675 3541 ἥλιον.
710 3456 785 3522 hinc
807 3456 861 3539 qui
877 3456 962 3520 Aetii
979 3457 1159 3522 doctrinam
1175 3457 1365 3522 laudaturus
1379 3465 1439 3541 est,
1457 3459 1550 3540 quasi

187 3560 421 3648 limpidissimis
443 3558 555 3624 rivulis
577 3564 707 3623 vetusta
723 3559 850 3624 Placita
866 3558 1016 3643 irrigarit,
1040 3578 1155 3624 vereor
1169 3580 1212 3625 ne
1228 3559 1357 3642 egregie
1379 3558 1482 3624 falsus
1498 3561 1549 3625 sit.

188 3687 264 3732 nam
288 3663 374 3748 quod
390 3680 509 3729 nomeu
524 3658 589 3724 illis
605 3659 732 3724 duobus
747 3661 827 3726 locis
843 3667 1006 3727 servatum
1023 3669 1083 3745 est,
1106 3661 1182 3726 inde
1203 3661 1446 3745 explicandum,
1464 3661 1550 3744 quod

189 3768 329 3854 duplicis
350 3764 526 3832 memoriae
548 3764 653 3828 altera
675 3762 857 3828 accuratior
878 3784 943 3829 non
963 3763 1034 3830 sine
1050 3765 1252 3830 austeritatis
1265 3771 1345 3829 uota
1359 3763 1458 3847 priori
1473 3763 1551 3828 addi

187 3878 326 3958 poterat.
372 3868 423 3934 hic
452 3867 538 3933 enim
566 3865 691 3930 obtinet
719 3866 965 3950 compilatorum
997 3887 1068 3932 mos
1095 3873 1131 3931 ut
1157 3865 1218 3930 nisi
1248 3865 1326 3948 quid
1353 3865 1551 3930 diversitatis

187 3977 348 4060 appareat
374 3969 507 4037 nomina
536 3974 703 4034 auctorum
734 3966 899 4033 sileantur.
944 3969 1033 4050 atqui
1062 3967 1153 4034 vario
1181 3969 1278 4033 modo
1305 3967 1552 4051 Theophrastus

187 4074 354 4142 influxisse
375 4073 408 4138 in
429 4071 555 4139 Placita
585 4091 660 4135 mox
683 4069 869 4152 diligentius
891 4070 1131 4136 demonstrabo.
1166 4070 1237 4153 quis
1267 4069 1364 4152 igitur
1385 4069 1552 4136 doetrinae

189 4176 376 4262 multiplicis
406 4175 534 4240 laudem
562 4171 657 4238 Actio
685 4189 782 4254 quam
809 4179 936 4238 vetusto
964 4173 1162 4239 Placitorum
1191 4172 1355 4238 collectori
1387 4171 1551 4256 impertire

189 4369 396 4377 -.....----.---
438 4367 479 4374 -..-
533 4367 579 4372 ---

190 4491 320 4554 excerpsit
345 4495 371 4538 et
393 4487 527 4549 aliquanto
552 4485 622 4548 prius
645 4485 751 4534 Cassius
774 4488 917 4550 Dionysius
941 4486 1069 4536 Uticensis
1093 4499 1169 4545 quem
1192 4485 1276 4534 Varro
1301 4485 1332 4532 de
1358 4501 1377 4532 r.
1404 4499 1422 4533 r.
1441 4484 1455 4532 1
1477 4483 1507 4534 17
1527 4492 1552 4533 et

189 4579 254 4627 alias
273 4578 394 4639 seqnitur.
424 4575 495 4636 atqui
515 4573 693 4622 oeconomica
712 4576 851 4624 coniuncte
869 4589 926 4622 cum
944 4573 1061 4624 Politicis
1080 4579 1107 4621 ut
1125 4574 1151 4621 in
1171 4572 1315 4631 codicibus,
1334 4573 1370 4620 ita
1388 4573 1466 4620 etiam
1484 4573 1550 4620 anti-

189 4665 274 4727 quitus
288 4663 438 4714 circumlata
450 4677 506 4711 esse
519 4661 646 4710 ridentur.
672 4668 739 4710 certe
753 4659 934 4726 Theophrasto
948 4662 1060 4710 Politice
1079 4674 1189 4722 quoque,
1208 4667 1235 4708 ut
1248 4661 1300 4720 illa,
1320 4660 1352 4708 ab
1366 4659 1551 4708 Alexandrinis

189 4767 242 4802 non
262 4751 339 4800 nullis
359 4758 385 4800 et
402 4765 419 4799 a
430 4750 559 4814 Dionysio
574 4749 797 4798 Halicarnassensi
816 4749 885 4797 arch.
898 4749 921 4798 V
936 4745 978 4798 73.
991 4745 1024 4798 74
1043 4746 1124 4810 [conl.
1138 4747 1217 4797 Arist.
1237 4748 1294 4797 Pol.
1308 4746 1349 4794 IlI
1364 4743 1396 4794 rt
1407 4743 1476 4806 sqq.]
1512 4751 1551 4792 at-

188 4837 375 4888 tribuebautur.
408 4852 469 4902 ergo
493 4837 558 4886 nihil
579 4835 664 4884 obstat
683 4838 819 4898 quominus
837 4835 929 4884 horum
949 4836 1053 4898 quidem
1072 4836 1195 4884 librorum
1214 4835 1345 4897 vulgatam
1363 4833 1481 4880 notitiam
1500 4832 1551 4879 iam

191 4925 329 4976 Tullianae
348 4929 427 4974 aetati
447 4925 631 4974 concedamus.

263 5010 271 5042 ¹
291 5012 380 5064 cadem
399 5012 525 5062 lemmatis
542 5011 627 5062 terma
646 5011 726 5060 utitur
744 5009 835 5059 Aetius
853 5009 893 5060 1v
911 5009 928 5062 8
945 5018 957 5056 t
976 4995 1042 5059 κατὰ
1060 5005 1117 5064 τοὺς
1137 4999 1416 5076 Περιπατητικοὺς.
