3708 5738
495 411 756 462 νπκυιιπιιωυιι
775 411 824 462 nn
844 409 1015 460 sensmos
1034 407 1166 471 συν-44
1447 408 1508 470 511

196 580 269 664 πρὸς
289 578 401 648 τούτοις
422 581 472 642 ἐὰν
496 579 569 661 έλκη
592 578 640 642 διὰ
663 576 841 662 μακροτέρου
863 576 911 640 καὶ
942 577 1133 660 στενωτέρου,
1165 576 1270 640 θᾶττον
1299 577 1353 660 γάρ
1380 575 1457 638 ούτω

197 681 361 764 κρίνεσθαι·
385 681 485 766 διύπερ
507 680 570 746 ἔνια
590 683 649 742 τῶν
672 677 758 764 ζῴων
780 678 1032 762 ὀσφραντικιύτερα
1053 677 1291 761 τῶνάνθρώπων
1312 677 1401 740 εἰναι·
1425 677 1459 741 οό

198 783 255 866 μὴν
277 783 353 846 ἀλλά
374 783 539 867 συμμέτρου
561 804 594 866 γε
615 778 704 863 οὔσης
725 786 778 864 τῆς
800 781 894 864 ὀσμῆς
923 785 967 865 τῷ
999 779 1062 862 ἀέρι
1092 781 1164 863 πρὸς
1193 780 1246 862 τήν
1277 783 1377 862 κρᾶσιν
1407 781 1459 861 μά-

196 887 280 948 λιστα
302 883 337 948 ἀν
359 884 551 949 αἰσθάνεσθαι
573 884 623 946 τδν
646 882 811 967 ἄνθρωπον.
844 881 959 946 ἀκούειν
982 880 1010 945 δ’
1039 881 1171 958 ὀξύτατα,
1195 881 1235 943 ὧν
1257 882 1293 944 αἰ
1310 903 1342 944 τε
1356 881 1460 966 φλέβες

168 987 298 1049 :irenei
317 985 477 1072 καθάπερή
499 989 538 1070 τῇ
558 985 694 1070 αἰσθήσει
717 985 766 1047 καὶ
788 984 828 1066 τῇ
849 985 929 1066 ἀκοή
948 984 1081 1068 τέτρηται
1104 983 1198 1070 βραχύ
1221 983 1269 1046 καὶ
1292 984 1396 1046 λεπτὸν
1411 985 1459 1047 καί

201 1086 250 1150 ἰθύ
272 1088 320 1151 καὶ
342 1089 415 1172 πρὸς
436 1089 548 1158 τούτοις
569 1089 603 1152 τδ
627 1085 677 1156 ούς
699 1086 788 1170 ὀρθὸν
811 1085 873 1172 ἔχει
902 1087 949 1150 καὶ
974 1085 1063 1168 μέγα·
1095 1085 1261 1168 κινούμενον
1284 1086 1338 1170 γὰρ
1359 1087 1409 1148 τὸν
1429 1087 1459 1149 ἐν

199 1193 259 1272 τοῖς
281 1191 352 1254 ιόσίν
375 1191 448 1276 ἀέρα
469 1197 555 1255 κινεῖν
578 1191 628 1254 τδν
650 1190 741 1259 ἐντύς.
772 1189 822 1252 ἐάν
845 1189 879 1251 δὲ
900 1187 1039 1272 εόρυτέρα
1061 1186 1093 1270 ᾖ,
1116 1185 1284 1268 κινουμένου
1304 1193 1355 1251 τοῦ
1373 1189 1458 1273 ἀέρος

198 1290 274 1375 ἦχον
296 1291 369 1356 εἶναι
391 1293 438 1356 καὶ
467 1293 517 1356 τδν
544 1292 638 1378 ψόφον
661 1291 805 1377 ἀναρθρον
828 1291 876 1354 διά
897 1292 930 1354 rh
954 1291 995 1374 μή
1018 1289 1205 1374 προσπίπτειν
1228 1289 1300 1373 πρὸς
1322 1293 1459 1375 ήρεμούν.

198 1394 268 1476 δρᾶν
289 1393 314 1458 δ’
343 1393 476 1472 ὀξύτατα,
500 1396 555 1459 ύσα
577 1418 609 1458 τε
630 1394 679 1470 τὸν
702 1393 776 1477 ἀέρα
797 1394 845 1456 καί
860 1392 911 1462 τὰς
925 1391 1035 1477 φλέβας
1056 1389 1120 1477 ἔχει
1142 1392 1260 1469 λεπτάς,
1283 1393 1382 1477 ὥσπερ
1405 1393 1452 1457 ἐπὶ
1475 1405 1509 1456 42

163 1525 186 1562 ιο
203 1499 261 1560 τῶν
283 1497 379 1560 ἄλλων
401 1496 449 1560 καὶ
480 1497 535 1561 ὅσα
564 1497 613 1560 τὸν
637 1495 790 1581 ὀφθαλμὸν
813 1494 1025 1579 λαμπρότατον.
1069 1495 1194 1576 μαλιστα
1216 1491 1241 1556 δ’
1268 1494 1459 1578 ἐμφαίνεσθαι

200 1600 233 1662 τὸ
256 1599 381 1662 ἐναντίον
403 1602 521 1684 χρῶμα·
545 1599 590 1661 διὸ
613 1598 680 1668 τοὺς
703 1597 963 1682 μελανοφθολμους
986 1594 1053 1678 μεθ’
1080 1594 1192 1679 ἡμέραν
1213 1597 1261 1659 καὶ
1284 1597 1320 1659 τά
1341 1600 1460 1684 λαμπρὰ

199 1703 307 1786 μᾶλλον
330 1702 415 1784 ὁρᾶν,
437 1701 504 1770 τοὺς
527 1699 553 1764 δ’
580 1700 724 1769 ἐναντίους
746 1699 868 1783 νύκτωρ.
912 1699 955 1762 ὅτι
986 1699 1019 1762 δὲ
1048 1700 1064 1761 δ
1093 1697 1174 1768 ἐντδς
1200 1699 1259 1782 ἀὴρ
1289 1699 1457 1764 αἰσθάνεται

198 1803 299 1887 μικρὸν
329 1805 370 1866 ὢν
394 1803 493 1887 μύριον
514 1807 566 1866 τού
589 1803 678 1876 θεοῦ,
706 1807 826 1884 σημεῖον
849 1799 932 1878 εἰναι,
962 1799 1034 1862 διότι
1057 1800 1197 1870 πολλάκις
1218 1803 1290 1885 πρὸς
1312 1801 1387 1866 ἀλλα
1408 1805 1457 1866 τὸν

200 1910 267 1968 νούν
295 1903 413 1990 ἔχοντες
442 1901 508 1967 οὔθ’
542 1905 656 1987 δρῶμεν
687 1902 748 1967 οὔτ’
783 1903 936 1984 ἀκούομεν.
1095 1903 1202 1986 ἡδονήν
1230 1904 1263 1966 δὲ
1293 1906 1340 1968 καὶ
1370 1906 1462 1990 λύπην
1475 1915 1510 1968 43

161 2035 184 2072 ιο
200 2007 329 2090 γίνεσθαι
359 2007 442 2070 τόνδε
471 2006 521 2067 τόν
550 2005 666 2089 τρόπον.
711 2007 779 2070 ύταν
810 2006 861 2088 μὲν
891 2006 981 2073 πολύς
1011 2003 1107 2087 δάήρ
1130 2003 1265 2088 μίσγηται
1295 2007 1340 2092 τιγῖ
1360 2009 1459 2090 αἰματι

200 2111 248 2174 καί
270 2109 396 2193 κουφίζγγ
418 2107 492 2172 κατὰ
513 2107 599 2191 φύσιν
623 2109 664 2170 ὢν
686 2109 735 2171 καί
757 2109 831 2172 κατὰ
853 2113 910 2172 πᾶν
932 2108 965 2172 τὸ
988 2110 1075 2187 σῶμα
1098 2106 1224 2184 διεξιών,
1246 2110 1368 2193 ἡδονήν·
1392 2110 1460 2172 ὅταν

201 2211 332 2295 δὲπαρά
353 2210 438 2296 φύσιν
460 2211 509 2272 καί
525 2211 566 2294 μή
583 2210 717 2294 μίσγηται
740 2213 936 2282 συνιζάνοντος
957 2214 1009 2272 τοδ
1032 2209 1155 2292 αἵματος
1176 2211 1224 2274 καὶ
1247 2211 1456 2296 ἀσθενεστέρου

203 2315 250 2379 καί
273 2315 448 2399 πυκνοτέρου
470 2312 631 2396 γινομένου,
652 2313 757 2396 λύπην.
802 2311 910 2395 ὁμοίως
932 2312 981 2376 καί
1012 2313 1120 2397 θάρσος
1142 2314 1190 2376 καὶ
1213 2313 1320 2397 ὑγίειαν
1343 2315 1391 2376 καὶ
1413 2315 1460 2377 τά·

199 2419 307 2481 ναντία.
350 2419 554 2502 κριτικιύτατον
578 2417 611 2478 δὲ
638 2417 746 2500 ἡδονῆς
767 2416 820 2499 τήν
842 2418 984 2497 γλῶτταν·
1016 2415 1207 2480 ἁπαλιύτατον
1236 2416 1290 2501 γάρ
1318 2414 1460 2480 εἶναικαὶ

160 2550 184 2588 οι
203 2522 291 2602 μανδν
314 2519 434 2588 καὶτὰς
456 2515 565 2603 φλέβας
587 2518 703 2588 ἁπάσας
732 2519 848 2602 ἀνήκειν
876 2517 917 2588 εἰς
939 2516 1044 2602 αὐτή-ν·
1075 2520 1120 2582 διὸ
1149 2519 1257 2602 σημεῖά
1283 2542 1314 2582 τε
1340 2521 1461 2582 πλεῖστα

202 2627 262 2693 τοῖς
283 2623 438 2704 κάμνουσιν
460 2619 502 2683 ἐπ’
531 2619 621 2703 αὐτῆς
643 2619 726 2696 εἶναι,
748 2620 797 2683 καὶ
819 2623 877 2682 τῶν
900 2619 996 2684 ἄλλων
1012 2619 1098 2704 ζῴων
1116 2621 1153 2684 τά
1168 2623 1312 2706 χρώματα
1328 2621 1459 2704 μηνύειν·

201 2724 296 2790 δπόσα
317 2723 371 2808 γὰρ
393 2723 427 2788 ἀν
450 2721 471 2808 ᾖ
495 2724 544 2786 καὶ
567 2725 670 2800 ὁποῖα,
699 2725 826 2786 τοσαῦτα
848 2721 1050 2806 ἐμφαίνεσθαι.
1094 2724 1147 2806 τήν
1170 2724 1222 2805 μὲν
1251 2721 1302 2786 ούν
1324 2721 1461 2805 αἴσθησιν

200 2826 277 2890 ούτω
300 2826 348 2890 καὶ
370 2825 418 2888 διὰ
447 2829 532 2888 τοῦτο
559 2825 698 2908 γίνεσθαι.
850 2828 964 2908 φρονεῖν
987 2823 1029 2902 δ’,
1054 2825 1153 2908 ὥσπερ
1183 2825 1372 2910 ἐλέχθη,τῷ
1394 2825 1457 2908 ἀέρι
1476 2833 1510 2884 44

199 2927 326 3014 καθαριγῖ
355 2927 403 2990 καὶ
434 2925 528 3014 ξηρῷ·
559 2927 681 2990 κωλύειν
710 2927 764 3010 γάρ
793 2927 846 3009 τὴν
876 2925 984 3008 ἰκμάδα
1005 2927 1054 2992 τδν
1086 2931 1168 2990 νοῦν·
1198 2928 1242 2990 διὸ
1272 2928 1320 2990 καὶ
1348 2926 1460 2996 ἐντοῖς

162 3059 186 3098 nr
205 3030 301 3100 ύπνοις
323 3029 372 3094 καὶ
395 3029 425 3092 έν
447 3033 509 3098 ταῖς
532 3028 637 3112 μέθαις
659 3029 707 3092 καὶ
737 3029 767 3092 έν
794 3033 857 3097 ταῖς
884 3030 1065 3112 πλησμοναῖς
1085 3030 1172 3114 ἦττον
1194 3034 1319 3114 φρονεῖν.
1363 3029 1406 3092 ὅτι
1429 3029 1462 3092 δὲ

201 3137 221 3220 ἡ
251 3132 372 3218 ύγρότης
399 3133 562 3218 ἀφαιρεῖται
584 3131 633 3194 τδν
656 3135 738 3208 νοῦν,
765 3133 899 3213 σημεῖον,
927 3131 1000 3194 διότι
1032 3133 1069 3195 τὰ
1095 3133 1170 3196 ἀλλα
1198 3131 1262 3218 (pic
1291 3129 1383 3216 χείρω
1408 3131 1461 3214 τήν

199 3238 339 3302 διάνοιαν·
369 3234 503 3298 ἀναπνεῖν
531 3255 563 3295 τε
589 3232 643 3317 γὰρ
671 3233 720 3295 τὸν
748 3233 807 3295 ἀπὸ
835 3236 888 3315 τῆς
912 3237 966 3316 γῆς
994 3233 1067 3319 ἀέρα
1093 3235 1141 3298 καί
1167 3233 1277 3318 τροφὴν
1308 3231 1461 3317 ύγροτέραν

198 3336 425 3422 προσφέρεσθαι.
469 3335 536 3404 τούς
561 3335 594 3398 δὲ
624 3331 741 3418 ὄρνιθας
768 3335 901 3397 ἀναπνεῖν
932 3336 984 3416 μὲν
1015 3337 1161 3421 καθαρόν,
1188 3335 1274 3420 φύσιν
1302 3336 1335 3398 δὲ
1359 3334 1460 3416 ὁμοίαν

199 3437 278 3524 ἔχειν
300 3441 360 3506 τοῖς
383 3435 498 3520 ἰχθύσι·
532 3435 580 3497 καὶ
607 3435 662 3519 γὰρ
683 3436 736 3518 τήν
758 3436 853 3520 σάρκα
875 3438 1012 3521 στιφράν,
1041 3439 1090 3501 καί
1112 3439 1146 3500 τδ
1169 3442 1283 3520 πνεῦμα
1305 3437 1339 3500 οό
1362 3436 1462 3500 διιέναι

159 3569 184 3610 ιο
200 3540 248 3604 διὰ
276 3537 397 3614 παντός,
427 3536 503 3602 ἀλλά
525 3537 641 3600 ἑστάναι
672 3537 736 3621 περὶ
766 3539 818 3621 τήν
848 3539 968 3602 κοιλίαν.
1012 3540 1057 3602 διδ
1086 3541 1139 3624 τήν
1171 3541 1223 3623 μέν
1245 3541 1354 3624 τροφὴν
1384 3539 1461 3623 ταχύ

198 3643 319 3719 πέττειν,
334 3639 442 3704 αότδ·δ’
462 3639 554 3724 ἄφρον
568 3638 651 3702 εἶναι.
684 3640 902 3724 συμβάλλεσθαι
918 3641 951 3705 δέ
965 3665 993 3704 τι
1007 3642 1079 3726 πρὸς
1093 3643 1133 3723 τῇ
1147 3641 1243 3727 τροφῇ
1257 3641 1352 3705 καὶτὸ
1369 3639 1463 3722 στόμα

152 3867 163 3919 1
186 3863 337 3934 στενωτέραν
355 3863 390 3915 Ρτ
409 3861 553 3932 στινοτίρου
570 3863 591 3914 F
611 3859 625 3932 ήΙ
650 3861 666 3915 5
686 3873 806 3930 corrupte
856 3883 881 3915 ν.
895 3861 929 3918 26
948 3873 974 3916 et
990 3864 1050 3926 §68
1069 3861 1084 3935 ΙΙ
1107 3863 1138 3918 15
1157 3863 1272 3934 μίσγεται
1284 3882 1321 3932 pr.
1335 3866 1356 3916 F
1370 3860 1384 3932 Η
1402 3863 1433 3916 16
1452 3877 1511 3914 κου-

150 3955 229 4006 rerhe
247 3955 318 4004 reric
337 3959 446 4003 tentem
466 3950 510 4001 καὶ
528 3947 557 4000 τδ
575 3950 630 4018 περὶ
646 3955 679 4018 τῇ
692 3947 805 4019 αἰσθήσει
856 3949 919 4020 φίζιι
931 3953 1001 4018 pr.F
1015 3948 1029 4020 11
1046 3953 1077 4005 17
1091 3951 1220 4022 μίσγνυται
1231 3954 1302 4018 pr.F
1316 3949 1329 4018 ήΙ
1344 3949 1513 4009 συνισάζοντος

147 4043 315 4107 Philippum,
334 4037 360 4090 αἰ
378 4037 446 4106 παρά
462 4036 494 4106 πή
511 4032 624 4104 αἰσθήσει
642 4037 685 4089 καί
703 4035 720 4106 ή
739 4035 805 4106 ἀκοή
856 4041 912 4091 PF:
932 4057 996 4090 corr.
1015 4041 1157 4092 Schneider
1177 4037 1190 4108 ΙΙ
1211 4040 1244 4092 18
1256 4035 1348 4108 θάρσος
1365 4041 1399 4090 F:
1422 4033 1514 4106 θράσος

149 4129 281 4180 wimmer.
314 4126 460 4177 dubitanter
489 4140 607 4190 propono
631 4121 745 4192 καθάπερ
773 4131 805 4194 τῇ
855 4121 946 4193 111121
959 4123 1042 4184 αότοῖς
1054 4129 1110 4180 PF:
1131 4145 1196 4180 corr.
1210 4123 1425 4194 Stephanuslihh
1435 4122 1513 4176 δπύσα

148 4211 266 4284 ὀσφρήσει
275 4209 340 4276 κτλ,
350 4213 393 4263 nbi
404 4221 463 4278 post
471 4211 515 4262 καὶ
525 4212 572 4265 nii
582 4213 656 4262 facile
667 4211 804 4275 cogitando
856 4229 891 4263 oc.
905 4209 1031 4282 χρώματα
1044 4215 1074 4265 cf.
1087 4216 1166 4264 Arist,
1181 4216 1263 4281 probi.
1277 4213 1312 4267 34
1324 4224 1336 4262 6
1354 4233 1379 4280 p.
1390 4213 1484 4268 96:⁸4
1497 4208 1512 4280 ΙΙ

149 4304 269 4368 suppleas
282 4297 298 4350 ἀ
311 4302 343 4351 ci.
357 4319 381 4351 ν.
395 4299 411 4352 9
432 4294 445 4366 ΙΙ
466 4299 482 4351 7
498 4295 616 4368 ιδρυτέρα
634 4316 668 4350 sc.
681 4295 697 4366 ή
711 4295 776 4366 ἀκοή
791 4293 806 4365 ΙΙ
858 4297 891 4351 23
902 4295 995 4370 ἐλέχθη
1014 4301 1028 4365 ᾖ
1042 4299 1076 4354 39
1089 4297 1103 4369 1!
1119 4299 1154 4354 25
1164 4299 1201 4352 ῖτι
1213 4299 1239 4353 δὲ
1251 4303 1309 4354 PF:
1329 4317 1395 4353 corr.
1406 4302 1512 4352 Schnei-

147 4385 283 4456 ἠδιῆΡ
305 4381 807 4456 1Ι8ιγυκ1ὀΙάετοιήχοςειιφθόγγοτ
857 4389 903 4439 der
922 4384 935 4455 ΙΙ
956 4387 990 4442 26
1009 4385 1030 4439 δ’
1050 4383 1087 4439 ὀτι
1105 4390 1161 4441 PF:
1181 4392 1282 4441 correxi
1301 4390 1333 4439 cs.
1352 4405 1377 4453 p.
1391 4387 1432 4450 15,
1444 4385 1477 4438 27
1498 4381 1512 4452 ΙΙ

148 4475 228 4526 docet
245 4475 320 4527 Theo
333 4475 434 4539 Smyrn.
453 4469 806 4538 ρ.50,14Η111.ε1.Ατ1ε4.
857 4473 964 4526 διαπνιῖν
980 4477 1034 4526 PF:
1054 4493 1119 4527 corr.
1138 4477 1280 4528 Schneider
1297 4491 1330 4527 ex
1350 4495 1373 4527 ν.
1391 4473 1424 4527 27
1445 4471 1458 4541 Ιή
1479 4472 1513 4525 29

147 4563 172 4614 d.
186 4563 273 4612 enime
285 4559 342 4614 118
360 4578 385 4626 ρ.
398 4557 509 4612 420115
528 4555 541 4626 Ιγ
562 4557 604 4610 τδν
622 4568 681 4625 port
698 4559 742 4610 καὶ
760 4561 804 4610 de·
856 4561 937 4630 σάρκα
950 4563 1059 4631 ςρυφνάν
1072 4565 1128 4615 PF:
1148 4581 1215 4616 corr.
1235 4565 1329 4630 Corcy.
1348 4565 1431 4614 carnis
1449 4563 1512 4612 den·

148 4649 218 4700 lebet
233 4649 374 4700 Schneider
393 4643 406 4715 ΙΙ
427 4647 443 4700 θ
462 4643 580 4707 ὀξύτατον
592 4649 649 4699 PF:
668 4663 732 4699 corr.
747 4649 804 4700 Ste—
856 4654 917 4701 elta:
949 4653 1000 4701 illis
1029 4666 1114 4700 eorem
1142 4652 1211 4702 inme
1239 4659 1309 4702 ercet
1341 4666 1389 4701 nec
1416 4665 1512 4713 evapo-

146 4737 247 4801 phenue
271 4731 285 4802 ΙΙ
312 4733 345 4787 10
366 4732 410 4786 τδν
432 4730 562 4804 ὀφθαλμὸν
581 4738 616 4788 Ρι
639 4739 691 4786 τῶν
710 4731 803 4804 ὀφθαλ-
854 4754 912 4789 rere
926 4741 986 4790 :init
1002 4733 1014 4802 ΙΙ
1035 4735 1069 4789 30
1081 4735 1177 4791 ἱστάναι
1189 4741 1246 4792 PF:
1265 4754 1329 4790 corr.
1342 4737 1483 4790 Schneider
1497 4731 1511 4802 ΙΙ

146 4823 246 4889 μῶνΕ
272 4817 288 4888 ΙΙ
314 4820 346 4872 11
369 4819 406 4873 διδ
429 4823 473 4874 PF
496 4825 528 4873 cf.
555 4840 580 4889 p.
600 4819 701 4885 1:117:
728 4819 760 4873 δι’
790 4819 804 4872 θ
855 4821 887 4875 31
909 4819 933 4874 δ’
954 4819 990 4874 έτι
1008 4825 1065 4875 PF:
1085 4829 1194 4877 correxi.
1221 4826 1379 4878 audiendum
1401 4820 1462 4891 πρὸς
1483 4820 1513 4872 τὸ

147 4911 225 4976 vulgo
251 4905 263 4976 ήΙ
292 4905 323 4960 13
342 4905 378 4959 διν
401 4909 436 4961 P:
458 4905 485 4959 δν
507 4911 528 4960 F
549 4906 562 4976 Ιή
585 4903 646 4959 θεοῖν
664 4911 699 4960 P:
722 4905 755 4961 θύ
773 4911 803 4960 F.
856 4906 934 4979 ἀφρον
953 4907 1013 4960 εἰναι
1033 4905 1047 4979 ΙΙ
1068 4916 1143 4980 σῶμα
1162 4931 1201 4979 pr.
1213 4914 1244 4977 F,
1264 4928 1330 4977 queo
1350 4913 1439 4963 cedem
1458 4925 1512 4962 me·

145 4993 229 5065 θυμού
252 4997 395 5049 Schneider
418 4989 434 5064 ΙΙ
458 4995 491 5049 13
509 4993 545 5048 διὸ
564 4997 624 5049 PF:
648 4999 748 5048 correxi
772 4999 803 5048 ci.
855 5015 903 5050 ιιιιε
923 5003 1036 5052 correxit
1053 5009 1079 5050 ct
1096 5003 1122 5052 in
1141 5015 1206 5064 mrg.
1224 4997 1305 5066 στόμα
1323 5003 1424 5066 scripsit
