3708 5732
337 409 398 472 124
443 413 482 461 IX
509 413 558 461 DE
579 413 834 462 THEOPHRASTI
856 413 1064 463 OPINIONUM
1085 413 1184 463 APUD
1204 413 1413 464 CICERONEM
1433 413 1612 468 VESTlGllS

334 579 407 646 liter
434 581 577 646 Velleius
604 580 726 665 profert
747 581 762 646 I
785 581 880 646 1810
909 581 949 644 19
964 591 1008 648 49.
1053 601 1129 657 nam
1163 585 1290 646 deorum
1324 591 1471 644 moturum
1502 603 1581 664 quae
1614 585 1694 646 ime-

334 683 420 763 9711
451 684 564 763 fundet
596 705 635 747 ec
668 687 767 748 mittet
799 683 832 768 (ξ
854 681 909 769 29)
943 685 1038 750 etiam
1072 683 1222 768 Epicurei
1257 682 1491 765 adgnoverunt.
1541 689 1574 749 et
1607 685 1695 766 quod

334 787 485 866 imagines
517 789 550 849 iu
584 789 710 850 deorum
742 807 868 850 numere
901 788 1010 868 refert,
1049 787 1111 852 hoo
1144 785 1294 870 Epicurei
1330 785 1458 868 quidem
1492 793 1695 870 respuerunt,

335 893 370 951 at
396 887 509 954 Cicero
537 889 750 973 compluriens
779 889 863 952 hanc
888 909 1016 971 quoqne
1044 889 1222 954 doctrinam
1244 887 1412 971 Epicureis
1440 887 1560 954 tribuit.
1598 890 1697 972 quid?

335 990 421 1072 quod
447 997 616 1074 utrumque
642 997 757 1076 postea
778 991 810 1055 11
827 992 869 1055 30
882 1000 915 1053 76
938 991 1116 1056 coniunxit:
1150 992 1324 1071 uepcudum
1351 1000 1396 1052 est
1422 1009 1489 1052 esse
1516 993 1591 1056 deus
1619 1013 1697 1074 quor

335 1103 363 1154 et
394 1095 586 1158 Democritus
619 1096 790 1157 simulacro
822 1103 850 1155 ct
882 1094 1039 1174 Epicurus
1072 1095 1222 1176 imupiucs
1255 1093 1403 1156 inducens
1435 1094 1570 1174 quodum
1601 1103 1696 1175 pacto

336 1206 435 1276 nepot.
480 1195 519 1261 cf.
550 1195 708 1261 Hirzelius
735 1197 756 1261 l.
777 1216 804 1260 c.
827 1217 858 1278 p.
880 1196 922 1258 70
938 1215 985 1278 sq.
1034 1201 1160 1260 tantum
1189 1200 1315 1260 constat
1342 1194 1544 1260 conviciandi
1577 1195 1696 1263 ardore

335 1317 377 1362 ne
402 1297 543 1362 sensisse
576 1297 705 1380 quidem
734 1317 829 1380 qnam
860 1297 971 1380 inepta
1001 1303 1033 1362 et
1066 1295 1126 1362 sibi
1159 1295 1338 1380 pugnantia
1369 1297 1495 1363 Velleio
1528 1296 1695 1364 tribueret

335 1398 605 1482 Xenophontis
621 1399 804 1482 opinionem
827 1398 1096 1482 quemadmodum
1111 1398 1299 1482 corruperit,
1321 1399 1414 1464 nobis
1428 1419 1469 1464 ex
1484 1399 1554 1465 eius
1569 1399 1698 1484 scriptis

335 1508 434 1585 patet.
480 1501 644 1567 Ciceronis
671 1521 744 1568 essc
772 1522 897 1566 omnem
930 1501 1057 1584 culpam
1079 1520 1120 1566 ex
1142 1499 1322 1583 fragmento
1346 1500 1525 1566 Philodemi
1549 1523 1576 1566 c.
1592 1501 1634 1566 6d
1659 1505 1695 1567 7·

335 1625 366 1686 p.
384 1605 433 1668 71.
459 1605 499 1668 72
530 1611 640 1669 nostro
669 1604 738 1670 iure
764 1603 995 1670 contendimus.
1039 1623 1114 1668 nam
1142 1602 1198 1667 ille
1226 1604 1428 1682 paucioribus
1457 1605 1560 1667 uerbis
1588 1605 1697 1670 Xeno-

334 1705 465 1788 phontis
488 1707 681 1771 senteutiam
703 1727 767 1772 non
790 1705 951 1789 excerpsit
972 1705 1031 1771 scd
1053 1703 1243 1789 amputauit,
1266 1703 1322 1770 ille
1344 1703 1558 1788 sesquialtera
1573 1707 1696 1790 pagina

334 1807 590 1872 Memorabilium
612 1809 716 1874 locum
741 1807 901 1891 explicate
923 1807 1118 1873 reddiderat.
1137 1807 1143 1838 ¹
1189 1804 1355 1890 utriusque
1382 1806 1478 1872 fidem
1502 1827 1542 1873 ex
1564 1807 1628 1873 bac
1651 1815 1696 1874 tu-

333 1910 410 1974 bula
430 1930 606 1993 cognosces

355 2019 563 2102 Xenophont.
577 2021 622 2086 IV
636 2023 675 2086 13
695 2029 725 2082 13
841 2019 1021 2086 Philodem.
1040 2039 1070 2102 p.
1084 2019 1122 2083 71
1135 2019 1173 2085 G.
1376 2017 1602 2099 07111οἕ31.

335 2123 436 2186 ...du
460 2125 500 2207 μὴ
524 2125 669 2206 ἀναμένῃς
691 2125 748 2194 ἕως
800 2125 856 2209 οὐχ
889 2123 1016 2207 spectet
1047 2143 1133 2206 φησιν
1165 2127 1216 2185 τοῦ
1276 2125 1409 2204 sormam
1432 2121 1483 2183 dci
1504 2125 1614 2204 quaeri
1631 2143 1696 2186 nou

335 2224 368 2286 ἂν
391 2225 442 2294 τὰς
465 2227 577 2308 μορφὰς
597 2227 748 2288 titelheim
773 2212 775 2281 l
800 2228 871 2289 becci
897 2228 950 2309 τὴν
981 2228 1109 2310 μορφήν,
1142 2225 1216 2287 ἀλλὰ
1278 2235 1419 2305 oportere

212 2367 215 2374 ·
335 2325 492 2408 7711117777
521 2327 628 2411 ἐξαρκῇ
648 2349 694 2392 σοι
713 2329 749 2391 τὰ
773 2294 776 2434 l
800 2328 890 2412 τᾶργα
928 2369 1098 2389 ·····
1137 2328 1217 2408 ὅμως

335 2426 404 2512 ἔργα
426 2431 523 2493 αὐτῶν
547 2433 650 2512 ὁρῶντι
670 2429 748 2514 σέβε-
800 2430 872 2493 eluet

334 2531 403 2594 abac
419 2533 466 2596 καὶ
481 2537 566 2615 τιμᾶν
581 2532 648 2602 τοὺς
663 2533 749 2601 θεοὺς

418 2633 627 2699 Philodemus
649 2633 682 2697 id
706 2640 830 2698 tantum
852 2633 998 2715 mutavit,
1020 2639 1056 2697 ut
1077 2633 1272 2716 singularem
1295 2637 1346 2694 τοῦ
1370 2633 1440 2696 beni
1457 2639 1490 2698 et
1504 2635 1556 2716 τὴν
1580 2637 1694 2719 papeha

335 2733 553 2819 substitueret,
569 2735 710 2818 itemque
722 2735 845 2819 Cicero,
861 2735 919 2800 sed
934 2733 986 2798 hic
997 2734 1108 2798 addito
1126 2740 1304 2818 oportere
1319 2735 1511 2799 sententiam
1523 2743 1695 2817 praeterea

335 2835 476 2902 invertit.
522 2859 622 2920 quare
649 2839 796 2921 equidem
820 2859 886 2902 101
908 2835 1034 2918 dubito,
1061 2835 1138 2918 quin
1160 2836 1299 2901 maiores
1327 2856 1454 2919 quoque
1476 2855 1602 2903 errores
1625 2837 1696 2904 sinc

335 2936 416 3001 duce
440 2939 643 3008 conimiserit.
677 2947 764 3007 certe
787 2942 887 3006 multo
910 2939 972 3003 hnc
994 2937 1062 3003 veri
1078 2937 1212 3002 similius
1228 2945 1287 3022 est,
1311 2957 1406 3020 quam
1422 2938 1508 3020 quod
1524 2937 1696 3024 Sauppeus

335 3049 502 3107 comment.
527 3043 568 3108 de
583 3043 709 3109 Philod.
727 3043 808 3108 libro
832 3043 885 3126 qui
901 3041 961 3106 fuit
983 3041 1025 3106 de
1046 3041 1123 3124 piet.
1145 3063 1176 3124 p.
1194 3041 1211 3104 7
1235 3039 1370 3123 sumpsit
1386 3039 1611 3106 Philodemum
1634 3043 1696 3108 hoc

334 3141 405 3214 loco
428 3143 461 3207 in
484 3145 604 3212 eisdem
628 3145 796 3211 fraudibus
818 3163 891 3208 esse
913 3163 952 3208 ac
977 3143 1177 3228 Ciceronem,
1200 3162 1306 3226 neque
1328 3141 1358 3207 ci
1373 3141 1532 3208 Hirzelins
1554 3143 1696 3210 debebat

334 3249 455 3310 temere
486 3247 676 3330 adstipulari
707 3269 737 3330 p.
753 3249 783 3311 o.
828 3252 969 3332 ceterum
1003 3263 1102 3310 causa
1134 3244 1279 3308 mutandi
1313 3243 1540 3327 Xenophontis
1574 3247 1696 3329 opinio-

334 3365 407 3410 nem
434 3355 563 3430 practer
597 3349 789 3432 Epicureum
821 3346 987 3431 iudicium,
1021 3347 1107 3430 quod
1136 3345 1293 3410 sormam
1324 3344 1376 3410 dei
1409 3345 1589 3431 desiderat,
1624 3350 1696 3414 Pla-

334 3447 431 3512 tonici
464 3450 526 3515 loci
560 3451 734 3516 similitudo
768 3449 837 3515 fuir..
892 3469 967 3513 nam
1001 3469 1072 3514 cum
1105 3446 1133 3512 is
1166 3447 1249 3528 §30
1282 3449 1356 3529 quid
1388 3450 1427 3510 sit
1461 3453 1585 3513 omnium
1620 3453 1696 3515 deus

335 3554 461 3632 anquiri
483 3552 772 3633 epm·tere·dixisse
800 3573 857 3636 per
883 3551 1031 3616 fraudem
1054 3548 1240 3634 referretur,
1268 3550 1408 3634 speciem
1436 3555 1695 3634 0110011οΧ010-

333 3652 496 3734 phonteae
527 3655 687 3738 opinionis
714 3655 899 3720 similiorem
926 3650 1066 3718 reddidit
1094 3651 1207 3717 Cicero
1239 3655 1373 3733 formam
1407 3655 1457 3716 dei
1490 3660 1600 3736 quaeri
1633 3679 1694 3721 uon

333 3765 483 3836 oportere.
539 3757 604 3821 iarn
643 3777 684 3822 err
723 3755 811 3821 facili
850 3753 1059 3838 reprehensio
1098 3753 1267 3837 repetitur:
1306 3777 1386 3837 quoe
1421 3767 1493 3819 surut
1531 3759 1628 3822 adem
1663 3764 1694 3822 ia

332 3860 446 3920 erratis
480 3859 547 3938 sere
584 3860 693 3940 quibus
730 3879 768 3920 ea
806 3879 884 3940 quoe
922 3860 959 3920 de
994 3858 1124 3920 Platone
1165 3855 1311 3920 dicimus.
1368 3857 1463 3922 simili
1500 3861 1693 3943 compendio

332 3979 410 4022 usus
438 3965 487 4024 est
515 3961 605 4043 534.
649 3978 724 4024 nam
752 3979 824 4024 cum
850 3959 969 4024 totiens
997 3957 1188 4042 Epicuream
1226 3957 1309 4023 banc
1336 3959 1608 4044 vituperationem
1641 3963 1695 4029 de-

332 4067 496 4127 cantasset
523 4061 631 4124 ‘seusu
654 4063 743 4124 deum
769 4064 874 4142 pricot
900 4073 928 4125 et
955 4065 1020 4125 eius
1046 4063 1180 4141 [ormam
1205 4063 1379 4126 mutabilem
1406 4083 1472 4126 esse
1499 4064 1594 4146 uult’,
1629 4063 1693 4129 ianr

332 4163 441 4228 nescio
469 4183 533 4246 qna
559 4165 611 4228 vel
647 4161 810 4228 oblivione
843 4165 895 4228 vel
929 4163 1061 4229 levitate
1095 4163 1199 4248 ipsum
1226 4163 1468 4230 Heraclidem
1494 4166 1693 4231 Ponticum

331 4264 411 4327 talia
433 4265 621 4347 prodentem
646 4266 731 4332 lecit.
787 4265 821 4328 in
844 4265 961 4330 Stoicis
988 4285 1115 4347 quoque
1144 4267 1284 4350 maligne
1307 4267 1467 4350 quaedam
1494 4268 1620 4351 accepit
1642 4289 1696 4334 vc-

331 4365 379 4428 lut
412 4367 492 4444 §37
525 4367 723 4434 Aristonis
754 4367 949 4432 sententiam
983 4371 1036 4447 qui
1068 4389 1165 4449 neque
1190 4373 1325 4451 [ormam
1357 4371 1408 4432 ctei
1434 4372 1569 4452 intellegi
1599 4393 1693 4452 posse

331 4479 468 4545 cerrseot,
496 4489 592 4550 quam
627 4470 670 4534 ad
703 4467 894 4552 Epicuream
926 4468 1084 4533 rationem
1118 4469 1254 4538 subdole
1290 4469 1456 4537 deflexit'
1504 4471 1562 4538 sed
1592 4473 1694 4538 multa

331 4589 467 4651 peccare
497 4570 664 4637 doctrinae
694 4571 886 4656 pervulgata
914 4569 1054 4652 cognitio
1082 4571 1254 4654 probibuit.
1300 4593 1339 4639 eo
1363 4573 1512 4640 licentius
1534 4575 1568 4639 in
1590 4595 1693 4640 remo·

428 4829 489 4864 narn
508 4813 586 4862 ctiam
605 4813 687 4862 altera
706 4815 800 4876 pagins
818 4811 854 4862 7·
873 4813 954 4862 frusta
972 4813 1164 4876 Xenophontas
1182 4813 1244 4864 mihi
1262 4815 1422 4878 adgnoscere
1441 4813 1607 4866 hauddubie
1627 4831 1690 4866 con·

328 4903 392 4964 tigit.
430 4903 461 4950 ol.
480 4901 514 4950 ad
533 4899 616 4948 Cicer.
636 4899 650 4962 ξ
663 4897 706 4950 37.

400 4984 459 5038 lot.
477 4987 672 5039 Schcemannus
691 4987 723 5037 ud
742 4985 803 5050 §36
822 4988 979 5052 quomodo
998 4989 1129 5038 efficiat
1147 4989 1346 5040 animantem.

1841 803 1845 844 l

1837 844 1845 935 l

1836 996 1843 1245 l
