3710 5730
325 395 368 460 60
804 401 841 448 lv
878 401 928 449 DE
949 401 1048 450 ΑΕΤΙΙ
1067 398 1234 450 Putemus

326 567 460 652 πρόνοιαν
487 570 535 632 καὶ
562 569 704 654 ἑπομένας
730 570 822 652 ταύτῃ
851 569 932 638 θείας
959 567 1006 631 ἐπὶ
1028 573 1066 650 τῇ
1089 571 1141 632 τοῦ
1163 569 1269 638 παντὸς
1292 571 1431 654 διοικήσει
1454 569 1603 650 δυνάμεις,
1635 569 1686 632 oui

326 669 441 751 eologa
456 670 619 754 Epicurea
632 671 806 736 inserenda
820 677 900 754 erat,
923 670 956 735 in
979 668 1143 735 oodioibus
1164 669 1367 736 interoidisse
1389 670 1548 752 cognoris.
1566 669 1575 702 ¹
1609 689 1686 752 ergo

325 772 405 836 nihil
429 773 538 839 obstat
559 793 601 838 ne
620 773 757 857 duplieis
780 772 915 838 rationis
929 779 1104 855 auetorem,
1127 773 1215 836 utin
1238 771 1407 857 prioribus,
1429 771 1559 838 Abbium
1581 771 1686 856 perhi-

327 873 470 940 beamus.
506 875 560 958 qui
583 877 625 942 de
638 874 714 940 'deis
737 874 780 940 ad
802 875 977 940 daemones
998 882 1030 940 et
1045 873 1161 940 heroes
1175 873 1263 940 filum
1278 875 1408 941 deduoit
1422 875 1505 940 haee
1520 874 1688 958 praefatus

326 977 405 1040 181
427 979 646 1062 παρακειμένως
668 979 701 1042 δὲ
723 984 766 1063 τῷ
789 979 853 1062 περὶ
876 979 954 1042 θεῶν
977 978 1055 1062 λόγῳ
1077 978 1126 1040 τὸν
1148 979 1213 1062 περὶ
1240 979 1386 1060 δαιμόνων
1412 979 1460 1042 καὶ
1483 980 1590 1062 ἡρόιων
1613 979 1687 1042 loro

332 1079 445 1161 ρητέον.
479 1079 646 1145 materiam
670 1080 785 1163 eapitis
808 1099 847 1145 ex
870 1087 997 1145 vetusto
1020 1078 1215 1144 Plaoitorum
1239 1079 1391 1146 thesauro
1414 1080 1588 1146 transtulit.

411 1182 518 1264 Atque
540 1181 592 1246 hio
614 1181 743 1264 quidem
766 1181 908 1248 substitit
930 1180 1149 1264 eompilatoris
1171 1181 1281 1248 aliena
1303 1182 1497 1266 exoerpeudi
1519 1182 1688 1266 industria,
1758 1195 1766 1204 ·

328 1282 396 1347 εἰνε
419 1284 506 1365 quod
528 1285 665 1350 materia
687 1291 817 1367 praeter
838 1283 965 1348 Plaoita
986 1285 1076 1348 nulla
1097 1283 1163 1348 iam
1184 1283 1378 1367 suppetebat
1404 1283 1474 1349 sive
1500 1282 1577 1367 quia
1598 1284 1689 1348 volu-

327 1385 414 1448 mina
442 1385 534 1451 varia
559 1386 692 1452 volvere
718 1386 860 1469 pigebat.
905 1386 1041 1469 simplex
1067 1384 1165 1466 igitur
1192 1390 1225 1450 et
1253 1405 1317 1450 una
1343 1391 1394 1450 est
1419 1385 1494 1450 hino
1520 1405 1622 1468 usque
1644 1385 1688 1450 ad

327 1485 422 1551 finem
450 1487 543 1570 primi
570 1487 643 1552 libri
663 1495 790 1552 natura.
834 1509 895 1552 nee
920 1495 1029 1554 tamen
1051 1507 1143 1552 suum
1170 1487 1334 1570 ingenium
1356 1486 1568 1553 absoondidit.
1612 1507 1689 1552 nam

327 1608 423 1670 quam
451 1589 484 1654 in
512 1591 686 1674 prooemiis
714 1591 895 1656 invenimus
922 1587 1101 1654 disserendi
1128 1589 1317 1672 exilitatem,
1340 1589 1455 1656 eadem
1476 1589 1541 1654 iam
1562 1589 1596 1654 in
1618 1588 1690 1654 bre-

326 1690 466 1756 vissimis
481 1699 514 1757 et
528 1671 721 1758 scholastico
737 1712 826 1758 more
841 1691 1006 1774 conseptis
1024 1689 1263 1758 definitionibus
1285 1712 1312 1756 ο.
1329 1692 1359 1755 9.
1376 1693 1425 1756 10.
1443 1694 1493 1757 11.
1511 1693 1561 1756 12.
1579 1692 1628 1756 14.
1645 1693 1687 1756 15

327 1791 483 1858 enitesoit.
528 1793 687 1860 consentit
705 1794 738 1860 in
757 1793 942 1860 uuiversum
970 1792 1131 1858 Stobaeus
1155 1792 1216 1858 nisi
1239 1792 1326 1876 quod
1353 1792 1499 1858 ultimum
1527 1799 1624 1877 eaput
1646 1792 1690 1858 de

327 1903 446 1960 natura
460 1897 492 1960 in
508 1895 628 1961 nostris
643 1895 756 1964 saltem
780 1895 936 1980 exemplis
957 1915 1023 1960 non
1045 1893 1110 1958 iam
1131 1893 1258 1976 legitur.
1291 1895 1428 1960 idoneus
1452 1901 1522 1961 erat
1543 1896 1632 1960 loous
1654 1893 1688 1959 iu

328 2017 354 2061 o.
369 2000 410 2062 41
435 1996 499 2086 [35]
521 2001 586 2083 περὶ
607 2000 722 2084 φύσεως
744 2000 793 2062 καὶ
814 2003 873 2060 τῶν
896 1997 926 2066 ἐξ
947 1998 1039 2082 αὐτῆς
1061 1998 1275 2082 συμβαινόντων
1297 1999 1406 2062 αἰτίων.

414 2101 561 2184 Simplex
576 2108 625 2168 est
640 2099 801 2166 alterius
817 2100 859 2165 de
873 2099 1025 2165 meteoris
1040 2097 1113 2164 libri
1129 2097 1285 2166 eondieio.
1312 2099 1392 2166 nihil
1414 2101 1614 2166 extrinseeus
1633 2101 1690 2164 ad·

328 2201 456 2286 soitum,
483 2203 564 2267 nihil
595 2221 749 2286 perverse
776 2201 985 2286 oollooatum,
1020 2201 1099 2266 nihil
1127 2221 1149 2266 a
1170 2202 1312 2282 genuina
1337 2203 1463 2268 ratione
1489 2203 1689 2286 disorepans.

329 2303 525 2368 Plaoitorum
548 2304 645 2386 igitur
667 2323 763 2370 verus
786 2303 874 2368 color
894 2301 992 2368 iaoile
1014 2302 1229 2385 adgnoscitur.

414 2407 533 2471 Verum
549 2405 665 2472 tertio
681 2405 763 2470 libro
780 2405 976 2487 edooebitur,
999 2402 1112 2487 siquis
1131 2411 1292 2470 vetustam
1305 2407 1502 2472 Planitorum
1518 2407 1687 2473 materiam

331 2505 374 2570 ab
396 2506 492 2572 Aetio
516 2514 668 2590 tanquam
690 2527 851 2589 mangone
874 2507 989 2574 alienis
1011 2505 1171 2590 eapitibus
1197 2505 1338 2574 fucatam
1366 2530 1439 2576 esse
1461 2510 1603 2576 nondum
1626 2509 1688 2574 sibi

328 2609 535 2690 persuaserit.
572 2609 713 2691 genuina
741 2616 816 2675 suut
844 2609 893 2674 ΙΙΙ
910 2611 993 2674 1-4
1015 2615 1048 2674 et
1069 2609 1089 2674 5
1112 2616 1222 2670 10—12.
1260 2611 1358 2693 plane
1385 2611 1534 2678 diversae
1562 2611 1691 2676 farinae

329 2717 379 2774 est
401 2711 544 2777 eiusdem
575 2711 690 2794 eapitis
711 2711 845 2776 initium.
882 2731 987 2794 neque
1015 2710 1099 2776 enim
1126 2709 1318 2792 placitorum
1346 2720 1396 2778 est
1425 2715 1602 2796 enarratio,
1630 2714 1689 2779 sed

328 2813 430 2895 ipsius
446 2813 622 2892 doetrinae,
645 2813 695 2878 eui
710 2813 858 2880 Platonis
873 2813 1068 2896 Homerique
1083 2811 1216 2878 uomina
1237 2812 1407 2880 dumtaxat
1428 2815 1555 2881 decoris
1570 2835 1688 2880 oaussa

331 2914 588 2998 interponuntur.
621 2915 746 2980 aooedit
768 2917 904 2982 alterum
928 2913 1094 2980 turbarum
1116 2913 1296 2997 vestigium.
1331 2915 1438 3000 agitur
1460 2917 1541 2982 lIIl
1567 2917 1608 2982 de
1630 2917 1689 2981 eir-

329 3018 401 3080 eulo
423 3017 539 3102 laoteo,
561 3019 581 3083 2
604 3017 644 3082 de
667 3018 810 3103 oometis,
840 3020 860 3084 3
883 3019 924 3084 de
950 3015 1131 3100 tonitribus,
1153 3017 1175 3080 4
1202 3016 1244 3082 de
1270 3017 1418 3084 nubibus.
1459 3019 1551 3086 vides
1577 3021 1612 3084 τὰ
1639 3043 1688 3102 με-

329 3119 432 3202 τάρσια
457 3118 554 3204 (quae
576 3122 720 3184 sublimio
749 3120 846 3186 vertit
873 3118 1012 3206 Seneoa)
1039 3117 1203 3201 explieari.
1249 3119 1307 3184 sed
1335 3119 1412 3203 quid
1440 3120 1481 3186 de
1507 3120 1600 3186 initio
1623 3125 1689 3186 ab

329 3219 515 3286 dicendum:
542 3228 600 3286 τῶν
628 3224 789 3306 μεταρσίων
814 3223 919 3286 παθῶν
946 3222 983 3284 τὰ
1009 3222 1061 3304 μὲν
1088 3220 1152 3285 καθ’
1185 3223 1342 3286 ὑπόστασιν
1364 3223 1470 3304 γίνεται
1492 3224 1552 3288 οἷον
1581 3222 1690 3310 ὄμβρος

329 3326 456 3407 χάλαζα,
478 3327 515 3390 τὰ
530 3327 563 3390 δὲ
577 3325 636 3390 κατ’
657 3323 792 3410 ἔμφασιν.
809 3367 817 3382 ·
834 3367 842 3382 ·
859 3367 866 3382 ·
889 3323 965 3387 ἔστιν
981 3320 1031 3386 οὖν
1047 3321 1105 3388 κατ’
1133 3322 1258 3410 ἔμφασιν
1274 3328 1293 3409 i,
1308 3323 1372 3408 ἶρις.
1405 3345 1514 3391 noune
1533 3325 1692 3409 prooemi-

329 3433 437 3492 antem
460 3428 677 3512 deprehendis
699 3427 791 3510 quasi
807 3425 957 3492 sublimia
976 3425 1119 3492 nondum
1133 3426 1299 3508 attigerit?
1329 3427 1400 3510 quis
1421 3433 1530 3493 autem
1552 3427 1692 3511 seriptor

329 3537 420 3594 tauta
442 3537 491 3596 est
514 3531 675 3614 pravitate
698 3530 835 3594 utillud
859 3535 957 3613 eaput
973 3549 1035 3610 quo
1052 3527 1282 3593 introduoimur
1304 3529 1416 3612 quinto
1438 3530 1509 3596 loeo
1532 3531 1692 3596 eolloeet?

329 3631 400 3713 quis
421 3653 517 3715 porro
540 3641 605 3698 tam
628 3652 707 3698 suae
732 3632 866 3697 rationis
890 3631 1022 3715 oblitus,
1046 3637 1082 3694 ut
1107 3629 1143 3693 τὰ
1170 3628 1234 3694 καθ’
1264 3632 1420 3696 ὑπόστασιν
1443 3637 1476 3696 et
1497 3634 1534 3696 τὰ
1554 3631 1613 3696 κατ’
1641 3631 1692 3715 ἔμ-

329 3755 415 3817 φασιν
437 3735 526 3799 uullo
550 3735 671 3800 ordinis
696 3734 878 3800 discrimine
902 3732 1058 3798 oollooet‘l
1091 3729 1168 3814 quid
1190 3733 1313 3798 multa?
1351 3733 1510 3798 aeeersita
1532 3741 1582 3800 est
1603 3734 1692 3818 prior

328 3835 370 3900 de
395 3835 477 3902 iride
504 3836 685 3919 disputatio
715 3843 747 3902 et
775 3856 815 3901 ex
837 3835 945 3899 alieno
968 3833 1259 3919 eouexudivulsa,
1282 3835 1434 3919 limpidus
1456 3843 1566 3901 autem
1589 3835 1695 3901 Placi-

328 3945 432 4002 torum
455 3938 528 4004 fons
552 3939 589 4002 in
613 3937 765 4003 extremis
782 3934 996 4020 paragraphis
1010 3934 1228 4018 adguoseitur.
1262 3942 1334 4002 uter
1354 3936 1602 4021 interpolaverit
1617 3938 1693 4002 Plu-

327 4039 458 4104 tarehus
483 4059 526 4104 an
552 4040 665 4104 Attius
702 4040 793 4104 nulla
818 4045 867 4104 est
893 4036 1067 4120 dubitatio,
1097 4036 1173 4120 quia
1202 4036 1363 4103 Stobaeus
1390 4038 1542 4104 extremis
1565 4038 1694 4104 omissis

330 4141 490 4206 emblema
506 4142 585 4206 illud
600 4142 734 4206 insitum
749 4139 962 4206 conservavit.
996 4139 1141 4223 suspioor
1156 4139 1250 4204 Aetio
1266 4139 1319 4206 hio
1334 4147 1464 4224 praesto
1479 4141 1580 4206 fuisse
1595 4141 1695 4223 quod-

328 4244 404 4308 dam
426 4246 468 4309 de
489 4244 640 4310 meteoris
663 4243 875 4325 enobiridion,
899 4241 985 4324 quod
1006 4241 1040 4305 in
1069 4241 1275 4325 opinionibus
1298 4243 1402 4309 minus
1421 4263 1517 4327 quam
1538 4241 1571 4306 in
1595 4243 1693 4308 rebus

329 4345 407 4428 ipsis
423 4346 623 4429 explicandis
641 4345 841 4412 versabatur.
881 4364 986 4426 neque
1007 4343 1120 4431 dubito
1144 4344 1220 4426 quin
1243 4343 1388 4409 eiusdem
1411 4343 1543 4426 originis
1566 4343 1607 4408 sit
1628 4347 1696 4409 eti

329 4448 393 4531 περὶ
417 4449 542 4532 ῥάβδων.
576 4448 655 4513 nihil
673 4449 757 4515 inest
774 4445 960 4531 opinionum
976 4444 1184 4527 diversitatis,
1208 4451 1242 4510 at
1264 4451 1556 4512 oommemorantur
1577 4445 1695 4510 iterum

330 4549 479 4615 notiones
511 4553 698 4620 ὑποστάσεως
726 4552 774 4614 καὶ
801 4550 968 4634 ἐμφάσεως.
1011 4547 1153 4612 indidem
1180 4545 1272 4612 fluxit
1297 4549 1346 4612 ΙΙΙ
1369 4549 1410 4612 18
1432 4547 1497 4631 περὶ
1520 4548 1584 4611 ἅλω
1607 4547 1696 4631 quud

330 4651 514 4735 importuno
536 4653 607 4716 loeo
631 4659 706 4736 post
727 4651 892 4719 terrestria
914 4651 1101 4734 oollooatur,
1125 4669 1196 4714 oum
1212 4647 1284 4715 finis
1298 4655 1356 4714 τῶν
1373 4650 1535 4734 μεταρσίων
1558 4649 1600 4715 ab
1622 4649 1695 4733 ipso

403 4891 407 4920 ¹
428 4909 489 4942 nam
501 4894 571 4956 quod
584 4895 690 4942 frustum
702 4901 830 4958 superstes
843 4892 970 4954 naufragii
983 4907 1039 4941 esse
1052 4893 1113 4940 olim
1127 4894 1285 4940 conlocaram
1300 4888 1325 4950 (2
1338 4899 1362 4938 4⁰
1374 4907 1397 4954 p.
1415 4889 1503 4942 10011.
1522 4905 1547 4955 p.
1559 4887 1592 4942 26
1605 4889 1701 4964 1111),

330 4996 361 5030 ne
380 4981 406 5029 id
425 4981 528 5046 quidem
546 4982 691 5030 necessario
710 4983 771 5030 illus
788 4979 958 5030 referendum.
