3756 5736
731 397 1006 450 PROLEGOMENA

230 560 282 623 91
318 561 377 622 bac
392 562 942 650 Chaldaeorumsontentiaccpli-
1008 573 1011 580 ’

186 671 259 728 cata
289 671 414 730 troam
443 667 487 730 ad
509 669 684 750 opinionem
706 669 943 752 Pplbaporicam

191 767 355 832 Varroni
383 779 551 836 tractatam
579 777 612 836 ia
635 771 715 834 libro
738 773 791 853 qui
811 781 942 837 uocatur

186 868 328 933 Tubero
351 884 379 936 et
400 878 483 938 tutus
504 875 710 940 subscribitur
732 874 776 936 do
798 877 941 957 oripiue

183 972 358 1038 bumana.

219 1084 236 1136 2
260 1097 339 1159 puae
350 1082 565 1162 quidcmratio
579 1080 942 1164 proecipuerocipiendu

183 1179 228 1242 ad
247 1183 406 1246 maten
426 1185 571 1265 prosim
591 1184 712 1248 oidctrsr
733 1183 890 1248 ccccdcrc.

227 1283 299 1346 alii
327 1288 408 1350 caia
431 1288 582 1370 plerique,
612 1306 679 1349 cum
701 1305 806 1349 omues
831 1297 941 1368 partus
1035 1289 1074 1354 cf.
1091 1290 1272 1356 pravus
1301 1293 1330 1356 ἐν
1346 1292 1431 1378 πόσῳ
1447 1294 1546 1379 χρόνῳ

182 1403 245 1448 nort
266 1406 329 1452 uno
351 1399 485 1472 tempore
504 1393 583 1472 fiant
605 1391 730 1464 malurt',
753 1409 817 1453 aaa
839 1399 939 1455 tamen
993 1397 1154 1478 μορφοῦται
1169 1393 1205 1456 τὰ
1221 1398 1284 1478 ζῷα
1301 1395 1331 1458 ἐν
1352 1397 1451 1480 γαστρὶ
1467 1395 1546 1460 ὄντα.

183 1491 350 1573 sericaque
378 1501 519 1576 tempora
545 1493 685 1558 cursibus
707 1493 940 1572 conformandis

183 1592 343 1658 dederuut.
375 1603 410 1659 ut
436 1596 626 1679 Diopeues
653 1596 869 1677 Apolloniates
888 1601 940 1679 qui

182 1699 330 1763 amata
349 1721 464 1783 corpus
478 1704 524 1766 cit
538 1709 684 1784 quattuor
698 1698 853 1763 mensibus
867 1701 940 1780 for-

181 1801 264 1862 mari
286 1811 314 1864 et
334 1804 459 1885 [eminis
481 1805 624 1887 quiaque,

223 1905 274 1967 cel
304 1904 452 1990 Hippou
483 1909 537 1991 qui
569 1905 676 1970 diebus
702 1906 758 1970 LX
789 1906 940 1987 infantem

180 2006 290 2070 scibit
317 2010 452 2090 [marari
482 2020 511 2074 et
541 2018 653 2094 quarto
683 2029 785 2073 aaut
815 2027 939 2072 caruem

177 2111 250 2189 fieri
270 2121 449 2178 concrctam
472 2115 578 2198 quinto
608 2131 726 2194 unques
754 2113 938 2193 capillatura

180 2215 272 2275 uasa
290 2218 421 2297 septimo
435 2221 499 2283 ium
514 2217 664 2282 bominum
680 2235 747 2279 csse
757 2215 935 2296 perfectum.

224 2323 241 2376 3
271 2317 506 2403 Pptboporas
528 2329 629 2384 autem
652 2320 734 2401 quod
749 2325 817 2381 act
831 2317 937 2380 orodi-

180 2421 273 2484 bilius
295 2423 380 2486 dicit
392 2433 504 2506 portus
519 2441 714 2505 occupauere
729 2422 791 2484 duo
806 2421 937 2484 alterum

178 2533 294 2604 septem
308 2545 445 2590 maurum
460 2528 592 2590 alterum
606 2525 719 2601 decan,
734 2525 790 2587 sed
799 2527 936 2605 priorem
961 2600 963 2621 Ι

180 2627 253 2690 aliis
292 2629 412 2692 durium
452 2631 588 2693 numeris
630 2629 824 2708 conturnari
864 2624 963 2690 oliie'

177 2733 390 2808 posteriorem.
424 2717 480 2796 cos'
498 2751 572 2796 coro
592 2751 737 2796 numeros
759 2732 859 2813 quiin
873 2749 935 2793 uuo

178 2850 299 2914 quoque
318 2843 414 2914 partu
436 2836 559 2918 aliquid
580 2836 728 2916 adferunt
746 2835 935 2908 mutationis,

179 2935 252 2997 dum
273 2945 329 2998 aut
350 2957 450 3000 semen
471 2941 505 3001 iu
526 2941 706 3020 sanquinem
733 2943 787 3000 aut
808 2937 936 3015 sanquis

177 3041 211 3101 ia
237 3058 363 3103 canem
390 3051 445 3104 cut
474 3061 551 3106 curo
581 3043 615 3105 iu
643 3041 774 3106 bomims
803 3041 934 3120 douram

177 3146 368 3206 convertitur
389 3146 469 3207 iuter
490 3165 524 3207 aa
546 3147 686 3208 oculatos
700 3146 853 3207 rationem
874 3143 934 3204 bo-

178 3245 250 3308 bere
271 3266 340 3310 eam
362 3265 454 3329 quom
476 3268 566 3312 vorm
587 3249 698 3312 bcbcut
720 3266 799 3330 quoe
816 3247 849 3308 iu
864 3265 934 3306 mu·
958 3188 961 3391 ἓ

154 3350 241 3414 «sice
262 3349 413 3433 σύμφωνοι
435 3359 597 3415 uocantur.
958 3404 960 3413 .

267 3449 387 3518 Omitto
409 3453 564 3520 Varronis
586 3453 741 3520 musicam
763 3451 922 3517 rationem
944 3450 1085 3516 alienam
1107 3471 1128 3514 a
1149 3459 1259 3516 nostro
1282 3453 1437 3520 instituto.
1482 3455 1541 3521 sed

182 3553 273 3618 iuvat
295 3554 499 3622 Varroniano
520 3557 608 3641 apud
636 3555 719 3621 alios
742 3555 938 3621 Plecitorum
960 3554 1065 3619 electa
1088 3553 1197 3636 qualia
1223 3553 1360 3621 subinde
1385 3555 1540 3622 adnotavi

178 3657 277 3740 paule
311 3657 496 3740 diligentius
529 3658 691 3742 colligere.
736 3657 925 3722 Lactantius
958 3655 991 3720 in
1020 3655 1101 3721 libro
1130 3655 1171 3721 de
1206 3656 1332 3742 opificio
1367 3657 1420 3723 dei
1453 3657 1540 3723 illius

179 3759 403 3824 auctoritatem
426 3761 566 3827 maxime
588 3761 631 3826 ad
654 3759 869 3847 etymologias
890 3757 1079 3824 nominatim
1103 3759 1272 3826 arcessivit
1293 3765 1328 3825 ut
1351 3760 1414 3825 c.8
1437 3781 1458 3824 o
1481 3780 1540 3842 quo

178 3863 286 3942 foratu
308 3865 441 3944 [contem
463 3867 653 3930 nominatam
681 3866 780 3929 Varro
804 3863 991 3926 octstimccit
1012 3862 1066 3926 vel
1088 3882 1115 3927 c.
1133 3864 1174 3927 10
1195 3884 1247 3927 cos
1270 3865 1411 3927 ciliorum
1434 3867 1540 3946 topini-

179 3966 269 4028 uibus
295 3969 429 4031 occuluit
457 3968 538 4032 uude
567 3971 673 4032 oculos
703 3971 803 4032 dictos
825 3987 891 4030 esse
918 3967 1052 4029 Varroni
1072 3967 1185 4047 placet.
1229 3965 1413 4048 ibidemque
1440 3967 1540 4030 Varro

178 4086 199 4130 o
220 4069 347 4149 incudo
370 4069 437 4132 cibo
458 4079 549 4150 putat
564 4073 688 4153 liupuce
706 4091 816 4134 rtomcu
837 4072 1013 4151 impositum
1035 4069 1076 4134 ef.
1099 4089 1125 4134 c.
1143 4069 1183 4132 13
1213 4070 1351 4132 mulinis
1372 4073 1433 4132 oiri
1455 4089 1482 4134 o.
1500 4071 1541 4134 14

178 4189 286 4234 cerrum
308 4191 335 4237 e.
349 4173 389 4237 15
413 4171 522 4236 ccciv
546 4171 734 4255 veriloquis.
768 4172 994 4256 gravissimam
1015 4191 1093 4237 vero
1116 4169 1296 4235 doctrinam
1318 4170 1360 4236 de
1375 4170 1540 4236 hominum

180 4273 391 4354 generatione
406 4295 433 4339 c.
448 4275 488 4340 12
504 4275 703 4360 compressit.
735 4281 865 4359 praeter
880 4275 1047 4360 superiore
1061 4273 1119 4338 illa
1134 4272 1216 4337 duos
1235 4273 1365 4356 eclogas
1379 4293 1539 4358 promam:

179 4481 245 4542 ortu)
265 4497 361 4531 annum
381 4483 551 4546 incipiebant,
571 4485 616 4533 sed
635 4484 859 4548 apotelesmaticos
879 4481 922 4545 [ci.
941 4484 1050 4533 Lucisn.
1068 4482 1157 4531 astrol.
1177 4479 1205 4544 7]
1228 4484 1271 4545 qui
1290 4483 1420 4536 Petosiriu
1444 4491 1469 4532 et
1486 4483 1539 4532 Ne-

180 4568 335 4634 chepsonem
353 4571 474 4634 antiquos
489 4571 601 4636 Aegypti
617 4587 689 4635 reges
709 4579 841 4634 tamquam
860 4571 1016 4634 astrologiae
1036 4573 1184 4620 inventores
1203 4577 1229 4619 et
1246 4571 1411 4633 gravisdmos
1430 4573 1537 4634 scripto·

176 4672 218 4706 res
235 4657 417 4722 suspiciebant.
449 4659 479 4708 ci.
499 4659 600 4708 Usener
619 4659 686 4708 Mus.
706 4659 789 4709 Rhen.
808 4658 901 4708 XXVI
923 4655 980 4709 158.
999 4658 1047 4708 Ch.
1066 4659 1155 4710 Graux
1170 4653 1258 4708 Becue
1270 4657 1304 4708 cla
1314 4655 1409 4724 pbilol.
1422 4657 1450 4706 Il
1468 4656 1538 4706 llus.

178 4741 493 4795 Not.etentr.XV1112
512 4761 536 4810 p.
551 4741 594 4796 36.
613 4745 724 4795 Romani
749 4745 840 4808 quibus
859 4747 926 4794 aries
945 4746 1069 4795 sollemne
1088 4753 1127 4794 est
1144 4746 1244 4794 initium
1265 4747 1327 4808 quin
1350 4759 1402 4794 non
1425 4745 1538 4807 ipsorum

176 4831 257 4881 fastos
275 4829 319 4893 [ct.
334 4832 479 4882 Mommsen
491 4849 511 4882 r.
526 4832 649 4882 Chronol.
665 4828 748 4896 ²307]
767 4833 812 4882 sed
831 4847 950 4897 graecum
963 4848 1036 4882 usum
1056 4835 1107 4882 sint
1124 4834 1212 4894 secuti,
1232 4833 1350 4896 equidem
1369 4847 1422 4880 nen
1440 4829 1537 4880 dubito.

251 4916 364 4970 'ranas
387 4921 419 4969 de
439 4935 498 4970 uoce
517 4921 652 4984 opiniones
672 4935 704 4969 ex
723 4934 815 4984 graeco
835 4922 904 4970 lente
932 4921 1058 4984 expressit
1077 4919 1204 4970 Gellius
1225 4921 1248 4968 V
1270 4916 1309 4970 15.
1337 4917 1450 4967 indidem
1469 4933 1490 4965 e.
1508 4915 1537 4968 16

177 5005 208 5058 de
227 5004 253 5055 ci
272 5003 403 5056 oculomm
423 5009 582 5059 Placitorum
602 5021 673 5056 more
693 5015 847 5074 excerptum.
884 5009 928 5057 sed
947 5010 1045 5058 iontem
1064 5015 1091 5054 ut
1110 5007 1253 5058 invenirem
1273 5020 1326 5056 non
1346 5005 1462 5068 contigit.
