3708 5732
681 434 958 486 PROLEGOMENA

180 601 196 666 I
218 601 274 666 31
297 602 372 666 ἐστιν
395 604 475 688 ἀρχή
499 601 593 669 0110
613 638 657 649 -
679 603 758 688 ἀρχή
781 602 858 668 ἐστιν
877 608 966 670 reete
985 602 1083 686 vulgo

285 709 350 770 ,τοῦ
372 704 476 775 ὕδατος
498 703 593 771 0100
614 741 658 752 —-
678 709 737 769 τῶν
760 706 872 770 ὑδάτων
894 711 983 770 reete
1003 705 1101 788 vulgo

179 806 275 871 1318
299 807 503 892 προστέθεικεν
524 807 608 874 salso
631 807 727 874 OFG
748 841 791 854 -
811 807 993 892 προσέθηκεν
1015 803 1133 872 reatina
1156 805 1253 889 vulgo

159 907 194 973 Π
216 910 292 974 301
315 909 387 975 εἶναι
410 913 443 976 δὲ
465 909 559 977 0Ὲο
582 945 622 956 -
645 909 717 974 εἶναι
738 909 792 994 γὰρ
813 914 901 974 reete
922 909 1030 993 vulgo.

134 1009 169 1074 in
198 1010 310 1078 eodioe
341 1010 366 1077 0
393 1013 517 1078 nullum
549 1011 810 1095 interpolationis
842 1010 1014 1094 vestigium
1043 1007 1162 1076 inveni.
1192 1009 1359 1094 eomplura
1392 1012 1426 1078 in
1452 1033 1499 1080 ro

135 1112 335 1180 pautioribus
356 1113 429 1180 Fe.
473 1113 559 1179 male
589 1112 675 1178 enim
702 1119 880 1180 oorreotum
907 1117 957 1179 ost
977 1109 994 1176 Ι
1017 1113 1091 1176 101
1116 1112 1161 1194 μὴ
1189 1111 1358 1198 ὑφεστῶσα,
1387 1121 1500 1180 eontra

135 1215 218 1281 suite
233 1215 451 1298 exoogitatum
473 1217 490 1281 1
509 1220 530 1283 4
548 1227 566 1278 4
588 1218 733 1300 empetros
756 1222 789 1282 et
811 1215 911 1300 αὐγάς.
948 1215 1049 1282 semel
1070 1213 1139 1278 Π6
1160 1223 1171 1274 1
1196 1212 1255 1279 Fe
1270 1249 1313 1260 -
1326 1215 1500 1299 ingenious

136 1335 182 1382 an
207 1317 343 1384 meliore
369 1321 525 1386 memoria
551 1317 601 1385 fisi
627 1319 785 1386 insertum
811 1353 855 1365 -
875 1337 988 1384 verum
1016 1317 1113 1402 ἀρχήν
1139 1337 1198 1401 pro
1221 1318 1300 1402 ἀρχή
1329 1324 1500 1383 servarunt

140 1419 212 1484 soli.
257 1421 317 1487 sed
338 1421 425 1504 quod
446 1421 577 1507 saepius
599 1421 768 1506 querebar,
791 1418 895 1486 omnis
910 1417 1030 1500 gradus
1043 1417 1078 1484 in
1095 1418 1232 1484 lubrioo:
1255 1417 1404 1501 equidem
1418 1417 1499 1484 nihil

138 1521 289 1606 eupidius
309 1529 386 1606 opto
401 1543 497 1607 quam
521 1530 556 1590 ut
571 1525 677 1591 denuo
700 1522 845 1590 exoussis
860 1519 1023 1587 oodieibus
1044 1539 1124 1587 vera
1139 1520 1284 1586 oodiaum
1306 1519 1499 1604 propagatio

136 1623 319 1706 aperiatur.
353 1626 479 1694 interea
500 1627 587 1711 quod
609 1624 774 1711 oomposui
795 1622 941 1690 oudinum
963 1630 1099 1690 stemma
1122 1623 1184 1688 hoo
1204 1627 1296 1689 utere
1318 1641 1443 1688 msoum

447 1990 471 2027 a.
493 1971 545 2026 ooo
583 1829 826 2095 qu-’‘i“

479 2163 547 2218 1000

922 2215 1177 2228 *ιι-ιιι...

481 2351 548 2406 1100

479 2539 545 2594 1200

873 2653 1236 2666 “uu—ut·-

479 2729 546 2784 1300
1105 2777 1128 2827 Β

480 2919 547 2972 1400
866 2919 888 2969 G

972 2967 1078 3106 tt

478 3108 546 3163 1500

295 3548 371 3604 xm
399 3549 449 3606 lili
467 3545 723 3605 merlinum
740 3547 780 3602 lu
797 3544 955 3603 nunno
972 3543 1130 3602 0100111111
1147 3547 1354 3610 EXOERP'HS

231 3758 283 3824 De
305 3756 426 3823 Laertii
456 3755 613 3839 Diogenis
637 3755 781 3822 fontibus
809 3755 864 3838 qui
893 3763 970 3822 ante
996 3755 1057 3821 hos
1083 3778 1201 3824 novem
1230 3779 1334 3826 annos
1366 3761 1506 3828 seribere

144 3859 256 3944 eoepit
276 3859 313 3924 F.
333 3859 527 3926 Nietseheus
549 3877 622 3925 eum
644 3857 877 3944 quaestionem,
900 3877 984 3941 quae
1007 3865 1057 3923 est
1078 3859 1119 3926 de
1140 3861 1303 3946 primariis
1321 3862 1507 3929 auctoribus

147 3967 181 4028 st
198 3961 286 4027 unde
301 3981 449 4047 quaeque
462 3961 639 4045 antiquitus
653 3960 873 4046 profluxerint,
889 3959 1024 4044 tangere
1038 3963 1151 4028 noluit.
1185 3983 1262 4030 nam
1277 3964 1459 4049 quieunque
1473 3966 1507 4030 in

147 4083 189 4129 oo
203 4081 333 4147 genere,
355 4063 441 4147 quod
456 4069 490 4129 st
503 4061 726 4128 diffieillimum
741 4063 823 4128 duee
840 4067 873 4128 et
886 4059 1175 4131 fructuosissimum
1189 4065 1346 4151 profioere
1360 4066 1507 4151 voluerit,

144 4165 174 4230 is
195 4185 263 4230 non
283 4163 402 4231 frivola
424 4165 610 4232 curiositate
625 4169 792 4229 austerum
809 4161 944 4228 nomina
957 4171 1156 4250 perreptare,
1178 4169 1236 4235 sed
1251 4167 1382 4234 assiduo
1397 4168 1508 4234 laboro

145 4266 180 4332 in
202 4272 343 4332 mentem
366 4275 399 4334 et
420 4266 556 4333 oonsilio
577 4265 741 4332 variorum
763 4263 954 4349 seriptorum
975 4267 1068 4349 quasi
1089 4267 1254 4338 insinuare
1275 4269 1381 4336 debet
1422 4269 1510 4352 quod

145 4368 203 4434 ille
223 4389 284 4435 neo
305 4368 384 4434 feeit
404 4389 465 4436 nee
486 4368 595 4435 faeere
617 4367 732 4452 potuit,
753 4367 906 4451 quoniam
920 4367 955 4433 id
977 4377 1027 4436 est
1048 4370 1172 4436 subaeti
1194 4371 1316 4454 ingenii
1338 4377 1371 4438 at
1392 4371 1511 4439 aetatis

146 4469 342 4536 maturioris.
382 4490 455 4536 eum
481 4477 592 4537 tanen
618 4469 765 4552 quaestio
787 4469 992 4554 aliquatenus
1015 4479 1102 4538 osset
1123 4473 1358 4559 promovenda,
1389 4473 1509 4540 Laertii

147 4571 313 4655 proximos
333 4569 442 4640 fontes
471 4609 515 4619 -
541 4571 674 4638 namin
695 4571 747 4637 his
768 4570 837 4638 fere
864 4591 900 4638 se
922 4573 1080 4639 continuit
1109 4611 1148 4620 -
1177 4575 1421 4659 investigandos
1449 4575 1510 4643 sibi

147 4673 325 4758 proposuit.
370 4673 428 4740 sed
453 4695 495 4742 ne
522 4674 607 4740 intra
634 4673 771 4740 artiores
799 4672 929 4757 quidem
955 4673 1036 4740 fines
1063 4694 1135 4740 eam
1164 4674 1373 4744 sobrietatem
1402 4675 1510 4742 iudioii

147 4775 323 4860 praestitit,
354 4795 418 4858 qua
447 4774 594 4860 aequalis
621 4773 658 4840 F.
681 4775 857 4842 Bahnsehii
885 4775 1109 4860 quaestionum
1135 4775 1178 4843 de
1206 4777 1361 4862 Diogenis
1388 4777 1512 4843 Laertii

146 4875 292 4942 fontibus
317 4877 410 4944 initia
438 4874 742 4964 [Gumbinn.1868]
769 4879 942 4944 exoellunt.
990 4883 1025 4943 at
1051 4878 1243 4960 quantillum
1276 4879 1438 4964 estquod
1465 4879 1512 4944 iili

148 4977 237 5042 omni
253 4977 454 5046 dubitatione
469 4985 653 5064 exemptum
669 4977 832 5046 affirmare
847 4979 945 5046 liouit.
979 4980 1090 5061 itaque
1104 4979 1299 5047 Nietseheus
1313 4981 1347 5045 in
1363 5001 1512 5065 eampum

201 5107 296 5152 Diels.
317 5109 460 5160 Dpxonrspht
479 5111 561 5158 masor.
1270 5083 1308 5148 11
