3708 5732
314 376 375 439 172
686 377 751 426 xrv
788 377 836 424 ns
857 375 1073 426 consensuro
1092 373 1301 425 aueanrnxo

312 563 396 629 quse
423 550 458 610 ut
486 545 601 611 melius
623 544 846 626 intellegatur,
869 559 986 622 graece
1012 539 1201 624 refing'enda
1228 539 1301 607 erit:
1329 538 1552 625 Ἀναξίμανδρος
1579 543 1672 606 δὲτὸ

312 647 429 732 ἄπειρον
453 649 549 734 ἀρχὴν
571 650 686 710 πάντων
710 647 835 710 ὑπέθετο
857 648 1059 727 σπερματικῶς
1082 642 1152 729 ἔχον
1175 644 1205 707 ἐν
1228 645 1308 730 αὑτῷ
1331 644 1384 726 τὴν
1400 643 1508 726 γένεσιν
1530 649 1588 708 τῶν
1603 646 1672 710 ποίν-

311 773 380 828 των,
400 749 430 819 ἐξ
446 750 481 814 οὔ
496 755 635 834 συστῆναι
649 747 786 832 ἀπείρους
801 745 938 828 κόσμους.
972 744 1034 810 hoe
1050 744 1078 810 si
1092 745 1202 809 mittas
1218 745 1360 811 Stoicum
1374 743 1455 810 illud
1470 752 1673 831 σπερματικῶς

312 850 367 914 vix
395 851 485 916 aliud
507 849 667 934 significat
690 867 786 932 quam
809 846 1038 912 Plutarcheum
1067 845 1232 930 [Stromat.
1249 849 1282 930 2]
1304 849 1337 910 rb
1361 846 1477 932 ἄπειρον
1499 850 1552 933 τὴν
1575 853 1671 913 πᾶσαν

312 953 405 1016 αἰτίαν
428 952 507 1040 ἔχειν
530 958 582 1038 τῆς
604 957 656 1017 τοῦ
678 952 784 1021 παντὸς
805 949 944 1034 γενέσεως
967 949 1015 1011 καὶ
1038 950 1161 1035 φθορᾶς,
1183 949 1213 1018 ἐξ
1235 949 1269 1014 οὔ
1292 952 1329 1034 δή
1352 970 1423 1034 φησι
1446 951 1513 1022 τοός
1534 975 1566 1015 τε
1587 951 1672 1038 οὐρα-

313 1057 379 1126 rob<
401 1055 611 1140 ἀποκεκρίσθαι
633 1055 681 1118 καὶ
704 1053 833 1117 καθόλου
855 1053 922 1120 τοὺς
945 1051 1073 1122 ἅπαντας
1096 1051 1231 1137 ἀπείρους
1255 1051 1338 1122 ὄντας
1360 1054 1496 1136 κόσμους.
1524 1073 1596 1118 uum
1619 1073 1672 1119 ex·

312 1158 423 1224 tremis
434 1157 562 1224 irenaei
577 1155 615 1222 of.
629 1155 772 1240 Simplic.
784 1155 826 1220 de
839 1153 919 1219 cael.
932 1152 1031 1218 schol.
1044 1154 1126 1219 480·
1137 1155 1178 1219 35
1187 1153 1239 1219 Br.
1255 1152 1479 1239 Ἀναξίμανδρος
1490 1156 1543 1240 μὲν
1554 1155 1671 1240 ἄπειρον

312 1266 354 1346 τῷ
378 1257 495 1343 μεγέθει
517 1262 570 1345 τὴν
593 1260 689 1344 ἀρχὴν
712 1257 834 1339 θέμενος
856 1255 991 1339 ἀπείρους
1007 1255 1036 1325 ἐξ
1051 1256 1141 1320 αὐτοῦ
1163 1263 1206 1341 τῷ
1229 1256 1337 1340 πλήθει
1354 1258 1482 1341 κόσμους
1504 1262 1596 1321 ποιεῖν
1618 1259 1671 1322 δο-

312 1365 375 1424 κεῖ.
406 1361 448 1426 de
464 1360 622 1446 Simplicii
638 1377 747 1426 errore
769 1356 808 1422 oi.
831 1356 976 1422 Zellerus
990 1359 1026 1423 1⁴
1041 1359 1104 1423 215
1112 1359 1133 1442 ⁴,
1156 1358 1209 1442 qui
1231 1365 1340 1423 tamen
1355 1364 1391 1423 ut
1407 1359 1561 1426 Irenaeue
1576 1361 1673 1426 docet

311 1482 332 1528 a
361 1462 551 1546 corrigendo
580 1463 609 1534 ti
638 1463 728 1545 αὐτῆς
756 1458 872 1524 melius
899 1458 1118 1527 abstinuisset.
1163 1461 1261 1528 etiam
1290 1458 1507 1544 Anaxagorae
1534 1463 1575 1529 de
1604 1463 1672 1529 ani-

310 1565 465 1631 mantium
489 1565 613 1648 origine
637 1563 792 1649 placitum
814 1561 986 1643 singulare.
1032 1561 1083 1627 cui
1105 1569 1213 1628 tamen
1236 1582 1303 1628 non
1324 1561 1428 1628 defuit
1454 1561 1670 1630 Schaubaohii

310 1667 347 1733 ir.
371 1689 401 1752 p.
419 1667 480 1732 182
503 1686 609 1750 neque
630 1664 747 1731 Zelleri
762 1663 796 1729 1⁴
811 1663 894 1728 907¹
918 1662 1141 1745 patrocinium.
1175 1665 1233 1730 sed
1255 1683 1327 1730 cum
1350 1663 1567 1751 Chrysippum
1581 1665 1672 1731 Euri-

309 1769 394 1854 pidis
415 1769 455 1834 tr.
470 1769 533 1834 836
541 1768 581 1834 N.
605 1767 698 1851 citet,
726 1765 786 1832 etsi
808 1765 1026 1848 Anaxagoras
1050 1765 1138 1831 haud
1164 1771 1253 1832 recte
1279 1785 1350 1832 uum
1377 1765 1510 1848 tragicis
1531 1767 1669 1853 mieeuit

310 1869 361 1958 [cf.
385 1889 484 1955 supra
504 1891 536 1954 p.
552 1869 595 1934 94
606 1866 681 1955 sq.],
705 1874 815 1934 mmen
839 1867 956 1934 enoris
976 1866 1099 1935 fontem
1121 1867 1209 1933 haud
1232 1868 1329 1934 dubie
1350 1867 1487 1952 aperuit.
1532 1887 1607 1934 nem
1630 1871 1671 1937 si-

310 1973 442 2038 millime
471 1970 635 2038 Vitruvius
662 1975 695 2034 et
721 1969 777 2036 ille
804 1969 934 2053 quidem
960 1969 1030 2034 eine
1057 1989 1166 2037 errore
1188 1971 1266 2038 vm
1293 1969 1670 2054 praei.§1*liuripides

310 2075 437 2138 auditor
459 2076 672 2155 dnaeuporue
695 2093 782 2155 quem
802 2073 1017 2155 philosophum
1036 2073 1235 2138 Athenienses
1256 2076 1412 2137 scenicum
1434 2076 1671 2156 appellauerunt

310 2196 402 2240 aera
432 2185 466 2240 et
496 2188 634 2240 terram
665 2195 816 2257 eamque
846 2195 890 2238 ec
919 2175 1133 2238 coelestium
1162 2177 1327 2240 imbrium
1357 2178 1670 2257 conceptionibus

309 2281 575 2342 inseminatam
595 2280 700 2360 setus
721 2280 878 2360 pentium
901 2288 932 2340 et
954 2280 1112 2340 omnium
1135 2281 1349 2342 arrimalium
1370 2281 1410 2342 in
1430 2281 1562 2343 mundo
1576 2301 1669 2362 pre-

309 2383 500 2443 creacisse
523 2386 583 2445 etc.
618 2379 695 2463 quid
716 2378 779 2462 ipsi
794 2377 1012 2462 Anaxagorae
1033 2381 1202 2465 placuerit,
1224 2381 1335 2446 vidue
1357 2379 1433 2446 licet
1450 2381 1669 2466 eTheophra-

307 2481 386 2548 eteis
407 2502 439 2565 p.
455 2481 516 2546 139
539 2457 778 2567 ex‘Hippolyto
794 2481 815 2546 8
834 2489 865 2542 12
888 2487 922 2545 et
944 2479 1091 2563 Diogene
1106 2483 1174 2546 119
1197 2481 1340 2548 collectis
1370 2480 1410 2546 oi.
1437 2481 1522 2547 inire
1544 2505 1575 2567 p.
1593 2485 1665 2551 190.

392 2581 590 2648 Aruobius
612 2583 693 2648 talia
714 2583 823 2667 prodit
844 2582 918 2648 adr.
941 2587 1008 2646 nat.
1031 2582 1106 2647 119

395 2685 456 2762 Qui
478 2697 657 2750 cunctorum
678 2689 827 2769 oripinem
849 2705 915 2750 esse
937 2685 1012 2748 dicit
1034 2687 1134 2766 ipnern
1156 2695 1210 2750 aut
1227 2705 1341 2769 apuam
1362 2706 1425 2751 non
1448 2688 1593 2753 Tbaleti
1614 2700 1669 2754 aut

306 2787 501 2852 Heraclito
524 2790 644 2852 eredit?

351 2891 404 2970 qui
425 2911 553 2954 causam
575 2895 608 2954 in
629 2892 766 2954 numeris
785 2891 883 2971 pond,
906 2909 968 2953 non
990 2891 1220 2975 Pptbuporae
1241 2891 1359 2969 Samio,
1381 2913 1443 2958 non
1463 2894 1668 2977 Archytae?

350 2995 403 3074 qui
435 2997 570 3058 animam
602 2995 714 3056 diuidit
752 3001 782 3056 et
816 2995 1033 3074 incorporales
1070 2995 1226 3057 constituit
1256 2995 1377 3075 fornms
1414 3015 1477 3060 non
1514 2999 1668 3061 Platoni

306 3095 495 3159 Socratico?

349 3201 401 3280 qui
433 3199 570 3280 quintum
603 3199 780 3264 alemaniam
810 3197 1038 3280 principalibus
1067 3199 1206 3279 applicui
1231 3203 1336 3264 causis
1365 3223 1427 3266 non
1458 3203 1667 3266 Aristoteli

214 3293 215 3296 '
305 3301 579 3380 Peripateticorum
599 3303 709 3380 patri?

348 3405 401 3483 qui
432 3405 532 3484 ι’ρυαιιι
563 3405 700 3466 minatur
732 3404 847 3466 mundo
874 3414 901 3466 et
930 3405 1047 3466 uenerit
1076 3423 1144 3466 cum
1175 3394 1292 3486 tempus
1322 3427 1467 3471 arsurum
1496 3429 1558 3472 non
1586 3410 1666 3471 Pu-

305 3508 433 3568 naetio
457 3507 663 3588 Chrysippo
685 3503 854 3569 Zenoni?

348 3609 401 3689 qui
415 3609 586 3671 indiuiduis
601 3608 784 3689 corporibus
806 3609 936 3670 mundos
957 3627 1077 3688 semper
1097 3609 1275 3688 fabricatur
1296 3619 1327 3673 el
1349 3611 1479 3696 destruit
1500 3633 1562 3677 non
1577 3615 1666 3697 Epi-

305 3730 395 3773 curo
418 3713 641 3774 Democrito
665 3709 906 3773 Metrodoro?

348 3815 400 3894 qui
427 3814 505 3875 nibil
531 3813 713 3876 abdomine
742 3814 957 3894 comprobandi
985 3822 1076 3895 atque
1098 3817 1202 3877 omnia
1230 3819 1332 3879 caeeis
1354 3818 1594 3885 obscuritatibus
1615 3825 1665 3886 in-

304 3915 410 3978 uoluta
440 3933 503 3976 non
532 3916 731 3978 Arcesilae
763 3914 954 3978 Carneadi
979 3936 1041 3980 non
1069 3919 1165 3980 alicui
1193 3919 1324 4001 denique
1345 3919 1667 3988 Academiaeveteris

303 4018 546 4098 recentiorisque
568 4019 707 4080 cultori?

391 4118 432 4181 10
464 4120 531 4200 Ipsi
558 4120 687 4202 denique
718 4121 877 4202 principes
906 4131 935 4186 et
961 4123 1194 4204 praedictarum
1221 4131 1329 4205 putres
1358 4133 1529 4204 sectarum,
1564 4147 1664 4192 nonne

303 4222 374 4300 ipsa
396 4241 435 4282 ea
458 4241 537 4302 quae
559 4223 665 4285 dicunt
686 4225 754 4286 suis
777 4225 898 4287 credita
919 4226 1149 4306 conspicientibus
1172 4226 1300 4290 dicunt?

344 4323 423 4386 cidit
445 4325 525 4386 enirn
544 4325 842 4389 Heraclienses
864 4329 980 4406 ipnium
1002 4329 1253 4393 conversionibus
1274 4331 1366 4410 fieri?

346 4427 541 4489 commotione
562 4447 717 4510 aquarum
740 4428 907 4490 Tletes?

345 4528 576 4611 Pptlsaporas
598 4550 741 4594 nummos
764 4533 870 4594 coire?

345 4633 561 4712 incorporales
582 4635 702 4714 formas
727 4635 857 4697 Plato?

344 4735 575 4798 indiuiduorum
599 4736 837 4798 Democritus
860 4738 1105 4800 concursiones?

387 4835 586 4901 futtilitatem
609 4835 704 4900 huius
722 4837 855 4920 eelogae
870 4837 946 4902 nolo
962 4839 1090 4922 longius
1105 4840 1263 4923 persequi.
1295 4839 1475 4906 Ioniomum
1491 4846 1524 4906 el
1538 4839 1666 4906 Italico·

302 4959 371 5002 rum
396 4938 480 5003 binis
503 4937 660 5021 exemplis
683 4937 856 5022 propositis
879 4945 1031 5022 quattuor
1053 4939 1249 5024 principales
1277 4948 1382 5007 sectas
1405 4944 1495 5007 nulla
1516 4943 1665 5008 doctrina
