3708 5732
353 385 414 448 128
458 388 496 436 rx
524 387 573 436 uu
593 385 850 436 0110100100
869 385 1076 436 0100101οι10
1096 385 1195 434 saun
1215 383 1425 434 crcaaorvan
1446 382 1625 434 vusurous

350 555 404 620 vel
426 560 513 620 certe
535 553 737 620 verisimilior
760 554 810 636 sit,
833 573 898 618 non
920 572 981 634 ego
1003 571 1087 617 nunc
1108 551 1260 634 diiudico,
1282 551 1471 616 diiudicabit
1493 551 1547 632 qui
1569 551 1610 616 de
1633 549 1707 614 Phi-

351 657 470 723 lodemi
484 656 627 722 fontibus
641 655 840 738 sontiumque
854 675 915 720 usu
936 654 997 720 sibi
1019 654 1159 720 scribere
1181 654 1393 736 proposuerit.
1418 673 1612 737 quamquam
1636 653 1706 718 eius

351 759 549 841 quaestionis
576 763 700 840 partem
727 777 861 824 necesse
887 763 937 822 est
958 761 1108 839 tangere,
1139 773 1223 837 quae
1249 761 1299 820 est
1324 756 1365 822 de
1392 755 1593 840 philosophis
1617 754 1708 838 apud

352 867 522 942 utrumque
549 858 695 925 similiter
721 857 897 925 recensitis.
945 857 1088 940 vulgaris
1117 863 1167 922 est
1192 855 1341 924 Krischei
1370 858 1480 942 opinio
1507 877 1548 923 ex
1575 856 1709 922 Placitis

351 961 524 1028 maximam
543 967 668 1045 partem
684 963 874 1026 translatam
895 981 977 1026 0000.
1012 959 1229 1042 quodfalsum
1246 967 1305 1044 est,
1322 960 1350 1025 si
1366 959 1532 1026 Plutarchi
1548 958 1708 1024 11111Αὸ111

350 1065 476 1130 Placita
496 1063 669 1146 intellexit,
696 1085 809 1130 verum
831 1071 889 1129 aut
911 1061 1081 1147 probabile
1104 1069 1205 1146 certe,
1228 1063 1255 1127 si
1278 1063 1364 1146 quod
1386 1063 1548 1145 antiquius
1570 1062 1708 1127 Placitu-

351 1189 421 1232 rum
443 1187 568 1251 corpus.
601 1185 677 1230 nam
699 1165 812 1231 similis
835 1171 884 1231 001
905 1163 1086 1231 lonicorum
1108 1165 1264 1249 rosensis,
1287 1165 1314 1230 si
1330 1163 1495 1230 Ciceronis
1518 1173 1553 1230 ut
1574 1184 1635 1248 par
1657 1171 1708 1230 est

351 1269 482 1336 fraudes
509 1289 624 1353 exuas,
656 1267 769 1334 similis
801 1286 929 1349 quoque
961 1267 1002 1333 de
1028 1267 1229 1334 Parmenidis
1255 1287 1376 1332 corona
1402 1267 1525 1352 opinio,
1562 1267 1710 1350 quamvis

352 1393 424 1438 eam
455 1372 568 1438 Cicero
599 1369 739 1436 absurde
769 1369 973 1453 expresserit.
1021 1389 1087 1434 nou
1118 1369 1290 1436 dissimiles
1320 1390 1452 1453 prorsus
1482 1369 1709 1452 Empedocles,

351 1473 565 1540 Democritus.
610 1472 668 1538 sed
695 1471 794 1536 distat
819 1471 960 1536 dilucide
987 1471 1090 1536 maior
1115 1471 1240 1553 reliqua
1266 1491 1351 1555 pars.
1396 1469 1494 1552 quid?
1520 1470 1607 1553 quod
1633 1472 1711 1536 Pro-

351 1583 483 1659 tagoras
515 1573 701 1658 Xenophon
731 1573 940 1640 Antisthenes
972 1591 993 1638 a
1023 1571 1156 1638 Placitis
1187 1573 1316 1637 omnino
1350 1579 1425 1638 suut
1457 1573 1564 1639 alieni.
1613 1581 1709 1640 taceo

352 1679 478 1744 Stoicos
508 1677 562 1760 qui
589 1674 764 1759 praecipue
789 1674 1028 1740 a'Pbilodemo
1054 1680 1121 1740 tam
1149 1673 1279 1758 copiose
1306 1683 1339 1742 01
1365 1676 1408 1740 ad
1431 1676 1575 1742 ordinem
1598 1697 1709 1743 excer-

351 1787 486 1864 puntur,
512 1779 555 1844 ad
582 1779 671 1862 ipsos
701 1777 882 1843 Stoicorum
912 1775 1011 1842 libros
1042 1783 1077 1841 ut
1103 1775 1224 1842 adiisse
1252 1797 1325 1843 eum
1351 1797 1445 1843 11000
1473 1778 1627 1845 infitietur
1656 1778 1708 1866 [cl.

330 1883 531 1964 --Buecbeler
552 1903 583 1946 n.
595 1880 705 1964 jahrb.
719 1879 741 1944 1.
758 1879 853 1944 class.
869 1878 946 1963 phil.
964 1878 1057 1963 1865,
1080 1876 1166 1964 hlll.
1188 1879 1230 1944 de
1253 1879 1384 1961 reliquis
1406 1879 1581 1965 philosoph
1599 1881 1708 1947 isnum

351 2003 543 2068 quemquam
571 2003 668 2049 manu
695 1981 833 2067 triverit,
863 1979 984 2063 ambigi
1004 1987 1122 2065 001001.
1165 1981 1335 2047 Platonem
1366 1989 1454 2050 certe
1479 2004 1545 2049 uon
1574 1985 1708 2068 evolvit,

351 2087 471 2171 quippe
492 2085 547 2152 ubi
569 2085 680 2152 deum
703 2084 786 2150 siue
809 2067 966 2168 corpore
987 2080 1106 2146 frustra
1128 2081 1352 2164 quaesivisset.
1396 2085 1521 2151 invenit
1541 2093 1651 2151 autem
1675 2085 1708 2152 in

350 2189 565 2275 posteriorum
580 2185 829 2270 commentariis,
852 2184 961 2268 qualia
975 2183 1018 2250 ad
1035 2183 1200 2250 Ciceronis
1215 2186 1320 2250 locum
1345 2187 1509 2254 adnotavi.
1544 2187 1709 2272 Pythago-

351 2311 404 2357 ras
419 2291 588 2356 Tullianus
608 2289 754 2372 geminus
770 2294 819 2354 001
833 2287 928 2368 illius,
952 2306 1047 2368 quem
1062 2305 1103 2351 ex
1117 2286 1240 2352 falsarii
1262 2288 1429 2354 cuiusdam
1451 2287 1591 2356 10110000
1606 2290 1708 2356 Stoici

350 2392 474 2460 fabrica
499 2390 642 2458 servavit
667 2389 762 2456 nobis
789 2387 966 2454 Alexandri
994 2387 1082 2472 apud
1104 2388 1211 2454 Laert.
1235 2390 1322 2455 VIII.
1346 2390 1708 2458 2001000100.οω

350 2495 395 2560 ad
416 2493 671 2576 intellegendum
694 2498 744 2558 001
765 2490 875 2556 facile:
898 2489 1048 2572 antiquos
1063 2489 1275 2575 philosophos
1297 2492 1435 2577 Ionicos,
1452 2494 1459 2524 ¹
1482 2499 1549 2559 tum
1565 2496 1709 2579 Eleatae,

349 2595 489 2662 10110000
511 2595 730 2662 Democritum
757 2613 828 2658 oum
856 2591 1054 2674 Empedocle
1083 2611 1104 2656 a
1129 2593 1219 2658 nullo
1249 2593 1342 2659 istius
1363 2595 1480 2661 aetatis
1501 2597 1603 2662 lectos
1625 2617 1709 2680 0000,

351 2699 531 2783 complures
553 2703 588 2763 ut
609 2695 886 2762 Anaximandrum
908 2701 941 2760 01
963 2693 1200 2779 Xenophanem
1226 2695 1281 2760 vix
1309 2697 1443 2780 singulis
1469 2699 1708 2782 exemplaribus

349 2801 516 2866 etiamtum
539 2799 709 2866 exstitisse.
753 2797 847 2864 istius
874 2795 971 2879 igitur
993 2795 1185 2879 cognitionis
1212 2797 1306 2863 rivuli
1333 2800 1540 2866 multifariam
1568 2799 1708 2868 fortasse

350 2900 479 2967 deducti
509 2907 542 2967 01
570 2901 761 2985 adulterati,
788 2899 935 2966 arcessiti
965 2905 1075 2964 100011
1097 2905 1172 2964 sunt
1193 2919 1234 2965 ex
1256 2921 1320 2967 uno
1344 2902 1450 2986 capite
1473 2902 1707 2988 Theophrasto.

349 3023 426 3068 nam
453 3003 635 3068 Aristotelis
660 3002 796 3088 physica
826 3009 859 3068 01
880 2998 1119 3084 metaphysica,
1150 3021 1233 3082 quae
1262 3001 1334 3086 ipsa
1357 3002 1522 3070 Ciceronis
1543 3011 1655 3071 001010
1675 3007 1709 3070 iu

350 3127 442 3171 usum
464 3105 568 3189 magis
590 3105 756 3189 magisque
772 3103 883 3171 venire
904 3121 1052 3187 coepere,
1075 3101 1129 3167 isti
1144 3122 1261 3184 graeco
1281 3105 1429 3190 scriptori
1448 3105 1559 3189 ignota
1578 3106 1709 3174 fuerunt

350 3208 461 3292 quiin
487 3209 636 3294 populari
662 3207 837 3292 scriptione
863 3206 905 3272 de
926 3203 1134 3288 philosophia
1159 3205 1331 3289 acquievit.
1375 3207 1582 3293 induerunt,
1611 3211 1667 3293 qui
1691 3229 1709 3274 e

350 3310 567 3396 Theophrasti
595 3309 799 3394 opinionibus
828 3309 856 3374 si
887 3307 941 3390 qui
975 3313 1025 3373 est
1058 3327 1234 3374 consensus
1262 3309 1489 3394 explicandum
1525 3311 1709 3396 opinentur.

349 3413 408 3480 sed
435 3412 516 3478 citra
545 3411 804 3498 Theophrastum
831 3409 963 3495 propior
991 3408 1180 3476 101011000.
1224 3409 1289 3476 iam
1312 3411 1505 3477 Krischeum
1527 3415 1710 3480 offenderat

349 3515 441 3599 quasi
467 3514 629 3580 novicium
655 3515 734 3580 tale:
762 3514 862 3599 Θαλῆς
888 3517 954 3577 νοῦν
980 3516 1032 3576 τοῦ
1059 3512 1171 3594 κόσμου
1197 3515 1248 3576 τὸν
1273 3515 1342 3578 θεόν
1366 3557 1374 3573 ·
1398 3557 1405 3574 ·
1429 3557 1437 3574 ·
1460 3517 1568 3600 διήκειν
1597 3517 1630 3578 δὲ
1659 3517 1709 3580 διὰ

349 3623 400 3682 τοῦ
427 3619 630 3701 στοιχειώδους
661 3619 748 3701 ὑγροῦ
777 3617 895 3699 δύναμιν
918 3615 1000 3678 deinc
1032 3615 1180 3698 κινητικὴν
1207 3615 1297 3679 αὐτοῦ
1320 3617 1578 3700 [Ρ100.Ι111].
1625 3615 1710 3682 hauc

349 3718 579 3784 senteutiam
595 3717 705 3800 siquis
717 3738 738 3783 a
750 3717 974 3802 Theophrasto
990 3715 1187 3800 repetiverit,
1202 3737 1268 3782 non
1284 3716 1393 3784 hercle
1409 3718 1608 3802 repugnabo.
1631 3737 1708 3784 nam

348 3827 384 3886 ut
409 3821 465 3886 ille
495 3821 579 3886 solet
612 3820 757 3903 magistri
782 3819 884 3886 verba
908 3823 1056 3901 repetere
1083 3818 1137 3882 vel
1163 3818 1374 3904 amplificare,
1407 3819 1637 3886 Aristoteleam
1666 3821 1709 3886 de

348 3922 486 3990 Thalete
512 3921 754 3988 coniecturam*
779 3921 919 3987 10110000
947 3919 1116 4002 amplexus
1138 3927 1197 3986 est.
1225 3921 1311 3987 unde
1334 3923 1455 4006 posteri
1477 3922 1602 3989 fortiter
1624 3921 1709 3988 affir-

348 4031 477 4090 marunt
504 4024 594 4089 velut
619 4023 769 4090 Laertius
790 4024 806 4088 I
829 4024 869 4088 21
896 4024 945 4086 τὸν
976 4022 1085 4104 κόσμον
1113 4019 1245 4108 ἔμψυχον
1272 4025 1320 4088 καὶ
1344 4025 1488 4108 δαιμόνων
1510 4028 1619 4110 πλήρη.
1654 4045 1709 4092 ne

349 4145 411 4208 que
435 4125 599 4192 sententia
613 4125 709 4191 Aetio
732 4125 798 4190 alia
820 4123 939 4190 subest.
984 4129 1019 4188 at
1042 4123 1167 4188 oratio
1190 4131 1240 4190 est
1262 4125 1370 4192 Stoico
1394 4129 1501 4195 colore
1522 4128 1633 4194 fucata
1655 4125 1707 4214 [cl.

348 4227 485 4294 Krische
508 4248 539 4311 p.
554 4227 621 4312 40],
664 4247 740 4294 nam
767 4234 832 4299 νοῦς
855 4232 906 4291 τοῦ
929 4227 1095 4308 11000001
1118 4229 1228 4312 διήκειν
1256 4229 1421 4296 sollemnis
1444 4237 1494 4296 est
1515 4231 1643 4297 illorum
1665 4231 1708 4297 de

349 4330 411 4396 deo
434 4327 644 4414 praedicatio.
677 4349 754 4413 ergo
784 4327 999 4414 Theophrasti
1032 4348 1151 4395 nomen
1180 4329 1268 4396 haud
1298 4331 1378 4396 satis
1406 4331 1484 4398 facit
1511 4353 1706 4400 consensum

349 4433 558 4516 explicaturo.
581 4431 678 4498 immo
701 4432 912 4500 recentiorem
931 4429 1093 4513 quendam
1110 4431 1404 4518 circumspiciamus
1419 4433 1535 4500 librum
1551 4441 1618 4499 tum
1634 4455 1709 4499 con·

419 4689 427 4719 ¹
447 4697 555 4755 excepto
574 4691 735 4751 Anaxagora
754 4693 797 4755 qui
815 4689 969 4741 Philodemo
989 4699 1058 4740 certe
1077 4693 1131 4756 ipse
1150 4693 1291 4742 innotuisse
1310 4693 1419 4742 videtur.

418 4773 428 4806 ²
446 4778 478 4827 de
497 4774 629 4828 0111111.Ιό
647 4795 672 4841 0.
690 4777 789 4830 ellat
808 4777 851 4828 καὶ
869 4776 895 4828 lv
912 4779 949 4844 τῷ
968 4771 1020 4844 ὅλῳ
1039 4773 1065 4827 ol
1083 4793 1146 4834 τινες
1164 4775 1243 4846 aha-qv
1261 4777 1397 4841 [enimam]
1416 4775 1538 4845 μιμῖχθαί
1556 4792 1630 4848 φησιν
1649 4775 1707 4831 ὅθεν

348 4862 422 4922 Iuor<
439 4865 483 4916 1101
502 4859 587 4932 Θαλῆς
605 4859 679 4932 qlqtq
698 4865 779 4916 πάντα
797 4861 881 4933 πλήρη
899 4859 966 4913 θεῶν
985 4861 1044 4914 εἶναι
1063 4866 1094 4914 ci.
1114 4865 1198 4916 Zeller
1216 4863 1245 4914 1⁴
1266 4863 1339 4916 178².
