3756 5736
741 407 1017 462 ruonncorrnns
1490 405 1552 468 235

193 582 344 665 exempla
373 599 414 646 ex
443 597 483 645 oo
509 575 688 662 archetypo
711 576 869 644 deductus
891 584 957 661 est,
988 578 1074 644 unde
1096 576 1236 642 Laur.A
1258 575 1334 642 dixi.
1379 574 1465 659 quod
1487 581 1552 640 tam

193 691 243 752 est
264 681 481 764 manifestum,
502 679 665 746 nominem
688 685 724 744 ut
744 677 860 746 fallere
880 680 991 764 possit
1030 680 1143 747 eadem
1166 685 1254 745 certe
1269 679 1420 746 indoctae
1435 677 1553 744 aetatis

191 786 327 870 indicia,
350 781 466 851 cadem
488 781 752 866 compendiorum
775 781 935 866 confusio,
965 781 1080 847 eadem
1109 788 1267 866 monstra,
1294 782 1393 848 iidem
1414 781 1553 864 denique

191 889 311 972 hiatus,
334 893 370 952 ut
391 885 539 950 vitiatam
554 903 703 952 mancam
720 883 938 950 oblitteratam
953 883 1122 969 archetypi
1139 886 1278 968 exempli
1292 883 1428 950 formam
1444 881 1551 946 animo

191 991 283 1056 velut
303 989 489 1054 instaurare
510 986 626 1070 possis.
662 1007 724 1053 nec
745 993 855 1052 tamen
876 986 960 1052 alter
982 985 1086 1052 codex
1108 1005 1167 1050 sua
1189 986 1286 1066 laude
1312 992 1410 1052 caret.
1448 1004 1553 1050 emen-

191 1093 342 1159 dationes
369 1109 437 1155 non
463 1107 588 1172 paucae
615 1089 757 1157 virorum
783 1088 951 1154 doctorum
976 1107 1062 1152 nuno
1088 1087 1208 1155 codicis
1229 1089 1293 1155 fide
1314 1087 1552 1170 confirmantur,

191 1195 327 1262 totidem
354 1211 461 1258 novae
488 1197 664 1274 emergunt.
713 1189 790 1275 quin
819 1189 916 1256 etiam
943 1191 1079 1256 lacunae
1102 1192 1273 1276 explentur
1295 1213 1326 1275 p.
1342 1193 1415 1257 243.
1438 1190 1500 1254 333
1511 1188 1551 1254 Κ.

191 1317 258 1362 non
287 1313 462 1378 numquam
484 1293 651 1378 aliquanto
680 1293 836 1377 integrior
866 1301 1003 1378 apparet
1032 1293 1201 1380 archetypi
1232 1293 1386 1360 memoria
1416 1312 1480 1376 qua
1508 1291 1552 1356 ad

192 1417 305 1466 verum
326 1396 509 1482 pervenias.
554 1396 684 1462 omnino
706 1397 813 1477 multo¹
835 1395 939 1462 maior
968 1403 1055 1462 esset
1081 1395 1167 1461 libri.
1181 1396 1318 1480 utilitas,
1347 1394 1409 1462 nisi
1438 1401 1552 1478 aperta

191 1499 381 1568 recentioris
408 1498 670 1583 interpolationis
699 1497 837 1582 vestigia
865 1497 1032 1583 proderet,
1059 1517 1124 1581 qua
1146 1497 1274 1582 quidem
1297 1497 1370 1564 labe
1392 1496 1479 1581 prior
1502 1515 1552 1560 co·

190 1603 254 1670 dcx
276 1602 306 1668 A
334 1607 433 1667 caret.
478 1600 592 1666 utrius
613 1608 649 1666 ut
670 1601 733 1667 hoc
754 1607 828 1666 utar
848 1619 943 1684 quem
958 1601 987 1666 A
1002 1599 1102 1666 habet
1123 1603 1187 1686 περὶ
1209 1601 1402 1686 φιλοσόφου
1426 1599 1552 1682 ἱστορίας

190 1705 370 1772 deflectitur
390 1703 425 1768 in
448 1705 512 1788 περὶ
534 1707 735 1790 φιλοσόφων
759 1704 893 1788 ἱστορίας.
928 1723 955 1768 ο.
970 1703 1010 1767 18
1031 1724 1063 1787 p.
1079 1704 1141 1768 243
1164 1710 1214 1770 est
1236 1703 1318 1768 ina
1342 1706 1357 1766 b
1380 1702 1551 1785 δημόκριτος

191 1809 221 1872 ἐν
243 1813 302 1879 τοῖς
317 1811 459 1892 σοφιιιοῖς,
482 1803 538 1870 nbi
554 1805 654 1873 Sexto
669 1811 857 1890 comparato
869 1805 1071 1891 Ὀνομάκριτος
1086 1808 1116 1870 ἐν
1132 1811 1191 1876 τοῖς
1203 1805 1348 1891 Ὀρφικοῖς
1369 1803 1550 1870 restitutum

190 1916 248 1976 eat
292 1908 370 1993 qnid
391 1927 470 1974 vero
494 1907 543 1973 B?
576 1911 592 1972 b
615 1909 795 1993 Δημόκριτος
823 1909 853 1972 ἐν
880 1914 939 1978 τοῖς
968 1913 1145 1994 σοφιστικοῖς
1171 1928 1275 1992 prona
1303 1908 1451 1972 nimirum
1478 1925 1552 1970 con·

189 2011 321 2096 iectura,
345 2029 409 2094 qua
431 2009 507 2075 Itali
531 2029 659 2093 quoqne
678 2010 832 2095 principis
847 2009 1000 2077 editionis
1014 2017 1164 2076 auctores
1178 2011 1227 2076 usi
1243 2017 1326 2076 sunt.
1360 2010 1392 2074 in
1409 2009 1550 2093 capitum

189 2113 415 2198 inscriptiones
447 2111 582 2178 licenter
613 2120 781 2195 grassatur
810 2113 906 2179 modo
936 2133 1039 2179 novas
1069 2113 1221 2196 fingendo
1254 2111 1351 2178 modo
1382 2117 1550 2176 contextus

189 2213 290 2281 verba
311 2235 371 2298 pro
387 2215 488 2280 titulo
513 2213 723 2300 praefigendo
746 2213 821 2301 [οἳ
844 2238 875 2301 p.
891 2213 975 2301 225}
1009 2214 1068 2281 scd
1090 2213 1151 2280 hoc
1173 2215 1243 2280 sine
1261 2234 1357 2280 noxa.
1390 2214 1472 2278 illud
1486 2234 1551 2278 mo·

189 2316 303 2383 lestius
325 2317 412 2400 quod
433 2316 589 2400 quidquid
614 2317 799 2384 offensionis
821 2321 874 2386 vel
890 2318 1094 2386 obscuritatis
1116 2316 1254 2384 occurrit
1267 2317 1377 2383 fucata
1391 2315 1551 2382 medicina

188 2418 479 2502 quomodocunque
500 2418 659 2485 resarcire
682 2419 798 2486 studet
833 2427 883 2486 est
904 2421 959 2486 ubi
980 2427 1069 2488 recte
1090 2419 1269 2486 coniectum
1287 2419 1338 2504 sit,
1361 2422 1550 2504 plerumque

187 2520 224 2585 in
246 2519 419 2603 quemlibet
441 2541 571 2588 sensnm
593 2521 749 2588 mendosa
775 2523 876 2590 verba
906 2530 981 2590 sunt
1003 2524 1141 2590 detorta.
1187 2523 1367 2590 cavendum
1388 2521 1486 2606 igitur
1507 2541 1550 2586 no

187 2620 326 2706 improbi
349 2621 490 2690 hominis
511 2623 674 2690 lenocinia
695 2623 804 2690 fucum
825 2624 956 2692 faciant.

274 2724 416 2790 Tertium
438 2725 583 2792 codicem
606 2725 842 2793 Baroociannm
864 2734 1102 2794 monstraverat
1125 2728 1183 2794 Ob.
1207 2727 1459 2810 Darembergins
1481 2728 1701 2810 [no-oooeconus

187 2824 268 2892 tices
283 2832 317 2892 et
329 2825 465 2893 exbmts
481 2827 539 2894 des
555 2829 752 2895 manuscrits
767 2828 966 2895 medioauxl
989 2851 1020 2914 p.
1038 2830 1101 2914 18].
1136 2831 1185 2897 es't
1206 2854 1237 2898 n.
1256 2831 1395 2897 CXXXI
1417 2827 1550 2914 bomby-

187 2927 287 3012 cinus,
309 2935 346 2994 ul
369 2928 481 3014 femur,
503 2928 609 2994 forma
631 2930 755 2997 maiore
777 2950 861 2998 saec.
877 2931 964 2998 XIV.
999 2935 1022 2997 Γ
1023 2937 1132 3018 αληνοῦ
1154 2937 1218 3020 περὶ
1241 2935 1402 3020 φιλοσόφου
1424 2933 1549 3017 ἱστορίας

185 3029 300 3114 incipit
319 3047 341 3096 a
361 3029 384 3096 s.
402 3032 475 3097 343.
509 3029 605 3098 nihili
628 3053 702 3100 eum
724 3033 908 3102 laciendum
931 3055 1003 3101 esse
1025 3056 1066 3102 ex
1088 3037 1263 3121 specimine
1278 3036 1420 3120 Ingrami
1435 3036 1550 3120 Bywa·

186 3131 247 3198 teri
266 3129 461 3199 Oxonicnsis
483 3132 715 3202 benevolentia
736 3141 871 3222 accepto
893 3137 1112 3204 indicaveram
1135 3139 1166 3204 d.
1183 3139 1254 3204 Gal.
1275 3139 1315 3204 H.
1331 3138 1386 3222 pb.
1402 3160 1433 3222 p.
1452 3141 1472 3204 5
1495 3139 1549 3204 ubi

184 3240 294 3300 tamen
319 3234 531 3302 Laurentiani
555 3238 584 3303 Α
609 3257 682 3304 eum
712 3239 935 3324 apographum
966 3259 1038 3306 esse
1065 3259 1131 3306 non
1152 3249 1241 3308 recte
1274 3241 1406 3308 conieci.
1452 3240 1549 3306 immo

186 3336 345 3421 plurimae
365 3337 524 3405 lectiones
547 3357 619 3406 cnm
644 3341 784 3408 Lanr.B
804 3340 937 3427 faciunt,
960 3361 1033 3408 raro
1055 3343 1144 3409 velut
1166 3344 1200 3409 in
1215 3344 1287 3409 libri
1303 3343 1396 3410 titulo
1411 3342 1547 3408 alterius

187 3445 236 3504 cst
256 3437 400 3506 similior.

270 3541 373 3607 Alteri
388 3541 535 3608 oodioum
550 3543 663 3626 generi
678 3545 912 3612 adscribendus
927 3554 977 3614 est
992 3549 1089 3614 etiarn
1104 3549 1132 3614 is
1146 3548 1237 3633 liber,
1254 3567 1348 3632 quem
1364 3549 1546 3614 Nicolaus
1589 3561 1654 3600 'icor

185 3643 354 3727 Reginus
376 3663 397 3710 a
418 3643 560 3711 Roborto
582 3645 760 3714 Aniovensi
783 3647 913 3715 Siciliae
934 3669 1012 3732 rege
1033 3660 1205 3735 acceperat
1227 3651 1381 3718 donatum
1405 3651 1480 3718 olim
1503 3651 1545 3716 ab
1587 3642 1613 3670 ⁰⁰
1629 3641 1656 3671 ⁰¹

185 3745 373 3813 Andronico
394 3746 593 3830 Palaeologo
613 3746 664 3834 [cf.
682 3749 707 3816 I.
723 3750 859 3818 Mueller
873 3752 916 3817 ad
932 3751 1003 3818 Gal.
1020 3753 1061 3819 de
1075 3755 1159 3838 plac.
1175 3755 1271 3839 Hipp.
1288 3762 1320 3821 et
1335 3757 1419 3822 Plat.
1434 3777 1465 3840 p.
1482 3753 1545 3841 2³].

183 3867 225 3914 ex
253 3868 292 3914 eo
315 3848 427 3915 codice
453 3849 609 3916 Nicolaus
636 3851 780 3918 medicus
808 3873 880 3920 cnm
908 3853 974 3920 alia
1001 3855 1117 3922 Galeni
1146 3857 1279 3942 scripta,
1307 3879 1390 3942 quae
1416 3879 1545 3924 arcura

183 3949 306 4016 tissime
334 3949 575 4018 Maximilianus
603 3951 769 4020 Bonnetus
797 3956 839 4023 de
867 3956 984 4024 Galeni
1012 3957 1265 4042 subligurationc
1293 3961 1447 4045 empirica
1477 3966 1543 4046 p.1

183 4059 366 4137 enumerat,
393 4059 460 4118 tum
490 4053 539 4118 ‘de
559 4058 680 4139 potorio
700 4059 959 4140 pbilosophorum
982 4069 1140 4148 verterat,
1168 4081 1264 4146 quam
1291 4063 1473 4131 versionem
1495 4087 1545 4132 oo·

181 4154 354 4238 gnovimus
381 4175 423 4222 ex
451 4155 595 4224 editione
622 4179 755 4243 operum
786 4164 909 4226 Golicm'
936 4184 998 4227 ccc.
1020 4169 1109 4247 impr.
1134 4169 1218 4230 edito
1244 4187 1302 4247 pcr
1328 4167 1545 4252 Hieronymum

182 4257 353 4320 &monum
370 4257 483 4325 Venet.
497 4259 581 4326 1502
600 4281 630 4344 p.
644 4261 676 4326 Il
698 4281 729 4346 p.
742 4263 923 4350 biti—580,
945 4266 999 4331 ubi
1016 4266 1097 4334 hacc
1112 4267 1293 4353 subscripta
1308 4275 1395 4335 sunt:
1418 4273 1545 4353 eapb'cr't

181 4361 259 4424 b'bcr
274 4361 397 4424 datam
419 4361 459 4425 dc
480 4365 600 4446 potorio
619 4365 873 4446 pbilosophorum
894 4371 958 4432 stoc
981 4373 1019 4435 de
1042 4373 1234 4454 dopmatr'bua
1250 4377 1421 4437 translator
1437 4395 1457 4437 a
1473 4395 1544 4438 ma·
1677 4430 1685 4439 .

178 4465 277 4545 pietro
299 4463 434 4528 Nicoloo
457 4467 603 4550 derepto
626 4469 664 4531 dc
687 4469 830 4534 octobrio
852 4491 936 4536 ammo
959 4474 1075 4537 domimi
1098 4477 1170 4538 1341
1193 4479 1231 4540 dc
1253 4497 1354 4540 mense
1375 4481 1487 4559 aprilio
1510 4481 1543 4541 r'm

181 4567 232 4630 dic
253 4585 347 4630 aomo.
381 4567 510 4634 Nicolai
532 4569 639 4636 versio
661 4572 758 4638 valde
780 4573 894 4638 mutila
917 4581 976 4640 est.
1010 4578 1112 4642 multa
1133 4578 1243 4662 capita
1263 4585 1298 4644 ut
1320 4581 1425 4663 logica
1447 4599 1542 4663 quae·

178 4666 254 4732 dam
277 4667 312 4733 in
334 4668 537 4752 singulomm
559 4691 659 4756 saepe
680 4693 831 4740 versuum
846 4677 1015 4760 angustias
1030 4679 1191 4745 contraxit
1214 4688 1246 4746 et
1261 4681 1294 4745 in
1310 4683 1541 4764 posterioribus

180 4767 214 4834 id
235 4769 406 4836 breviandi
429 4773 570 4839 studium
593 4775 690 4840 etiam
712 4785 858 4859 augetur.
899 4800 1030 4864 prorsus
1054 4782 1175 4847 omissa
1197 4789 1272 4848 sunt
1294 4803 1339 4848 co.
1361 4785 1400 4848 19
1427 4785 1468 4848 26
1499 4787 1540 4850 35

179 4870 222 4935 48
248 4873 292 4937 50
316 4874 355 4938 51
384 4876 512 4942 60-63
539 4877 580 4942 bb
607 4877 646 4942 71
676 4879 716 4943 73
743 4881 784 4944 92
811 4882 853 4946 93
882 4883 1050 4948 100-102
1079 4885 1150 4950 131.
1184 4905 1437 4968 nonnumquam
1461 4887 1539 4952 ordo

180 4973 321 5060 capitum
344 4976 492 5044 turbatus
516 4984 576 5064 est,
599 4984 634 5042 ut
656 4999 700 5046 oc
722 4983 762 5048 13
789 4984 830 5047 14
852 4989 926 5070 post
950 4985 989 5049 21
1014 4985 1222 5071 collocantur,
1246 4993 1409 5072 postrema
1432 4989 1540 5073 capita
