3710 5730
313 306 333 370 8
598 312 611 359 Ι
646 311 696 359 Dr:
716 309 987 361 Pauuaucuuss
1006 310 1190 362 arluouos
1210 311 1383 362 MEMORIA

313 476 435 541 hiatum
452 483 589 542 testatur
605 477 721 542 Galeni
744 477 880 544 historia
902 477 1106 563 philosopha,
1130 499 1214 562 quae
1236 479 1350 546 eodem
1371 480 1477 563 capite
1500 480 1563 561 περὶ
1583 478 1672 560 ἐγκλί-

313 601 386 648 σεως
410 585 508 644 caret.
542 580 679 645 eandem
702 579 941 646 accurationem
956 579 990 646 in
1006 581 1122 647 ceteris
1137 581 1298 666 excerptis
1312 582 1465 647 admirari
1480 582 1563 648 licet.
1597 599 1672 646 nam

314 700 408 746 rarae
437 689 511 746 sunt
539 703 596 766 pro
624 686 849 765 excerptorum
876 682 999 748 ambitu
1024 683 1228 750 mutationes.
1273 684 1674 765 velutPlut.131post
1771 745 1775 750 .

313 783 412 867 Θαλῆς
435 786 450 847 ὁ
475 782 618 869 Μιλήσιος
645 783 736 849 addit
761 784 802 853 εἷς
828 789 886 848 τῶν
914 786 988 850 ἑπτὰ
1014 791 1123 871 σοφῶν.
1168 806 1243 852 mox
1272 788 1441 872 sinceritate
1468 793 1595 852 auctum
1625 789 1675 850 est

313 885 424 952 addito
447 885 518 951 εἶναι
541 887 746 969 capituloque
768 885 857 950 finito
880 887 1002 953 claudit
1023 893 1113 952 ταῦτα
1138 889 1189 970 μὲν
1213 891 1228 952 ό
1251 888 1365 972 Θαλῆς,
1387 889 1428 954 de
1451 909 1515 972 qua
1536 887 1674 952 formula

312 987 532 1071 similibusque
555 988 620 1070 egit
642 987 681 1054 G.
697 987 882 1054 Dindcrfius
904 988 1005 1072 praef.
1029 989 1105 1055 edit.
1121 989 1137 1054 I
1151 1010 1217 1054 xrx.
1251 997 1431 1058 structurae
1452 991 1588 1056 formam
1610 1009 1675 1052 mu-

312 1089 394 1154 tavit
414 1091 501 1155 134
524 1090 583 1154 οἷον
607 1093 626 1174 ἡ
648 1095 745 1176 ψυχή,
767 1092 865 1177 φησίν,
888 1094 907 1176 ἡ
931 1093 1057 1177 ἡμετέρα
1079 1094 1136 1178 ἀὴρ
1159 1091 1232 1156 οὖσα
1255 1099 1407 1178 συγκρατεῖ
1437 1097 1523 1178 ἡμᾶς.
1568 1093 1677 1176 placet

313 1191 397 1257 euim
408 1191 549 1259 Eusebio
566 1194 626 1256 οἷον
640 1195 659 1277 ἡ
675 1197 776 1279 ψυχή.
790 1242 798 1257 .
812 1243 819 1257 .
833 1195 909 1278 ,ἀήρ
924 1195 985 1257 ἐστι
998 1214 1005 1230 ·
1017 1201 1169 1280 συγκρατεῖ
1178 1197 1232 1279 γὰρ
1245 1198 1332 1278 ἡμᾶς.
1365 1195 1521 1260 audacius
1531 1194 1675 1260 eiusdem

313 1294 427 1378 capitis
450 1296 527 1378 §18
553 1294 795 1361 transformarit
821 1296 854 1360 iu
881 1295 985 1360 hunce
1013 1297 1155 1362 modum:
1189 1297 1368 1380 Δημόκριτος
1394 1297 1419 1382 ᾧ
1444 1299 1517 1379 μετὰ
1543 1301 1675 1360 πλεῖστον

308 1395 475 1482 Ἐπίκουρος
498 1398 707 1482 ἠκολούθησεν.
752 1399 946 1463 Plutarchus
968 1399 1115 1480 praebet:
1146 1397 1313 1482 Ἐπίκουρος
1341 1398 1504 1470 Νεοκλέους
1522 1398 1675 1482 Ἂθηναῖος

312 1500 386 1563 κατὰ
403 1501 582 1583 Δημόκριτον
597 1503 806 1586 φιλοσοφήσας.
841 1521 901 1565 uec
916 1500 1019 1582 magis
1035 1499 1142 1582 placet
1154 1500 1240 1584 quod
1257 1501 1354 1584 paulo
1369 1500 1463 1585 iufra,
1479 1502 1565 1584 quod
1580 1503 1675 1585 Δημό-

312 1625 406 1686 κριτος
429 1603 480 1685 μὲν
503 1603 557 1688 γὰρ
578 1602 648 1686 luit,
664 1602 803 1668 variavit
824 1601 883 1666 ἀλλ’
912 1605 928 1668 ὁ
945 1605 996 1686 μὲν
1019 1603 1207 1687 Δημόκριτος.
1243 1601 1401 1668 brevitate
1423 1605 1640 1686 praestetit
1661 1621 1671 1670 ι

312 1708 328 1768 ό
351 1705 459 1786 κόσμος
482 1705 708 1790 ἐσχημάτισται,
735 1705 822 1788 quod
847 1705 881 1770 in
905 1704 1078 1770 Plutarcho
1102 1705 1352 1789 ἐσχηματισμένος
1379 1708 1536 1790 συνέστηκε
1562 1725 1674 1789 parum

312 1807 480 1890 eleganter·
495 1803 648 1890 scriptum
664 1811 722 1871 est.
756 1805 880 1872 leviora
902 1815 977 1871 sunt
998 1825 1082 1889 quae
1105 1807 1153 1870 Il
1174 1815 1191 1868 8
1212 1807 1346 1871 novavit
1369 1809 1384 1870 ό
1408 1809 1475 1878 θεός
1495 1855 1502 1870 .
1520 1854 1527 1870 .
1544 1854 1552 1870 .
1569 1807 1617 1871 ότι
1639 1807 1674 1891 ἦν

312 1909 433 1992 ἀκίνητα
455 1909 491 1972 τά
513 1911 635 1990 σώματα
657 1933 676 1992 η
701 1910 749 1973 ὅτε
772 1911 903 1978 ἀτάκτως
925 1908 1058 1982 ἐκινεῖτο,
1086 1907 1140 1972 ubi
1162 1908 1298 1972 alterum
1322 1909 1370 1972 ὅτε
1392 1909 1531 1992 addidit,
1557 1929 1599 1973 ne
1620 1909 1675 1971 ἐκι-

312 2019 386 2076 κεῖτο
409 2011 452 2076 ad
478 2011 573 2076 deum
597 2011 784 2094 referretur,
807 2018 840 2076 et
865 2011 964 2095 paulo
986 2009 1070 2074 infra
1092 2009 1214 2073 οὐδὲτὸ
1237 2015 1351 2095 πρῶτον
1374 2010 1435 2076 ἔστι
1457 2011 1594 2080 δέξασθαι
1616 2031 1675 2094 pro

312 2113 505 2180 Plutaroheo
533 2115 581 2177 καὶ
609 2112 675 2177 οὔτε
706 2115 738 2176 τό
766 2119 880 2198 πρῶτον
912 2116 971 2176 κτλ.
1012 2112 1196 2194 ibidemque
1224 2118 1279 2184 πᾶς
1307 2117 1361 2198 γὰρ
1391 2115 1459 2184 θεός
1490 2134 1549 2198 pro
1577 2115 1593 2177 ὁ
1621 2114 1675 2195 γὰρ

313 2217 390 2284 θεός.
428 2216 622 2281 sententiam
648 2216 843 2281 adulteravit
863 2214 879 2278 Ι
903 2217 920 2280 l
948 2226 976 2276 ιι
1005 2235 1076 2280 cum
1104 2215 1231 2299 scripsit
1260 2215 1360 2299 Θαλῆς
1387 2217 1434 2280 τόν
1468 2217 1576 2299 κόσμον
1603 2214 1675 2279 εἶναι

312 2321 360 2382 τόν
384 2317 461 2382 θεόν.
506 2323 594 2384 recte
618 2315 811 2382 Plutarchus
840 2317 875 2380 Θ.
899 2321 964 2381 νοῦν
986 2321 1038 2380 τοῦ
1065 2318 1176 2400 κόσμου
1203 2319 1251 2382 τόν
1275 2319 1352 2383 θεόν.
1399 2337 1674 2410 supervacaneum

313 2427 399 2487 certo
421 2420 501 2486 illud
520 2419 607 2502 quod
627 2420 766 2485 112012
789 2425 862 2504 post
877 2419 1022 2488 Φιλόλαος
1045 2422 1060 2483 ό
1082 2419 1279 2504 Πυθαγόρειος
1302 2422 1437 2505 ὑαλοειδῆ
1461 2419 1516 2506 [so.
1532 2421 1604 2484 eirca
1627 2423 1675 2484 τὸν
1714 2488 1716 2492 ,

312 2521 404 2610 ἥλιον]
428 2523 519 2588 addit
541 2523 649 2588 δίσκον.
672 2543 865 2605 quamquam
889 2520 1118 2606 condoluere,
1141 2522 1195 2604 qui
1218 2521 1314 2587 aride
1335 2521 1526 2606 arriperent.
1564 2530 1676 2589 contra

311 2625 431 2691 ibidem
453 2635 467 2698 ξ
491 2633 521 2687 13
544 2627 648 2688 ἑαυτοῦ
679 2624 785 2690 omisit
806 2631 843 2708 τῇ
867 2625 1020 2707 άνταυηειήι
1041 2623 1075 2688 in
1097 2629 1149 2707 τῆς
1170 2625 1336 2706 άνταυηείας
1361 2631 1515 2708 correcto,
1537 2624 1675 2690 invicem

314 2727 357 2793 ad
378 2725 557 2812 proximum
581 2727 748 2810 ἀνταύγειαν
772 2727 875 2792 otiose
896 2726 968 2790 εἶναι
990 2725 1151 2808 apposuit.
1196 2726 1345 2791 librarius
1366 2726 1505 2793 fortasse
1529 2729 1676 2811 peccavit

314 2829 400 2914 quod
423 2827 588 2894 Plutarchi
610 2829 699 2894 1129
718 2841 734 2892 6
758 2829 880 2894 ΙΙλάτων
895 2827 1115 2922 Ἀριστοτέλης..
1127 2877 1134 2892 .
1146 2877 1154 2892 .
1167 2835 1330 2914 συμφωνῶς
1358 2849 1548 2895 conversum
1571 2836 1621 2894 est
1641 2829 1674 2893 in

314 2937 512 3018 συμφωνοῦσι.
549 2929 788 2996 memorabilius
804 2939 853 2996 est
869 2931 954 3014 quod
970 2931 1018 2996 ΠΙ
1030 2933 1070 2996 13
1090 2941 1106 2993 3
1121 2931 1338 3016 ἐνηξονισμένην
1354 2931 1552 3016 planioribus
1567 2930 1675 2997 verbis

313 3037 343 3100 ἐν
366 3035 443 3104 ἄξονι
467 3034 663 3119 στρεφομένην
686 3034 849 3118 explicare
871 3033 995 3099 maluit.
1039 3054 1103 3099 vox
1129 3033 1187 3098 illa
1212 3033 1291 3099 artis
1316 3034 1553 3100 astronomicae
1574 3042 1609 3099 ut
1630 3033 1674 3099 vi-

313 3139 407 3204 detur
428 3136 561 3221 propria
583 3155 624 3202 ne
647 3156 668 3201 a
688 3135 829 3202 librariis
851 3135 979 3218 quidem
1001 3135 1166 3200 intellecta
1189 3141 1252 3218 est,
1280 3135 1333 3219 qui
1356 3137 1577 3220 ἐνιζωνισμένην
1604 3158 1674 3220 pro-

312 3247 486 3324 pagarunt,
514 3239 618 3304 donec
640 3237 770 3304 Reiskei
794 3237 931 3321 palmari
953 3237 1180 3302 emendatione
1203 3258 1314 3303 veram
1341 3237 1521 3322 inventum,
1548 3239 1616 3323 sed,
1639 3247 1675 3304 ut

312 3341 380 3407 fieri
407 3341 503 3424 solet,
534 3339 576 3404 ab
603 3339 779 3405 editoribus
806 3346 949 3424 spretum
975 3345 1033 3405 est.
1084 3340 1265 3422 exemplum
1293 3339 1383 3405 verbi
1410 3359 1451 3406 ex
1482 3341 1671 3407 Ptolemaeo

311 3442 482 3509 adnotavit
497 3441 713 3508 Schneiderus
728 3461 843 3526 neque,
866 3460 1059 3525 quamquam
1081 3441 1249 3524 quaerenti
1273 3441 1351 3506 mibi
1372 3442 1477 3507 locum
1493 3442 1673 3509 Ptolemaei

311 3544 454 3630 reperire
475 3565 540 3610 non
563 3545 710 3628 contigit,
736 3542 863 3610 deiide
885 3564 925 3611 ac
946 3544 1117 3628 diligentia
1137 3545 1303 3629 sponsoris
1325 3545 1391 3610 ullo
1414 3543 1509 3610 modo
1532 3543 1671 3609 dubitari

311 3653 429 3732 potest.

396 3750 540 3833 Apposui
562 3749 629 3815 iere
652 3768 735 3832 quae
757 3749 917 3816 Eusebius
938 3751 1016 3816 milri
1037 3757 1151 3816 contra
1171 3749 1336 3816 Plutarchi
1358 3749 1582 3816 auctoritatem
1606 3771 1671 3814 mu-

310 3859 398 3918 tasse
420 3851 547 3918 videtur
569 3873 630 3918 nec
649 3852 752 3918 multa
773 3871 833 3918 nec
847 3851 987 3938 fallacia,
1010 3853 1037 3918 si
1052 3852 1123 3937 quis
1138 3872 1255 3918 cavere
1270 3851 1392 3918 didicit.
1426 3851 1485 3916 sed
1500 3859 1672 3934 supersunt

309 3954 385 4038 alia,
407 3954 442 4020 in
465 3953 580 4037 quibus
602 3954 739 4020 haereas
761 3953 925 4021 librariine
947 3956 1202 4022 Eusebianorum
1225 3953 1369 4019 codicum
1399 3954 1606 4038 peccaverint
1628 3975 1671 4021 an

309 4077 350 4123 ex
381 4056 536 4122 mendoso
571 4054 747 4139 exemplari
774 4077 905 4122 securus
930 4055 1168 4141 transcripserit
1194 4059 1374 4140 excerptor.
1424 4057 1513 4122 velut
1539 4057 1670 4127 11203

309 4158 505 4224 Plutarohea
527 4157 573 4222 sio
595 4157 760 4239 leguntur:
793 4160 959 4245 Ξενοφάνης
980 4161 1014 4223 ἐκ
1036 4161 1173 4244 πυριδίων
1195 4166 1254 4222 τῶν
1276 4159 1545 4243 συναθροιζομένων
1568 4162 1620 4242 μὲν
1637 4162 1671 4224 ἐκ

308 4267 360 4344 τῆς
373 4263 459 4346 ὑγράς
475 4261 707 4343 ἀναθυμιάσεως,
727 4263 974 4346 συναθροιζόντων
987 4264 1020 4326 δὲ
1034 4265 1083 4326 τὸν
1099 4264 1190 4347 ἥλιον.
1217 4261 1377 4328 Ειιιθθίιιε
1391 4263 1572 4346 φαινομένων
1587 4262 1671 4328 inter

307 4367 365 4427 τῶν
388 4369 421 4428 et
443 4364 710 4448 συναθροιζομένων
732 4363 962 4448 interpolatum
985 4365 1094 4448 habet,
1117 4364 1203 4448 quod
1222 4384 1287 4429 non
1310 4363 1441 4430 dubium
1464 4369 1515 4430 est
1536 4363 1613 4448 quin
1628 4363 1670 4430 ab

308 4465 517 4532 emendatore
539 4464 679 4548 quodam
701 4466 817 4532 iterato
841 4467 940 4533 verbo
964 4467 1086 4534 offenso
1109 4486 1206 4550 super
1228 4466 1495 4550 συναθροιζομένων
1518 4465 1594 4531 olim
1617 4487 1670 4550 po-

307 4567 404 4634 situm
426 4565 531 4632 fuerit
575 4566 634 4634 sed
655 4567 840 4651 ambiguum
862 4576 968 4635 uuum
993 4577 1071 4636 ante
1097 4569 1270 4637 Eusebium
1298 4587 1341 4633 an
1368 4575 1441 4651 post
1467 4567 1584 4634 vixerit
1608 4569 1670 4636 iste

307 4669 491 4752 elegantiae
512 4670 598 4736 male
620 4670 774 4738 curiosus.

393 4771 458 4837 Sed
481 4793 544 4856 quo
567 4771 672 4838 minus
694 4772 883 4839 mendosum
905 4773 1073 4857 exemplar
1092 4773 1158 4838 iam
1173 4772 1314 4840 Eusebio
1337 4773 1455 4839 lectum
1477 4791 1550 4840 esse
1572 4793 1669 4856 nega·

307 4896 390 4961 mus,
413 4896 452 4941 eo
475 4875 579 4960 magis
601 4875 780 4941 mirandum
797 4881 848 4942 est
862 4883 982 4960 quanto
998 4875 1078 4942 illud
1093 4875 1324 4960 posterioribus
1339 4875 1479 4942 sanitate
1494 4883 1528 4942 ct
1542 4876 1669 4962 integri·
