3710 5730
327 425 368 492 52
790 427 826 476 ιν
864 428 913 476 nn
935 425 1035 477 nuru
1054 425 1221 477 rnsernrs

328 587 397 662 veri
413 593 640 661 similitudinis,
669 594 829 660 Reiskeus
845 594 871 658 si
887 593 1049 658 minusad
1065 611 1143 676 rem,
1165 592 1209 657 ad
1224 593 1348 660 litteras
1370 595 1477 678 aptius
1499 597 1685 668 ἀναπολοόσι,

327 699 386 764 sed
410 697 598 763 Platonicae
620 697 710 762 vocis
732 695 905 780 elegantia,
928 715 1024 778 quam
1047 693 1223 777 explicavit
1245 694 1515 781 Wyttenbachius
1536 698 1579 763 ad
1600 699 1685 764 Plut.

327 800 368 864 de
391 819 452 864 ser.
475 820 561 864 num.
592 799 679 864 vind.
711 821 741 882 p.
758 799 809 882 60,
838 817 859 862 a
885 817 982 864 sensu
1003 795 1165 862 abhorret.
1210 796 1424 881 Pythagoreis
1451 819 1579 882 quoque
1606 799 1686 883 ipsis

327 903 504 984 ἀναπόλησις
534 899 594 965 init
624 900 801 966 cottidiana
830 900 917 966 ritae
939 906 1033 965 actae
1059 899 1295 965 commentatio.
1340 901 1399 967 sed
1419 920 1549 966 manum
1574 902 1616 967 de
1641 909 1689 968 ta·

326 1003 411 1066 bula.
456 1003 537 1066 nihil
561 1003 647 1069 enim
672 1001 854 1068 medicinae
881 1000 1029 1085 exputari
1053 1019 1149 1083 posse
1172 1000 1312 1084 videtur,
1336 1021 1400 1082 qua
1422 1002 1537 1069 litteris
1559 1003 1686 1068 traditis

327 1106 523 1170 consulatur.
559 1112 591 1170 et
612 1105 679 1170 alia
701 1103 778 1168 mihi
800 1104 908 1168 arrisit
930 1101 1113 1185 explicandi
1135 1101 1227 1166 ratio.
1261 1109 1372 1167 notum
1395 1111 1445 1170 est
1466 1103 1587 1170 ultimis
1608 1113 1685 1171 ante

328 1207 403 1274 Chr.
427 1207 565 1273 saeculis
588 1205 734 1272 floruisse
749 1205 1028 1290 Pythagoreorum
1043 1201 1196 1268 librorum
1218 1203 1384 1290 fabricam,
1406 1205 1522 1290 quihus
1544 1227 1586 1272 ne
1608 1207 1683 1289 quid

325 1309 368 1374 ad
395 1309 596 1392 antiquitatis
624 1307 765 1391 speciem
794 1307 923 1373 deesset
952 1305 1065 1371 dorica
1093 1305 1222 1388 loquela
1250 1306 1454 1373 induebatur.
1500 1308 1585 1391 quod
1608 1328 1687 1390 quo·

324 1411 412 1476 niam
438 1431 503 1476 non
525 1410 595 1476 sine
616 1409 779 1474 erroribus
801 1418 833 1474 et
853 1407 1020 1474 fraudibus
1034 1406 1103 1472 fieri
1120 1407 1255 1492 solebat,
1279 1409 1426 1492 suspicor
1441 1410 1683 1495 Pythagoreum

325 1511 456 1578 finxisse
483 1533 541 1596 pro
564 1511 689 1594 vulgari
717 1511 922 1584 ἀναποδίζοοσι
944 1509 1131 1574 ἀναποδέοντι
1157 1509 1244 1592 quod
1269 1509 1382 1576 Aetius
1408 1531 1540 1578 securus
1560 1512 1595 1576 in
1616 1513 1684 1577 rul-

325 1633 436 1696 garem
464 1633 644 1680 sermonem
673 1613 937 1695 transponeret.¹
982 1611 1130 1678 librarius
1156 1618 1265 1677 autem
1296 1613 1525 1678 Plutarchi-
1547 1633 1622 1678 nam
1649 1615 1684 1678 in

325 1715 467 1782 Stobaeo
490 1716 552 1780 hoc
574 1715 666 1782 deest
680 1752 721 1762 —
738 1713 921 1798 prodigioso
945 1713 1059 1797 opinor
1080 1712 1180 1778 verbo
1202 1713 1383 1780 delectatam
1400 1721 1474 1799 post
1488 1723 1554 1782 tres
1569 1733 1682 1782 versus

324 1820 479 1884 ἀναποδῶν
496 1817 636 1883 absurde
648 1815 823 1882 inculcavit
833 1817 866 1878 τδ
879 1817 911 1879 δὲ
923 1814 1013 1880 αἴτιον
1026 1815 1056 1879 εί
1067 1839 1108 1885 τις
1123 1817 1181 1879 ἀπδ
1196 1821 1249 1900 τῆς
1265 1820 1388 1899 μονάδος
1402 1823 1683 1895 ΑΝΑΠΟΔωΝ

324 1922 398 1985 κατὰ
412 1921 568 2005 πρόσθεσιν
591 1919 685 2002 τιθείη
707 1919 775 1989 τοὺς
797 1917 939 2002 ἀριθμοὺς
963 1915 1032 2002 ἄχρι
1054 1921 1113 1980 τῶν
1134 1920 1281 2004 τεσσάρων
1304 1921 1455 2005 προελθὼν
1477 1923 1539 1983 κτλ.
1576 1921 1682 1986 sensui

323 2023 505 2090 satisfacit
531 2020 668 2086 Useneri
695 2022 863 2106 ἀναλαβών,
890 2019 949 2084 sed
978 2019 1034 2085 ubi
1065 2020 1149 2085 oculi
1175 2021 1329 2086 aborsum
1352 2019 1544 2086 aberrarunt
1567 2022 1683 2088 erroris

324 2125 458 2208 cogitari
480 2129 615 2208 possunt
636 2123 710 2189 viae
732 2123 864 2188 multae.

408 2227 424 2291 Ι
448 2229 523 2292 125
547 2223 715 2310 Ἐπίκουρος
741 2226 774 2289 δὲ
800 2224 981 2309 ἀπερίληπτα
1007 2223 1079 2290 εἶναι
1105 2227 1146 2289 τά
1172 2228 1321 2308 σώματα
1347 2227 1404 2290 καὶ
1432 2227 1474 2290 τὰ
1499 2231 1620 2310 πρῶτα
1642 2228 1683 2290 δὲ

324 2331 434 2405 ἁπλᾶ,
459 2330 497 2392 τό
528 2329 561 2391 δὲ
586 2326 616 2396 ἐξ
647 2329 765 2392 ἐκείνων
793 2327 971 2412 συγκρίματα
998 2328 1085 2412 βάρος
1108 2325 1196 2412 ἔχειν.
1242 2334 1447 2411 opponuntur
1469 2327 1630 2394 elementa
1652 2337 1684 2394 ot

323 2452 428 2498 rerum
460 2429 682 2496 concretiones
709 2429 781 2496 utI
803 2431 888 2496 158.
932 2429 990 2494 sed
1027 2449 1099 2494 cum
1132 2419 1301 2494 elementis
1335 2429 1528 2511 gravitatem
1562 2429 1682 2514 eximit,

324 2540 438 2618 peccat
461 2533 574 2598 Aetius
597 2537 710 2598 contra
723 2531 853 2616 Epicuri
877 2531 1067 2597 doctrinam.
1092 2531 1187 2596 simul
1208 2531 1390 2617 ἀπερίληπτοι
1410 2531 1454 2596 ad
1476 2535 1615 2618 σχήματα
1637 2553 1685 2598 re

262 2681 291 2694 .-
321 2635 457 2704 ferenda
479 2653 552 2701 esse
574 2634 669 2700 docet
683 2635 832 2701 Laertius
847 2635 878 2700 X
893 2635 945 2700 42.
978 2633 1105 2700 accedit
1126 2632 1236 2699 durior
1257 2633 1488 2700 vocabulorum
1511 2641 1680 2721 structura,

322 2745 357 2803 ut
385 2757 466 2803 sana
496 2736 597 2802 verba
622 2733 710 2801 nullo
740 2735 838 2802 modo
867 2757 940 2803 esse
962 2737 1096 2822 possint.
1130 2735 1267 2802 forsitan
1288 2737 1345 2801 alii
1368 2737 1480 2802 luxata
1501 2737 1683 2823 restituant,

323 2839 473 2922 equidem
500 2859 591 2923 spem
619 2837 755 2920 deposui
783 2837 975 2922 Attiumque
997 2838 1165 2922 Epicureis
1191 2839 1296 2904 minus
1322 2837 1478 2904 imbutum
1500 2839 1602 2905 verba
1622 2839 1685 2905 ior-

323 2949 412 3008 tasse
435 2941 511 3007 olim
534 2945 686 3023 corrupta
708 2939 794 3006 male
814 2940 1019 3006 coniunxisse
1042 2941 1174 3007 credere
1196 2941 1318 3008 malo.¹

406 3045 555 3110 112013
581 3040 779 3127 Ἐμπεδοκλῆς
806 3043 857 3107 δόο
883 3044 991 3127 ἡλίους.
1028 3045 1078 3106 ςδν
1106 3046 1158 3126 μὲν
1184 3045 1347 3130 ἀρχέτυπον
1374 3050 1432 3130 πῦρ
1459 3045 1489 3110 ἐν
1515 3051 1558 3131 τῷ
1590 3046 1681 3130 ἑτέρῳ

321 3147 502 3232 ἡμισφαιρίῳ
524 3149 576 3209 τοῦ
598 3145 720 3228 κόσμου,
742 3147 973 3230 πεπληρωκὸς
995 3146 1029 3208 τὸ
1051 3147 1237 3231 ἡμισφαίριον
1257 3145 1303 3211 sic
1318 3153 1405 3213 recte
1419 3146 1521 3213 nostri
1543 3147 1680 3212 codices.

321 3249 378 3316 scd
402 3249 563 3314 Stobaeus
591 3246 671 3311 mire
698 3265 857 3312 consensu
886 3267 958 3312 curn
984 3245 1125 3313 Eusebio
1148 3249 1383 3334 πεπληρωκότος.
1428 3246 1514 3313 unde
1540 3248 1601 3314 erit
1627 3248 1680 3331 qui

321 3351 406 3417 Aelii
437 3350 603 3434 antiquum
634 3347 785 3413 mendum
812 3347 974 3414 odoretur.
1019 3349 1069 3414 cui
1102 3369 1162 3432 ego
1192 3349 1330 3416 libenter
1355 3349 1585 3434 adstipularer,
1619 3350 1680 3415 nisi

320 3461 386 3520 tam
408 3456 541 3536 vulgata
563 3457 649 3517 esset
674 3450 873 3533 syllabarum
899 3439 936 3522 επ
958 3457 990 3518 et
1017 3440 1093 3523 οτῙς
1107 3451 1141 3516 in
1167 3450 1257 3516 libris
1284 3451 1441 3518 confusio.
1472 3452 1598 3518 accedit
1620 3452 1681 3518 hoc

320 3557 406 3640 loco,
429 3554 516 3637 quod
538 3553 708 3637 genetivus
730 3553 842 3636 κόσμου
865 3553 1041 3636 praecedit
1086 3573 1186 3636 quare
1208 3552 1380 3639 Byzantini
1402 3552 1534 3619 Eusebii
1556 3561 1589 3620 et
1611 3554 1681 3620 Sto·

319 3657 393 3724 baei
416 3656 539 3724 librarii
560 3656 594 3722 in
616 3655 712 3738 culpa
735 3673 807 3720 esse
830 3653 988 3721 videntur.
1023 3655 1117 3720 A'c'tio
1140 3661 1249 3721 autem
1270 3655 1333 3738 ipsi
1356 3655 1571 3740 tribuendum,
1593 3655 1680 3738 quod

319 3759 525 3844 Empedoclis
552 3759 593 3824 de
621 3759 691 3823 sole
718 3755 898 3822 doctrinam
930 3765 1054 3824 tantum
1086 3777 1152 3823 non
1178 3757 1314 3822 deliram
1341 3757 1518 3841 proposuit.
1563 3757 1680 3823 erroris

319 3881 450 3927 causam
472 3881 578 3944 neque
601 3879 732 3944 prorsus
755 3865 841 3924 reete
863 3859 1029 3944 perspexit
1051 3858 1244 3924 Karstenius
1267 3857 1358 3941 Emp.
1383 3879 1415 3941 p.
1430 3859 1494 3923 428
1505 3879 1553 3944 sq.
1574 3879 1680 3943 neque

318 3963 421 4047 ipsius
443 3963 610 4028 doctrinae
625 3961 702 4044 quid
722 3961 870 4028 subesset
891 3963 970 4047 veri,
994 3962 1095 4046 probe
1117 3959 1293 4044 explicavit
1313 3960 1590 4044 Pythagoreamm
1614 3962 1679 4046 opi·

204 4119 207 4126 ,
317 4065 451 4130 nicnum
474 4064 602 4130 oblitus.
637 4083 700 4146 quo
723 4063 826 4147 magis
852 4063 1033 4129 mirandum
1061 4069 1111 4129 est
1137 4061 1226 4126 illum
1250 4061 1462 4128 coniectando
1485 4063 1679 4128 succurrisse

317 4169 377 4232 ἀπὸ
403 4171 593 4252 κυκλοτεροῦς
619 4171 679 4250 τῆς
706 4165 817 4252 αὐγῆς
843 4173 967 4232 mutato
994 4188 1052 4252 pro
1079 4170 1132 4250 τῆς
1153 4169 1222 4250 γῆς,
1248 4183 1333 4246 quae
1355 4165 1540 4231 coniectura
1567 4164 1679 4230 ultima

389 4403 397 4433 ¹
418 4411 520 4454 constat
537 4407 628 4457 eadem
646 4407 735 4456 hande
748 4407 818 4457 Iadis
833 4410 973 4459 imitatores
990 4417 1017 4458 et
1033 4417 1194 4472 corruptores
1207 4421 1262 4458 esse
1275 4414 1413 4470 grassatos.
1442 4408 1514 4456 velut
1528 4397 1679 4470 ‘scriptor

316 4507 433 4554 rerum,
460 4493 543 4555 inquit
559 4492 635 4558 ⁸Staio
654 4496 733 4558 praef.
752 4495 878 4547 Herodot.
902 4498 943 4546 sd.
968 4499 1026 4547 mai.
1046 4512 1071 4560 ρ.
1090 4507 1122 4554 ι,
1146 4509 1236 4556 quem
1259 4495 1348 4543 ridet
1368 4495 1496 4543 Lucian.
1521 4493 1678 4556 quomodo

316 4580 429 4628 histor.
452 4595 572 4632 consor.
594 4579 633 4632 18.
661 4581 820 4632 Herodoti
838 4583 899 4633 illa
916 4581 948 4650 ἡν
968 4577 1116 4649 Κανδαόλης
1138 4579 1181 4630 τόν
1199 4579 1221 4630 cl
1239 4575 1361 4648 Ἕλληνες
1383 4574 1511 4647 Μυρσίλον
1533 4575 1679 4646 ὀνομάζουσι

316 4667 418 4716 hunee
450 4669 481 4716 in
512 4667 632 4716 modum
665 4669 734 4718 dnm
766 4671 917 4720 imitatur
946 4672 1100 4734 eorrupit:
1132 4665 1164 4735 ἡν
1185 4663 1285 4736 Ὀσρόης
1306 4664 1349 4718 τόν
1378 4665 1401 4717 ol
1423 4658 1543 4734 Ἕλληνος
1564 4663 1681 4736 Ὀξυρόην

315 4750 487 4820 ὀνυμέουσι.
506 4761 652 4819 corruptum
671 4770 726 4806 esre
745 4751 874 4822 όνυμίουσι
892 4773 925 4807 ex
945 4752 1101 4823 όνυμοιίνουσι
1119 4751 1286 4822 [όνυμίνουσι]
1305 4757 1404 4805 mavult
1422 4757 1561 4810 Usenerns.

385 4837 435 4892 ¹si
454 4843 532 4892 verba
554 4858 606 4892 non
626 4843 659 4892 ad
678 4845 811 4894 veritatem
830 4845 875 4894 scd
894 4844 927 4893 ad
939 4844 1031 4892 falsam
1044 4844 1115 4894 Astii
1129 4843 1161 4893 de
1173 4845 1266 4893 atomis
1286 4843 1433 4907 opinionem
1452 4848 1585 4896 restituere
1604 4848 1677 4908 velis,

313 4929 422 4978 tortasse
446 4930 508 4978 talia
530 4931 667 4994 placebunt
691 4927 844 4998 ἀπερίληπτα
869 4927 929 4980 εἶναι
951 4929 983 4980 τό
1009 4928 1128 4998 σχήματα
1154 4929 1197 4980 καὶ
1222 4929 1252 4980 τά
1277 4931 1365 4996 πρῶτα
1389 4927 1434 4995 μὲν
1456 4929 1539 5000 ἀβαρῆ
1559 4929 1614 4984 κτλ.
1643 4935 1675 4984 ct

314 5017 390 5066 Alex.
410 5016 443 5065 ad
461 5017 602 5082 metaphys.
622 5019 672 5068 14.
687 5014 785 5070 985b4
805 5035 829 5082 p.
844 5015 886 5080 27,
899 5028 923 5064 nc
941 5018 1007 5068 Bon.
