3756 5736
345 383 408 448 253
631 386 724 435 xrrrr
759 387 808 436 nn
829 385 967 436 cunum
985 385 1155 438 ursronrs
1175 387 1405 440 ruruosorrrn

346 553 564 639 ἀφικνουμένων
588 597 596 612 .
620 597 628 612 .
653 595 660 612 ·
682 555 731 616 καὶ
754 555 791 638 δὴ
814 555 861 618 καὶ
885 554 940 618 ὅσα
963 554 1080 640 βιβλίων
1107 555 1181 638 αὐτὴ
1209 555 1370 626 insitione.
1406 575 1466 622 neo
1488 575 1582 622 aeone
1604 555 1706 624 'Pheo-

346 657 499 740 phrastus
521 655 560 721 fr.
576 655 621 721 VI
642 658 706 742 napi
730 658 858 740 σημείων
875 659 892 720 1
913 657 1117 742 Ιέγροίψσιμεν,
1140 656 1208 720 καθ’
1231 659 1299 722 ὅσον
1318 659 1355 745 ἧν
1376 659 1492 744 ἐφικτὸν
1512 659 1531 722 ἃ
1551 661 1602 742 μὲν
1624 661 1707 724 αὐτοὶ

345 761 600 844 προσνοπήσαντες
629 758 648 820 ἃ
676 760 709 822 δὲ
739 757 806 844 παρ’
834 760 940 844 ἑτέρων
967 758 1021 823 οὐκ
1047 759 1194 842 ἀδοκίμων
1222 762 1367 847 λαβόντες.
1410 762 1630 828 inventionem
1658 785 1707 828 so-

346 863 462 947 phistis
491 859 602 926 deberi
632 862 827 944 comparatis
857 863 982 927 Platon.
1007 864 1137 945 Protag.
1165 883 1195 946 p.
1212 863 1300 928 320³
1323 871 1355 930 et
1376 864 1475 930 Isocr.
1499 883 1545 930 cr.
1566 867 1626 931 XV
1642 867 1705 932 208

346 966 385 1032 cl.
408 965 502 1048 epist.
519 965 547 1046 1,
563 964 585 1028 4
607 962 754 1028 elucebit.

432 1066 532 1150 Igitur
554 1065 616 1130 hcc
639 1085 766 1148 quoque
787 1072 1010 1148 argumentum
1033 1085 1155 1151 anceps
1170 1073 1229 1133 cst.
1251 1067 1353 1132 nihilo
1368 1067 1474 1134 minus
1496 1089 1707 1154 quaecunque

346 1171 474 1254 prolata
497 1175 571 1234 sunt
592 1167 652 1234 etsi
676 1166 864 1250 singillatim
888 1189 1049 1254 perpensa
1077 1168 1252 1235 infirmiora
1279 1175 1369 1252 sunt,
1400 1171 1571 1236 coniuncta
1597 1179 1706 1240 tamen

345 1273 489 1358 lapidum
508 1269 713 1336 fornicationi
730 1272 910 1356 comparari
927 1279 1073 1356 possunt,
1089 1271 1142 1355 qui
1159 1291 1194 1338 se
1209 1271 1348 1338 invicem
1363 1279 1555 1340 sustentant.
1579 1294 1655 1357 ergo
1671 1283 1707 1340 nt

345 1377 450 1442 dicam
466 1374 551 1458 qood
567 1372 683 1456 sentio,
707 1372 750 1436 ad
765 1393 884 1438 annum
899 1396 931 1458 p.
948 1373 1023 1439 etr.
1046 1373 1174 1440 circiter
1191 1374 1543 1458 quingentesimum
1565 1377 1706 1461 undique

345 1477 515 1562 trudimur,
543 1493 637 1558 quem
667 1475 839 1540 terminum
866 1495 937 1541 cum
965 1476 1013 1541 eis
1040 1475 1202 1560 conteras,
1231 1496 1315 1560 quae
1338 1497 1436 1562 supra
1458 1499 1499 1545 ex
1520 1480 1705 1547 Plutcrohei

345 1580 540 1664 exemplaris
568 1577 757 1644 condicione
789 1579 931 1644 conclusi
961 1579 1006 1662 [p.
1027 1579 1098 1661 221,
1136 1579 1222 1645 unde
1251 1578 1374 1662 aliquid
1404 1581 1556 1648 momenti
1586 1585 1706 1649 nostris

346 1683 479 1750 calculis
501 1681 579 1748 addi
600 1681 782 1763 intelleges,

436 1783 555 1850 Ultimo
579 1785 651 1849 loco
679 1783 721 1848 de
743 1782 860 1849 Galeni
887 1782 1017 1850 nomine
1043 1802 1150 1868 panca
1175 1783 1342 1850 subiciam.
1388 1785 1705 1872 pseudepigraphnm

345 1907 418 1954 esse
440 1887 585 1953 libellum
607 1905 703 1952 nemo
726 1905 809 1951 unus
829 1885 972 1970 negarit,
994 1885 1096 1966 ipsius
1119 1892 1228 1954 autem
1243 1886 1417 1970 magistelli
1431 1907 1550 1954 nomen
1565 1890 1619 1972 qui
1635 1891 1705 1956 eius

312 1991 315 2000 “
344 2009 519 2075 personam
546 1989 651 2056 induit
678 1994 714 2053 ut
742 1987 916 2070 aliquando
944 1987 1129 2055 innoteseat
1155 2009 1216 2056 nec
1245 1989 1423 2074 optandum
1450 1990 1623 2056 admodum
1645 2011 1705 2059 nec

346 2094 543 2178 sperandum
567 2099 626 2159 est.
672 2110 751 2157 snae
777 2090 879 2156 aetati
910 2090 1072 2174 placuisse
1100 2091 1322 2175 tironibusque
1344 2091 1417 2176 ipsa
1439 2091 1599 2158 brevitate
1622 2113 1705 2160 conr-

345 2197 515 2263 mendatus
542 2193 684 2277 ridetur,
714 2191 769 2276 qui
797 2189 885 2256 haud
912 2191 1050 2258 obscura
1076 2191 1209 2259 scholici
1236 2213 1313 2260 usur
1339 2193 1461 2260 indicia
1491 2214 1550 2278 per
1577 2197 1704 2264 codices

345 2304 528 2383 propagata
544 2296 661 2380 prodit.
695 2293 948 2361 adulescentulis
969 2294 1145 2379 praecipue
1167 2294 1348 2362 medicinae
1369 2296 1523 2363 studiosis
1545 2319 1611 2364 una
1632 2321 1705 2365 cum

344 2401 471 2466 Galeno
494 2407 683 2484 usurpatum
706 2418 780 2465 esse
802 2395 965 2464 credibile.
1010 2401 1043 2461 ct
1065 2415 1105 2462 ex
1128 2396 1190 2463 hac
1213 2397 1458 2482 propagationis
1480 2402 1704 2469 communione

343 2499 464 2568 factum
486 2502 636 2568 existimo
665 2509 701 2566 ot
723 2500 841 2567 Galeni
864 2517 982 2565 nomen
1004 2497 1149 2580 ignotum
1171 2499 1362 2583 scriptorem
1384 2500 1411 2565 si
1433 2501 1529 2568 modo
1552 2523 1702 2586 nmquam

344 2604 517 2689 inscriptus
542 2605 603 2670 fuit
632 2603 786 2670 oblivioni
815 2601 986 2667 mandaret
1012 2600 1147 2684 eiusque
1177 2601 1280 2668 ricem
1302 2601 1461 2686 impleret.
1505 2604 1539 2668 in
1562 2605 1703 2672 Lauren-

344 2709 433 2774 tiano
457 2707 588 2791 quidem
610 2707 638 2771 A
661 2714 694 2772 et
715 2704 843 2772 Nicolai
869 2703 981 2770 codiee
1008 2703 1151 2770 Historia
1177 2704 1408 2772 internarium
1431 2703 1549 2788 Galeni
1571 2708 1703 2792 scripto-

342 2831 413 2875 rum
440 2809 567 2876 turbam
592 2807 762 2874 interiecta
788 2813 848 2872 est.
889 2823 951 2870 nee
980 2803 1098 2870 desunt
1128 2806 1273 2873 eiusdem
1305 2805 1422 2873 erroris
1450 2808 1600 2891 exempla
1625 2809 1701 2875 alia.

342 2911 555 2994 nequeenim
584 2911 740 2994 isagogen
763 2906 965 2975 dialecticam
990 2925 1011 2971 a
1033 2906 1130 2972 Mena
1152 2907 1285 2973 Parisiis
1309 2908 1393 2973 1844
1419 2909 1586 2990 vulgatam
1607 2912 1702 2978 aliter

343 3013 512 3078 clarissimi
534 3012 673 3078 nominis
701 3011 825 3077 honore
855 3009 1021 3093 dignatam
1048 3009 1145 3075 credo
1162 3010 1181 3075 ¹.
1225 3009 1370 3078 ciusdem
1393 3010 1521 3092 generis
1542 3019 1617 3078 sunt
1639 3014 1701 3099 ὅροι

343 3117 466 3200 tarpaei
487 3115 581 3198 [XlX
597 3109 833 3199 346-461Κ.]
862 3111 917 3195 qui
944 3131 1016 3177 cunr
1039 3111 1179 3178 historia
1206 3133 1272 3178 non
1294 3133 1359 3179 unc
1383 3119 1457 3178 sunt
1478 3115 1608 3182 nomine
1630 3137 1702 3182 ecn-

342 3217 477 3284 ferendi.

427 3319 614 3386 inscribitur
645 3321 679 3385 in
712 3318 802 3384 libris
835 3320 900 3403 περὶ
934 3319 1094 3404 φιλοσόφου
1122 3319 1258 3405 ἱστορίας.
1302 3319 1390 3403 quod
1423 3341 1465 3388 cx
1490 3321 1575 3388 iusto
1607 3321 1700 3388 titulo

336 3424 509 3510 ‘estiennot
534 3424 652 3509 ίστορία’
675 3421 841 3488 librariine
859 3441 903 3487 cn
923 3421 1068 3488 Galenus
1091 3423 1280 3507 corruperit,
1303 3423 1441 3490 otiosum
1463 3431 1513 3490 est
1535 3443 1700 3506 quaerere.

341 3526 455 3594 eadem
495 3525 704 3610 inscriptione
742 3523 924 3592 celebratur
962 3521 1134 3608 Porphyrii
1169 3525 1398 3610 Damaseiique
1438 3526 1526 3611 apud
1568 3526 1700 3592 S'uidam

341 3649 432 3713 opus.
467 3628 589 3695 Laertii
614 3647 742 3711 quoque
772 3626 855 3693 liber
884 3625 990 3692 minus
1018 3631 1168 3692 accurate
1195 3629 1283 3711 opud
1312 3628 1513 3713 Stephanum
1541 3629 1700 3715 φιλόσοφος

341 3731 452 3815 ἱστορία
475 3729 591 3798 citatur
613 3727 664 3816 [cf.
687 3731 815 3814 Roeper
838 3727 984 3795 zeitschr.
1009 3727 1031 3792 f.
1054 3727 1085 3793 d.
1108 3728 1386 3798 alterthumswiss.
1412 3730 1481 3797 her.
1506 3751 1572 3796 von
1591 3729 1698 3812 Bergk

341 3831 423 3897 1852
447 3854 478 3917 p.
493 3833 580 3914 4281.
626 3831 684 3898 sed
706 3831 824 3898 (isloni
846 3831 991 3896 Historia
1012 3831 1147 3895 multum
1168 3829 1269 3897 distat
1290 3831 1332 3898 ab
1354 3832 1432 3918 illis,
1463 3833 1538 3916 quia
1560 3831 1701 3916 philoso-

339 3934 476 4018 phomm
504 3934 591 4001 vitae
617 3934 743 4001 desunt.
776 3933 885 3999 nihilo.
910 3933 1015 3999 minus
1037 3932 1093 3998 ille
1115 3931 1259 4019 titulum,
1286 3935 1341 4018 qni
1368 3934 1403 4001 in
1424 3955 1521 4002 aures
1543 3934 1627 4000 bene
1649 3951 1699 4000 ce*

338 4036 430 4121 cidit,
457 4035 544 4102 haud
571 4043 740 4103 cunctatus
761 4035 912 4120 arripuit,
941 4035 1089 4118 quamvis
1116 4035 1232 4103 librum
1255 4037 1399 4105 editurus
1421 4038 1476 4122 qni
1498 4055 1604 4120 neque
1627 4035 1696 4120 plri-

339 4140 495 4224 lcscphus
518 4146 604 4206 essct
625 4156 731 4222 neque
752 4136 932 4205 historicus.

411 4363 418 4394 ¹
445 4368 562 4418 similiter
585 4367 717 4430 scriptioni
741 4364 856 4414 nondum
880 4365 964 4414 editae
988 4357 1008 4414 Γ
1014 4361 1132 4431 σιληνσῦ
1155 4365 1209 4414 τοῦ
1233 4363 1342 4435 ίατροῦ
1366 4367 1436 4434 περὶ
1460 4364 1550 4418 sidric
1573 4361 1697 4432 φιλοσο-

337 4449 411 4520 φίαι
429 4467 523 4505 nomen
543 4455 651 4504 inditum
671 4453 779 4504 videtur.
809 4453 945 4516 descripsit
962 4453 989 4502 in
1008 4468 1082 4502 nsum
1101 4467 1186 4504 mcum
1204 4456 1286 4505 amice
1303 4456 1407 4505 Aeneas
1424 4455 1595 4505 Picoelonrini
1612 4467 1697 4502 eomes

337 4540 459 4592 Senensis
479 4557 511 4592 ex
531 4541 588 4591 cod.
608 4542 685 4592 Laur.
698 4541 789 4592 LXVI
804 4537 843 4591 15.
863 4555 896 4590 cx
914 4553 947 4592 eo
965 4542 992 4590 in
1011 4540 1061 4590 dne
1080 4543 1197 4592 mutilato
1210 4540 1351 4606 descriptus
1363 4549 1403 4590 est
1415 4541 1471 4590 cod.
1485 4541 1619 4591 Parisinus
1629 4537 1696 4591 2176

337 4645 413 4692 quem
432 4629 480 4679 Clr.
493 4629 582 4680 Graux
601 4630 732 4680 conlatum
750 4629 928 4680 liberalissime
947 4643 1046 4680 meorrm
1065 4629 1271 4680 communicarit.
1294 4629 1404 4691 gemello
1424 4627 1543 4692 exemplo
1560 4635 1585 4676 et
1596 4628 1696 4689 integro

337 4733 369 4765 co
390 4733 450 4766 usus
470 4725 508 4766 est
520 4717 608 4768 David
626 4718 768 4781 prolegom.
787 4717 848 4766 inde
866 4731 882 4765 a
901 4733 926 4782 p.
942 4713 991 4766 15·
1003 4714 1037 4767 46
1047 4715 1100 4779 Βι.,
1120 4716 1190 4780 quod
1208 4716 1298 4766 melius
1317 4717 1434 4765 intellexi
1452 4721 1589 4780 postquam
1608 4713 1696 4764 Guile-

336 4821 390 4854 mus
410 4805 532 4870 Meyerus
552 4802 680 4868 Spirensis
700 4803 805 4854 lacunas
823 4801 1011 4854 Brandisianae
1030 4803 1152 4854 editionis
1170 4819 1202 4852 cx
1222 4802 1309 4851 codice
1329 4803 1457 4852 Vaticano
1477 4817 1514 4866 gr.
1539 4797 1606 4852 ltro
1624 4817 1644 4850 a.
1659 4799 1698 4849 XI

336 4892 376 4940 rel
396 4893 450 4942 Xll
469 4907 598 4957 propensa
617 4891 677 4941 milri
699 4891 830 4941 voluntate
850 4891 972 4956 explerit.
