3710 5730
713 429 989 480 raonsroounus
1485 432 1524 494 gp

252 598 273 662 2
302 594 501 680 Ἐμπεδοκλῆς
523 597 648 679 πύρινα
672 639 679 655 ·
703 644 742 660 ..

253 699 273 762 3
302 697 492 783 Ἀναξαγόρας
514 699 621 783 αίθίρα
643 700 786 784 πύρινον
809 742 867 764 ...
890 699 1036 782 πέτρους
1058 697 1273 782 καταφλέξαντα
1295 700 1501 784 ῆστερωκέναι.

252 801 274 863 4
307 801 487 885 Δημόκριτος
508 799 655 885 πέτρους
746 839 750 844 -

253 903 274 965 5
306 903 442 987 Διογένης
463 905 667 987 κισηροειδῆ
773 904 927 988 διάπυρα

254 1005 275 1068 6
304 1003 462 1090 Ἀρχέλαος
485 1006 638 1088 μύδρους
741 1007 939 1089 διαπύρους

256 1107 273 1170 l
305 1104 524 1190 Ἀναξίμανδρος
545 1108 727 1191 πιλὴματα
751 1149 759 1166 ·
782 1153 790 1170 .
816 1150 823 1166 .

254 1208 276 1274 8
309 1207 492 1292 Παρμενίδης
514 1210 562 1274 καὶ
580 1207 766 1293 Ἡράκλειτος
787 1211 976 1293 πιλὴματα
1000 1253 1008 1268 .
1032 1253 1040 1268 ·
1063 1257 1071 1274 .

253 1310 274 1375 9
307 1310 444 1394 Διογένης
466 1310 798 1394 συμπεριφέρεσθαι
823 1354 831 1369 .
855 1353 863 1369 ·
886 1357 894 1372 .
917 1313 1067 1395 ἀφανεῖς
1089 1313 1215 1384 λίθους
1238 1357 1246 1374 .
1270 1358 1278 1374 .
1302 1362 1309 1378 .

237 1413 279 1476 10
309 1411 524 1496 Ἀναξιμένης.
548 1453 556 1472 .
580 1455 588 1470 .
611 1414 726 1495 γεώδη
750 1415 896 1494 σώματα
919 1417 1253 1500 συμπεριφερόμενα
1277 1461 1285 1476 .
1309 1461 1316 1476 .
1339 1463 1347 1480 .
1371 1419 1504 1502 ἀόρατα

235 1518 273 1580 11
304 1511 534 1598 Ἐμπεδοκλῆς.
558 1557 566 1574 ·
589 1561 597 1578 .
621 1516 788 1584 ἀπλανεῖς.
813 1558 821 1574 .
845 1557 853 1574 .
874 1515 1061 1580 συνδεδέσθαι
1086 1560 1094 1576 .
1117 1565 1125 1580 .
1150 1562 1172 1598 .,
1194 1523 1340 1606 πλανῆτας
1362 1519 1505 1584 ἀνεῖσθαι.

256 1618 373 1682 Totum
395 1624 493 1702 caput
514 1616 607 1682 vides
629 1615 663 1682 in
685 1623 752 1681 tres
776 1621 887 1698 partes
912 1616 1060 1686 divisum.
1105 1641 1170 1686 una
1197 1627 1356 1688 astrorum
1381 1627 1531 1688 naturam

167 1725 297 1804 nectat,
318 1719 424 1786 altera
445 1719 558 1786 stellas
579 1718 768 1803 invisibiles,
791 1719 889 1786 tertia
911 1719 992 1786 fixas
1014 1729 1233 1806 errantesque.
1268 1729 1336 1790 tum
1353 1744 1431 1790 vero
1447 1724 1532 1790 intra

167 1823 255 1888 hane
282 1821 491 1906 partitionem
519 1841 561 1887 ex
588 1821 775 1906 opinionum
808 1827 944 1888 externa
976 1823 1185 1890 similitudine
1217 1825 1365 1908 singulae
1396 1825 1532 1908 singulis

168 1930 337 2010 aptantur,
366 1930 402 1990 ut
428 1943 534 2008 paone
561 1922 688 1990 artificii
709 1923 779 1990 eius
801 1943 971 1991 commone
997 1924 1072 2010 fias,
1100 1947 1163 2010 qno
1187 1927 1385 2010 Theognidis
1406 1928 1533 2010 elegiae

169 2028 346 2112 pleraeque
360 2045 381 2092 a
396 2027 569 2094 collectore
592 2045 737 2094 conexae
758 2033 843 2092 sunt.
877 2046 982 2110 neque
1005 2028 1091 2094 enim
1106 2048 1246 2112 aequum
1266 2035 1326 2114 est,
1347 2028 1533 2096 interiorem

169 2130 333 2213 quandam
363 2127 590 2213 philosophiae
612 2129 831 2213 cognitionem
856 2127 899 2194 ah
926 2149 965 2196 eo
988 2131 1168 2213 postulare,
1197 2130 1288 2198 cuius
1315 2149 1381 2196 una
1406 2131 1479 2196 laus
1500 2131 1533 2196 in

170 2231 375 2316 excerpendo
398 2230 568 2315 partiendo
592 2231 772 2298 ordinando
795 2230 903 2314 posita
925 2237 984 2298 est.
1028 2231 1273 2316 Theophrastus
1298 2231 1428 2316 quidem
1450 2232 1534 2298 sinri-

170 2335 244 2401 liter
270 2334 440 2419 opiniones
467 2334 669 2402 enumeravit
695 2341 729 2400 et
755 2333 950 2418 composuit,
980 2333 1038 2400 sed
1060 2333 1240 2418 generatim
1262 2333 1371 2418 capita
1392 2353 1535 2418 compre

170 2437 284 2504 hendit
312 2442 344 2504 et
370 2457 411 2502 ex
432 2435 546 2502 intima
569 2435 673 2518 magis
698 2435 924 2518 quaestionum
947 2434 1126 2502 subtilitate
1151 2436 1343 2520 partitiones
1374 2435 1533 2519 repetivit.

169 2539 297 2604 Aetium
319 2537 536 2605 contraierit
558 2537 745 2622 opinionum
769 2537 991 2604 diversitatem
1013 2538 1057 2604 ad
1079 2539 1293 2606 minutissima
1315 2557 1462 2622 quaeque
1485 2557 1536 2604 ea-

170 2641 274 2726 pitnla
295 2639 455 2726 persequi.
492 2639 570 2722 quid
592 2640 707 2706 mirum
729 2646 779 2707 est
800 2639 978 2708 Stohaeum
1000 2640 1193 2725 putidiorem
1216 2640 1312 2706 istam
1333 2639 1535 2722 diligentiam

169 2741 334 2810 fastidisse
360 2749 394 2808 et
422 2744 594 2808 dissociato
622 2747 699 2808 loeis
727 2745 876 2808 concordi
901 2762 980 2824 poce
1001 2745 1138 2824 liparae?
1177 2762 1295 2826 nempe
1323 2762 1395 2807 oum
1421 2741 1534 2808 antho-

173 2845 251 2929 logii
272 2844 401 2912 ratione
422 2844 563 2929 capitum
586 2865 740 2912 numerus
761 2846 1019 2930 circumscriptus
1034 2851 1121 2912 esset
1144 2843 1195 2931 [cs.
1219 2867 1250 2930 p.
1265 2842 1349 2931 44¹1,
1372 2842 1537 2910 abundan-

172 2953 239 3012 tem
253 2946 339 3012 Aetli
361 2947 488 3030 copiam
509 2947 543 3012 in
566 2947 616 3013 sui
637 2947 709 3014 libri
725 2948 936 3032 exiguitatem
955 2951 1062 3012 artare
1077 2946 1228 3013 debebat.
1261 2945 1348 3030 quod
1362 2945 1537 3011 audaciore

174 3056 294 3116 conatu
315 3047 362 3114 ita
383 3067 558 3132 aggressus
579 3055 630 3116 est
651 3057 686 3115 ut
708 3049 975 3134 philosophorum
998 3047 1169 3132 opiniones
1191 3049 1294 3132 primo
1315 3066 1442 3130 quoque
1464 3047 1536 3112 loco

174 3157 305 3218 notatas
328 3171 370 3219 ex
392 3151 537 3234 cognatis
559 3151 643 3218 Astii
667 3151 826 3236 capitibus
848 3157 983 3236 augeret
1006 3149 1235 3233 conderetque.
1272 3149 1319 3214 ita
1341 3149 1537 3214 Placitorum

172 3254 283 3338 capita
301 3253 333 3318 Π
348 3255 391 3320 20
409 3255 473 3338 περὶ
493 3253 594 3324 οὐσίας
614 3255 698 3339 ἡλίου
720 3255 760 3318 21
781 3255 846 3338 περὶ
866 3254 1007 3338 μεγέθους
1026 3256 1110 3338 ἡλίου
1132 3253 1174 3318 22
1198 3253 1263 3335 περὶ
1283 3253 1435 3337 σχήματος
1454 3251 1538 3334 ἡλίου

175 3357 218 3422 23
240 3357 305 3440 περὶ
333 3361 449 3442 τροπῶν
476 3357 561 3440 ἡλίου
591 3357 634 3422 24
654 3357 719 3440 περὶ
741 3356 897 3442 ἐκλείψεως
919 3355 1004 3440 ἡλίου
1031 3375 1097 3420 uno
1120 3355 1305 3436 eclogarum
1326 3352 1433 3435 eapite
1456 3372 1539 3418 com-

174 3457 433 3543 prehenduntur,
462 3457 553 3524 auius
578 3457 691 3524 titulus
719 3457 829 3524 omnia
853 3457 975 3524 indicat
1002 3457 1067 3541 περὶ
1091 3456 1190 3524 ούσίας
1213 3455 1296 3538 ἡλίου
1323 3455 1371 3518 καὶ
1399 3453 1540 3538 μεγέθους

174 3561 329 3646 σχήματός
350 3583 382 3626 τε
404 3563 452 3626 καὶ
474 3565 589 3645 τροπῶν
612 3561 660 3626 καὶ
675 3560 831 3645 ἐκλείψεως
854 3558 916 3645 (καὶ
931 3561 1060 3643 σημείων
1076 3560 1123 3622 καλ
1139 3555 1304 3642 κινήσεως).
1339 3576 1402 3638 quo
1425 3555 1540 3622 melius

173 3682 244 3730 rem
257 3663 431 3746 intellegas
446 3662 489 3728 ad
500 3661 629 3728 Aetium
647 3661 881 3730 restituendum
895 3659 1129 3744 gradssimam
1147 3658 1280 3725 Stohaei
1296 3663 1393 3742 eaput
1408 3658 1540 3741 aliquod

176 3764 240 3830 isto
263 3764 360 3830 modo
382 3763 627 3830 ferruminatum
649 3784 721 3828 cum
744 3762 946 3830 Plutaroheis
968 3765 1169 3846 componam.

330 3866 419 3932 Stob.
436 3867 509 3932 125
532 3888 563 3950 p.
575 3866 683 3932 caefi.
1117 3864 1309 3930 Plutarchus

214 3968 442 4054 Ἡράκλειτος
456 3970 504 4032 καὶ
516 3967 701 4037 Ἑκαταῖος
716 3967 836 4049 ἄναμμα
929 3968 962 4032 ΙΙ
978 3969 1021 4032 20
1040 3976 1069 4029 lb
1093 3963 1246 4030 omissum

176 4073 278 4156 νοερὸν
300 4073 334 4134 τδ
357 4073 391 4136 ἐκ
413 4071 560 4154 θαλάττης
581 4071 653 4134 εἶναι
674 4071 723 4132 τδν
742 4071 835 4153 ἡλιον,

177 4175 339 4257 σκαφοειδῆ
359 4171 381 4236 δ’
402 4171 475 4236 είναι
497 4173 666 4256 ὑπόκυρτον.
689 4171 835 4254 γίγνεσθαι
929 4171 962 4234 II
974 4171 1014 4235 22
1027 4177 1042 4228 2
1057 4167 1284 4254 Ἡράκλειτος
1299 4173 1457 4254 σκαφοειδῆ
1475 4171 1543 4233 ὑπό-

178 4277 213 4340 δὲ
235 4277 288 4360 τῆν
311 4273 437 4360 ἔκλειψιν
461 4275 536 4338 κατὰ
555 4276 607 4358 τὴν
631 4277 681 4336 τοῦ
702 4294 835 4358 σκαφοει·
888 4294 990 4355 κυρτον

178 4380 249 4447 δούς
271 4379 399 4464 στροφὴν
423 4378 500 4442 ὥστε
521 4377 555 4439 τδ
579 4376 630 4458 μὲν
653 4379 751 4438 κοῖλον
774 4373 836 4438 ἄνω
932 4375 963 4438 II
979 4375 1021 4438 24
1037 4381 1052 4434 3
1066 4373 1295 4457 Ἡράκλειτος
1322 4375 1396 4438 κατὰ
1418 4375 1470 4458 τῆν
1492 4377 1544 4436 τοῦ

178 4479 339 4562 γίγνεσθαι,
360 4481 394 4542 τδ
417 4480 450 4542 δὲ
472 4479 574 4563 κυρτδν
598 4479 677 4540 κτίτιυ
697 4478 768 4562 πρὸς
783 4477 836 4561 τὴν
890 4478 1081 4561 σκαφοειδοῦς
1093 4479 1230 4560 στροφήν,
1246 4477 1322 4540 ὥστε
1336 4478 1369 4538 τδ
1383 4477 1434 4558 μὲν
1448 4477 1544 4540 κοῖλον

178 4580 328 4664 ἡμετέραν
350 4579 424 4666 ὄψιν.
890 4577 951 4642 ἄνω
972 4577 1113 4660 γίνεσθαι,
1135 4579 1169 4641 τδ
1192 4579 1224 4641 δὲ
1247 4580 1349 4662 κυρτδν
1372 4580 1452 4641 καίτω
1474 4578 1546 4660 πρὸς

889 4681 943 4763 πὴν
966 4679 1109 4764 ἡμετέραν
1132 4678 1197 4763 όψιν

226 4786 261 4848 τδ
284 4785 317 4848 δὲ
340 4783 463 4866 μέγεθος
485 4783 564 4869 ἔχειν
587 4783 670 4868 εύρος
690 4783 778 4852 ποδός
794 4783 840 4845 όν·
934 4779 1310 4865 Π214Ἡράκλειτος
1341 4779 1425 4864 εόρος
1457 4779 1546 4847 αοδδς

182 4887 334 4972 θρωπείου
893 4881 1087 4967 ἀνθρωπείου.

273 4985 435 5065 Quantum
459 4985 581 5052 laboris
603 4985 726 5052 frustra
742 4985 937 5068 consumpti!
965 5005 1039 5052 nam
1057 5007 1121 5050 uon
1137 4987 1241 5050 solum
1257 4981 1440 5048 exsecando
1455 4987 1548 5046 erant

1293 5085 1314 5148 5
1326 5081 1346 5123 a
