3708 5738
374 418 437 479 514
755 419 1010 469 'i'HEOPHRASTI
1029 419 1168 469 PHYSIC.
1188 420 1348 469 opinion.

423 587 618 671 παραβάλλων
644 587 777 671 τοιαύτην
803 586 956 672 εἶναιτὴν
987 588 1157 664 ἐντύπωσιν,
1187 587 1247 650 οἷον
1277 586 1303 650 εί
1326 585 1478 667 ἐκμαίίειας
1512 587 1553 656 εἰς
1585 588 1680 671 κηρόν.

422 685 523 753 ἔπειτα
557 692 665 772 μᾶλλον
696 691 726 753 ἐν
749 691 831 754 ύδατι
858 687 1020 752 τυποῦσθαι
1050 689 1185 766 δυνατόν,
1219 689 1281 774 όσιρ
1314 689 1502 772 πυκνότερον·
1536 690 1622 774 ἦττον
1653 690 1683 752 δὲ

424 793 535 876 δρᾶται,
558 793 650 856 καίτοι
673 797 803 877 προσῆκε
826 795 945 875 μᾶλλον.
989 791 1065 862 όλως
1087 794 1120 856 δὲ
1142 794 1289 878 ἀπορροὴν
1316 797 1453 856 ποιοῦντα
1481 798 1534 877 τῖγς
1562 797 1683 877 μορφῆς,

425 896 524 980 ὥσπερ
547 897 577 960 ἐν
599 900 658 965 τοῖς
680 896 744 980 περί
766 899 823 959 τιῦν
847 895 948 971 είδιῖιν,
976 894 1005 956 τί
1032 897 1077 960 δεῖ
1101 897 1170 987 τὴνι
1183 896 1369 961 ἀποτύπωσιν
1397 899 1502 979 ποιεῖν;
1532 895 1608 958 αύτά
1634 895 1684 978 γὰρ

374 1003 407 1058 52
425 998 594 1082 ἐμφαίνεται
616 1001 653 1062 τὰ
674 997 794 1062 εἴδωλα.
946 997 971 1059 εί
999 999 1031 1060 δὲ
1058 999 1094 1082 δὴ
1122 1004 1207 1062 τοῦτο
1235 999 1384 1084 συμβαίνει
1411 998 1459 1060 καὶ
1487 998 1504 1060 δ
1532 997 1590 1082 ἀὴρ
1618 998 1708 1060 circs

424 1101 559 1182 μάττεται
588 1101 722 1184 καθάπερ
749 1101 838 1185 κηρὸς
866 1099 1034 1182 ὠθούμενος
1061 1103 1108 1164 καὶ
1137 1102 1347 1184 πυκνούμενυς,
1380 1103 1443 1168 πῶς
1470 1100 1518 1162 καὶ
1549 1098 1621 1162 ποία
1647 1122 1685 1168 πς

425 1204 444 1286 ἡ
468 1201 592 1288 ἔμφασις
614 1203 733 1286 γίνεται;
756 1206 844 1286 δῆλον
866 1204 921 1287 γὰρ
943 1207 984 1273 ὡς
1005 1205 1052 1267 ἐπὶ
1075 1208 1234 1290 προσώπου
1263 1203 1307 1288 (h)
1335 1204 1424 1274 τύπος
1446 1201 1527 1267 ἔσται
1548 1208 1593 1288 τῷ
1617 1204 1684 1286 δρω

423 1305 502 1391 μένῳ
535 1307 668 1390 καθάπερ
702 1306 731 1368 ἐν
760 1309 820 1374 τοῖς
850 1304 958 1375 ἀλλοις.
1003 1308 1134 1370 τοιούτου
1162 1306 1189 1371 δ’
1223 1305 1304 1376 ὄντος
1332 1307 1471 1371 ἀδύνατον
1501 1305 1531 1375 ἐξ
1558 1305 1686 1373 ἐναντίας
1799 1359 1800 1362 ,

424 1405 549 1493 ἔμφασιν
572 1408 702 1492 γίνεσθαι
724 1408 765 1490 μὴ
790 1407 963 1492 στραφέντας
985 1414 1037 1472 τοῦ
1059 1409 1161 1474 τύπου.
1206 1415 1291 1474 τοῦτο
1314 1408 1339 1472 δ’
1362 1411 1419 1472 ύπδ
1441 1409 1517 1478 τίνος
1539 1407 1622 1472 ἔσται
1642 1407 1686 1469 καὶ

426 1515 501 1588 πῶς,
524 1511 664 1574 δεικτέον·
688 1511 745 1594 οὐχ
760 1510 866 1574 οἷόντε
887 1509 942 1594 γάρ
964 1509 1061 1582 ἄλλως
1075 1513 1204 1596 γίνεσθαι
1224 1515 1258 1577 τδ
1274 1517 1354 1599 δρᾶν.
1389 1511 1489 1576 ἔπειτα
1502 1512 1571 1575 όταν
1587 1513 1686 1595 δρᾶται
1701 1534 1720 1571 ιο

424 1613 543 1677 πλείονα
569 1614 643 1677 κατὰ
669 1614 718 1677 τὸν
745 1613 833 1676 αύτδν
864 1612 966 1690 τύπον,
999 1619 1063 1685 πῶς
1091 1616 1121 1680 ἐν
1152 1622 1195 1701 τῷ
1225 1617 1306 1702 αύτῷ
1337 1616 1400 1699 ἀέρι
1429 1614 1545 1684 πλείους
1573 1611 1684 1676 ἔσονται

423 1716 522 1800 τύποις
545 1717 593 1780 καὶ
616 1718 701 1780 πολιν
724 1719 787 1786 πῶς
820 1717 964 1800 ἀλλήλους
993 1719 1062 1801 δρῦν
1085 1719 1247 1805 ἐνδέχεται;
1274 1720 1341 1788 τοὺς
1362 1719 1417 1802 γὰρ
1443 1718 1550 1786 τύπους
1577 1717 1685 1798 ἀνάγκη

422 1819 596 1906 συμβάλλειν
629 1821 758 1896 ἑαυτοῖς,
792 1819 927 1902 ἑκάτερον
958 1820 1176 1904 ἀντιπρόσωπον
1210 1821 1279 1886 όντα
1312 1819 1363 1906 ἀφ’
1404 1823 1444 1884 ὧν
1477 1821 1564 1884 ἐστιν.
1611 1818 1685 1881 ὥστε

373 1929 406 1984 53
423 1926 508 1986 τοῦτο
536 1925 655 2008 ζήτησιν
684 1921 758 2008 ἔχει.
912 1923 960 1988 καὶ
988 1924 1060 2007 πρὸς
1092 1925 1186 2009 τούτῳ
1219 1925 1267 1987 διὰ
1299 1926 1327 1986 τί
1357 1947 1427 1987 ποτε
1453 1923 1575 1991 ἕκαστος
1601 1921 1686 1988 ecch<

421 2025 509 2088 αῦτδν
533 2025 590 2112 οὐχ
614 2028 683 2111 όρᾷγ
710 2027 844 2112 καθάπερ
871 2027 925 2111 γὰρ
952 2029 1011 2095 τοῖς
1037 2029 1096 2090 τῶν
1118 2027 1208 2096 πέλας
1230 2025 1372 2109 ὄμμασιν,
1395 2029 1422 2090 οἱ
1444 2027 1529 2090 τόποι
1557 2024 1607 2088 καλ
1629 2026 1686 2091 τοῖς
1702 2048 1721 2084 ιι

425 2128 537 2191 ἑαυτῶν
568 2127 745 2214 ἐμφαίνοιντ’
773 2129 823 2208 ἀν,
851 2129 948 2199 ἄλλως
970 2152 1001 2192 τε
1023 2128 1049 2192 εί
1075 2129 1124 2192 καὶ
1147 2129 1236 2198 εὐθὺς
1262 2129 1477 2214 ἀντιπρόσωποι
1505 2131 1614 2191 κεῖνται
1639 2125 1684 2188 καὶ

422 2232 510 2296 ταύτδ
533 2231 683 2317 συμβαίνει
705 2232 800 2302 πάθος
823 2233 922 2318 ὥσπερ
945 2235 992 2297 ἐπὶ
1020 2237 1073 2317 τῆς
1099 2233 1202 2318 ἠχοῦς.
1247 2232 1429 2295 ἀνακλᾶσθαι
1455 2232 1509 2314 γάρ
1536 2251 1610 2315 φησι
1638 2229 1684 2291 καί

413 2333 496 2418 Ιπρὸς
523 2333 610 2398 αύτδν
638 2335 688 2399 τδν
716 2334 914 2420 φθεγξάμενον
940 2337 993 2420 την
1020 2338 1131 2421 φωνήν.
1176 2335 1252 2404 όλως
1284 2335 1317 2397 δὲ
1343 2333 1450 2402 ἄτοπος
1476 2335 1497 2416 ἡ
1523 2337 1575 2398 τοῦ
1604 2333 1685 2416 ἀέρος

422 2435 559 2506 τύπωσις.
603 2438 714 2521 ἀνάγκη
736 2438 790 2522 γὰρ
812 2437 842 2506 ἐξ
865 2439 906 2502 ὧν
929 2439 1005 2522 λέγει
1028 2440 1121 2502 πάντα
1143 2437 1395 2500 ἐναποτυποῦσθαι
1422 2436 1458 2499 τὰ
1485 2438 1612 2518 στύματα
1639 2434 1684 2497 καὶ

421 2539 515 2602 πολλὰ
538 2539 732 2618 ἐναλλάττειν,
760 2541 776 2604 δ
799 2541 847 2604 καὶ
875 2541 946 2625 πρὸς
974 2543 1026 2626 τὴν
1055 2539 1119 2626 ὄψιν
1149 2541 1286 2623 ἐμπόδιον
1314 2538 1349 2602 ἀν
1376 2537 1422 2622 εἴη
1444 2538 1492 2601 καλ
1515 2538 1614 2608 ἄλλως
1635 2537 1685 2600 οὐκ
1701 2561 1720 2599 τι

421 2639 551 2724 εύλογον.
595 2638 638 2704 ἔτι
661 2643 694 2704 δὲ
716 2641 797 2728 εἴπερ
821 2645 840 2726 ἡ
863 2644 990 2714 τύπωσις
1012 2643 1156 2726 διαμένει,
1178 2644 1226 2707 καλ
1250 2644 1290 2727 μὴ
1314 2645 1447 2727 φανερῶν
1470 2639 1589 2723 [όντων]
1614 2641 1686 2724 μηδὲ

421 2744 542 2828 πλησίον
570 2741 660 2806 όντων
689 2749 748 2808 τῶν
771 2747 916 2829 σωμάτων
946 2747 1037 2833 έχρῖγν
1067 2749 1137 2831 δρᾶν
1166 2746 1201 2810 εί·
1214 2747 1262 2809 καὶ
1286 2746 1327 2828 μὴ
1355 2744 1484 2828 νύκτωρ,
1511 2744 1589 2808 ἀλλὰ
1617 2741 1680 2827 μεθ’

421 2845 543 2931 ἡμέραν.
581 2847 675 2910 καίτοι
697 2848 763 2917 τούς
784 2871 817 2932 γε
838 2849 945 2919 τύπους
967 2849 1024 2935 οὐχ
1046 2849 1132 2934 ἧττον
1155 2849 1232 2918 είκδς
1254 2847 1397 2931 διαμένειν
1419 2846 1531 2925 νυκτός,
1554 2847 1618 2933 δσιρ
1640 2847 1685 2929 ἐμ-

373 2957 406 3011 54
423 2949 601 3036 ψυχρότερος
629 2952 645 3013 ό
676 2951 745 3036 ἀήρ.
899 2950 961 3015 ἀλλ’
995 2951 1065 3022 ἴσως
1093 2953 1145 3035 τὴν
1174 2949 1299 3036 ἔμφασιν
1326 2952 1342 3014 δ
1370 2951 1452 3035 ἥλιος
1477 2953 1555 3014 ποιεῖ
1580 2951 1631 3014 καὶ
1654 2950 1686 3012 τδ

421 3057 486 3138 φῶς
514 3053 613 3137 ὥσπερ
635 3057 650 3090 '
670 3053 815 3140 ἐπιφέρων
848 3055 895 3119 ἐπὶ
925 3057 977 3138 την
1005 3051 1086 3139 ὄψιν,
1120 3054 1253 3138 καθάπερ
1287 3051 1364 3117 έοικε
1397 3053 1555 3139 βούλεσθαι
1580 3053 1683 3137 λέγειν·
1699 3079 1720 3117 τι

426 3157 489 3220 ἐπεὶ
511 3155 545 3220 τό
568 3179 600 3240 γε
622 3157 670 3220 τδν
693 3157 776 3241 ἥλιον
799 3158 976 3222 ἀπωθοῦντα
999 3155 1049 3242 ἀφ’
1077 3157 1183 3221 ἑαυτοῦ
1205 3158 1253 3221 καὶ
1281 3156 1537 3240 ἀποπληττόμενον
1563 3160 1687 3220 πυκνοῦν

423 3260 473 3323 τδν
496 3259 579 3344 ἀέρα,
602 3261 736 3346 καθάπερ
758 3261 860 3346 φησίν,
883 3261 1003 3325 ἄτοπον·
1033 3257 1184 3345 διακρίνειν
1206 3261 1261 3346 γὰρ
1283 3261 1395 3346 πέφυκε
1417 3262 1536 3342 μᾶλλον.
1579 3259 1685 3324 ἄτοπον

422 3361 526 3426 δὲκαὶ
549 3364 582 3425 τὸ
606 3363 647 3448 μὴ
672 3364 758 3447 μόνον
781 3367 841 3434 τοῖς
864 3362 1005 3447 ὄμμασιν,
1029 3363 1103 3427 ἀλλά
1126 3366 1239 3450 καὶτῷ
1262 3364 1343 3449 ἀλλιρ
1366 3365 1481 3445 σώματι
1504 3363 1685 3446 μεταδιδόναι
1799 3369 1800 3450 j

419 3470 473 3550 τῆς
494 3465 678 3551 αἰσθήσεως·
711 3468 783 3553 φησὶ
805 3467 859 3552 γὰρ
881 3468 929 3531 διά
959 3471 1044 3530 τοῦτο
1067 3467 1207 3552 κενότητα
1228 3469 1277 3532 καὶ
1299 3466 1442 3552 ὑγρότητα
1464 3463 1544 3551 ἔχειν
1563 3467 1624 3530 δεῖν
1639 3467 1685 3529 τὸν

422 3568 587 3654 ὀφθαλμόν,
615 3567 652 3633 ἵν’
680 3570 728 3634 ἐπὶ
751 3569 838 3634 πλέον
862 3571 986 3655 δέχηται
1007 3571 1055 3634 καὶ
1078 3575 1121 3655 τῷ
1144 3569 1225 3654 άλλιρ
1248 3572 1362 3653 σώματι
1384 3567 1547 3653 παραδιδῷ.
1582 3567 1684 3652 ἄλογον
1700 3592 1721 3630 το
1799 3575 1800 3660 γ

420 3671 453 3734 δὲ
481 3670 530 3736 καί
557 3671 590 3734 τδ
620 3673 745 3754 μάλιστα
772 3673 824 3756 μὲν
855 3675 925 3759 ὁρᾶν
954 3675 1042 3759 φάναι
1068 3672 1104 3736 τὰ
1126 3672 1278 3756 ὁμόφυλα,
1306 3672 1359 3755 την
1388 3670 1420 3734 δὲ
1446 3667 1571 3754 ἔμφασιν
1594 3673 1684 3735 ποιεῖν
1799 3683 1800 3716 i

422 3777 481 3844 τοῖς
508 3775 691 3859 ἀλλόχρωσιν
721 3779 762 3845 ὡς
789 3776 843 3840 οῦκ
872 3775 1093 3862 ἐμφαινομένων
1119 3780 1178 3840 τῶν
1205 3774 1324 3858 ὁμοίων.
1367 3772 1404 3836 τὰ
1436 3771 1470 3835 δὲ
1496 3771 1609 3857 μεγέθη
1637 3772 1683 3836 καὶ
1799 3817 1800 3842 ,

370 3922 573 3932 -η--μι

371 3994 441 4053 leit
454 3993 563 4066 σκληρόν
575 3999 632 4050 PF:
653 4015 718 4052 corr.
733 4000 868 4050 Burchard
890 4002 920 4051 ci.
942 4017 967 4051 ν.
981 4001 996 4054 6
1011 3999 1025 4067 Η
1077 4001 1105 4049 in
1124 4015 1187 4064 mrg.
1206 4001 1265 4051 add.
1284 4019 1321 4068 pr.
1340 3999 1362 4051 F
1382 3995 1396 4068 Η
1416 3997 1450 4051 20
1471 3997 1597 4051 έναλάτειν
1616 4002 1637 4052 ii
1655 4009 1679 4050 et
1695 4001 1725 4048 sic
1799 3989 1800 4030 1

370 4080 570 4152 θδρᾱσθαιΡῈι
584 4103 648 4138 corr.
659 4089 785 4139 Wimmer
798 4082 813 4154 Η
826 4086 844 4138 4
857 4085 929 4139 είδῶν
942 4096 1027 4139 ιυετυι
1078 4089 1180 4154 saepius
1205 4085 1219 4156 Η
1244 4085 1277 4140 21
1302 4097 1360 4154 post
1382 4084 1490 4153 διαμένει
1512 4089 1634 4151 distinxi,
1656 4087 1725 4148 vulgo

371 4173 486 4224 Mniiach
505 4173 626 4226 Democr.
645 4177 736 4240 fragm.
755 4193 780 4241 p.
798 4171 856 4227 135.
879 4175 911 4227 de
930 4177 1026 4226 citandi
1077 4183 1137 4240 post
1156 4175 1291 4243 σωμάτων.
1311 4172 1392 4226 καίτοι
1410 4175 1522 4226 breviter
1538 4175 1636 4227 dictum
1649 4170 1727 4239 ‘aecci
1799 4159 1800 4166 ί

369 4261 453 4311 sonna
471 4263 502 4312 cf.
520 4279 545 4328 p.
560 4258 658 4326 525,4=
677 4261 789 4314 εἰδώλων
808 4263 949 4315 Schneider
968 4259 982 4332 Η
1002 4261 1026 4314 τί
1077 4269 1157 4314 coctu
1179 4278 1280 4328 qnoque
1296 4262 1364 4330 fieri
1381 4271 1478 4327 potest,
1500 4277 1564 4312 nam
1587 4259 1640 4314 esc?
1662 4257 1675 4329 Η
1693 4255 1725 4310 όν-

369 4345 399 4417 δὴ
418 4346 465 4417 τὴν
484 4345 643 4402 ἀποτύπωσιν
661 4355 737 4414 ποιεῖ,
760 4347 830 4403 αύτῶ
849 4351 894 4420 γὰρ
913 4349 1025 4421 ἐμφαίνει
1076 4365 1128 4400 των
1156 4359 1215 4415 post
1237 4353 1352 4420 φανερῶν
1376 4351 1472 4402 delevit
1494 4349 1639 4402 Schneider
1661 4345 1674 4417 Η
1696 4344 1724 4398 λθ

367 4439 406 4486 τῶ
423 4435 456 4488 τά
473 4435 565 4489 εἴδωλα
583 4440 695 4490 Ρτεευτ.
709 4439 743 4489 F:
763 4455 827 4490 corr.
846 4439 990 4492 Schneider
1007 4437 1022 4509 Η
1076 4435 1246 4508 ἐμψυχότερος
1267 4439 1325 4491 PF:
1349 4453 1415 4490 corr.
1442 4439 1567 4490 Wimmer
1590 4435 1605 4507 Η
1634 4437 1667 4491 24
1688 4433 1725 4485 καὶ

367 4523 384 4576 6
406 4523 444 4582 τίς
466 4527 511 4578 PF
534 4526 595 4589 (sed
618 4526 805 4588 oblitteratum)
830 4519 843 4593 Η
869 4525 884 4578 ’ί
908 4523 922 4578 δ
948 4529 1022 4580 addi·
1074 4533 1133 4592 post
1150 4531 1215 4577 ποιεῖ
1231 4527 1288 4579 PF:
1308 4543 1358 4577 om.
1379 4527 1457 4578 Voss.
1476 4525 1577 4577 Camot.
1599 4522 1612 4594 Η
1630 4523 1722 4577 θύλίε·
1799 4587 1800 4598 2

366 4615 404 4665 dit
422 4614 564 4667 Schneider
583 4609 597 4682 Η
619 4612 650 4666 13
670 4611 699 4665 ἀν
722 4611 856 4682 πρόσωπον
873 4615 930 4666 PF:
955 4631 1021 4668 corr.
1073 4623 1126 4666 tum
1143 4615 1262 4682 supplere
1279 4617 1385 4680 nequivi
1405 4609 1419 4684 Η
1438 4611 1471 4668 θό
1489 4611 1519 4666 τό
1536 4628 1564 4682 γε
1582 4617 1614 4678 Ρ,
1633 4629 1680 4666 sec.
1696 4611 1723 4660 Iit

366 4702 513 4769 Stephanus
542 4699 556 4770 Η
584 4699 644 4754 όντα
676 4711 745 4755 τουτο
777 4703 834 4753 PF:
866 4699 939 4760 ύντας
970 4703 1021 4755 Oa·
1073 4699 1102 4754 τό
1113 4719 1141 4754 τε
1153 4703 1225 4770 ρπβ
1245 4698 1259 4770 Η
1278 4700 1321 4753 τόν
1334 4699 1371 4754 δτι
1384 4699 1531 4754 ἀπειθοῦντα
1543 4705 1580 4754 sic
1589 4704 1646 4756 PF:
1664 4714 1721 4751 corr.

364 4793 460 4842 mosius
486 4787 500 4858 Η
528 4789 559 4844 15
583 4789 692 4858 καίτοιγε
714 4787 799 4841 αδτῶν
824 4789 881 4841 PF:
910 4795 1021 4843 correxi.
1074 4791 1217 4842 Schneider
1231 4787 1243 4858 Η
1258 4787 1545 4858 ἀποπλαττόμενονΡΙῖι
1560 4807 1620 4843 corr
1631 4789 1722 4841 Usener

365 4877 409 4929 καὶ
431 4881 483 4934 τοῖς
505 4873 590 4930 αύτῶν
613 4881 759 4945 praeiverat
783 4877 925 4930 Schneider
949 4875 964 4946 Η
990 4879 1021 4933 16
1074 4879 1293 4944 οοιι1.Αι·.ρι·οθ1.
1307 4877 1360 4930 lli
1378 4897 1403 4944 p.
1417 4877 1527 4932 8991’44
1543 4874 1555 4946 Η
1570 4873 1660 4928 πυκνόν
1671 4871 1721 4926 Pi:

364 4964 386 5016 εἰ
408 4965 452 5016 καὶ
475 4968 506 5018 ci.
530 4967 561 5020 G.
589 4969 701 5018 Mueller
724 4967 741 5019 l.
760 4984 782 5018 c.
806 4983 831 5032 ρ.
844 4964 888 5018 39.
911 4969 1020 5019 Aristot.
1075 4983 1140 5020 corr.
1150 4967 1292 5020 Schneider
1303 4961 1359 5032 ΗδΙ
1375 4961 1666 5033 τὴνΡιτὸν(1)Ι·“Ηθθ
1677 4963 1720 5014 τοῖς

364 5073 389 5122 ρ.
402 5051 534 5123 51111211
553 5055 585 5108 17
595 5055 714 5108 eri-18
724 5049 892 5123 φθεγξάμενον
903 5071 961 5120 σοι,
975 5057 1021 5106 scd
1074 5057 1107 5108 P:
1125 5059 1177 5111 τοῖς
1196 5052 1215 5106 δ’
1235 5055 1256 5106 F
1277 5051 1290 5122 Η
1315 5052 1408 5123 δμοίως
1426 5055 1483 5107 PF:
1502 5071 1568 5105 corr.
1588 5054 1720 5106 Vossianus
