3756 5736
742 412 1019 463 rsoussoruuua
1494 412 1559 476 219

196 597 317 661 ramus,
339 578 427 645 haud
451 581 549 664 paulo
573 577 752 664 praestat.¹
790 579 848 646 sed
870 579 979 646 omnia
1000 580 1083 647 haec
1109 600 1205 665 quom
1227 581 1351 646 incerta
1373 580 1436 648 sint
1458 582 1560 666 vides,

197 700 270 745 eum
293 681 411 746 erroris
433 681 524 765 origo
546 702 662 768 parum
683 679 781 746 facile
802 671 991 766 explicetur.
1032 682 1170 750 forsitan
1191 684 1317 750 litteras
1339 685 1455 750 saltem
1478 685 1561 768 quis-

197 781 286 865 piam
308 782 371 848 hoo
391 784 488 850 modo
511 789 658 851 servatas
680 783 769 849 velit.
803 789 932 849 constat
953 784 987 849 in
1003 785 1258 870 Theophrasteis
1279 785 1386 869 prisea
1400 785 1560 852 voeabula

197 883 288 949 velut
314 884 457 951 nobilem
484 886 672 969 aeruginem
701 884 862 950 interdum
891 886 1037 971 retineri,
1066 888 1155 954 volut
1181 887 1216 952 in
1237 885 1275 951 ir.
1298 886 1340 952 de
1364 906 1462 953 sensu
1483 888 1561 968 §50

197 985 406 1052 Democritea
421 990 675 1074 θροιοσχημονοῖν,
697 988 737 1052 51
755 987 945 1072 θρύπτεσθαι,
968 989 1010 1054 55
1024 990 1078 1056 vel
1093 987 1234 1054 ionicam
1248 987 1384 1053 formam
1405 991 1561 1073 θιοιμίμνει.

197 1085 347 1154 similiter
369 1109 410 1155 ex
424 1089 669 1157 Anaximandro
692 1088 792 1175 Phys
809 1110 860 1173 op.
884 1089 959 1158 ind
982 1093 1031 1156 καὶ
1052 1093 1105 1176 τὴν
1126 1090 1307 1176 φθορὰν...
1323 1090 1452 1172 γίνεσθαι
1474 1093 1561 1158 κατὰ

198 1192 237 1253 τὸ
260 1193 387 1276 χρεών,
414 1192 547 1257 διδόναι
568 1193 632 1276 γὰρ
654 1191 744 1256 αὐτὰ
766 1191 864 1274 δίκην
887 1194 944 1256 καὶ
966 1195 1057 1258 τίσιν
1080 1194 1250 1276 ἀλλήλοις
1271 1195 1333 1276 τῆς
1356 1194 1559 1264 ἀδικίας...

197 1294 433 1380 ποιητικοτίροις
456 1295 549 1364 core<
571 1295 708 1376 briodua
723 1294 799 1358 αὐτὰ
813 1293 916 1376 λέγων.
950 1295 1070 1380 quidni,
1092 1293 1217 1378 inquiet
1235 1291 1307 1376 iste,
1329 1293 1464 1378 antiqua
1479 1295 1560 1362 haee

198 1396 288 1480 λιθίη
300 1395 372 1462 κίονι
379 1396 551 1464 Homerico
566 1393 733 1480 exemplo²
747 1394 1031 1464 iuAnaximandro
1044 1397 1166 1482 scripta
1176 1394 1276 1461 fuisse
1286 1395 1464 1481 credamus,
1476 1416 1561 1480 quae

198 1498 243 1564 ad
263 1500 432 1583 vulgarem
454 1497 558 1581 magis
579 1519 672 1565 usum
695 1495 939 1581 Theophrastus
962 1499 1153 1567 transferret
1174 1498 1250 1583 λιθῷ
1274 1498 1367 1562 ateva?
1393 1499 1451 1565 sed
1472 1499 1561 1583 piget

197 1599 249 1666 his
263 1599 408 1668 artificiis
422 1599 543 1666 diutius
565 1619 695 1666 vacare.
723 1605 896 1684 utcumque
921 1607 954 1668 te
969 1600 1185 1686 expediveris,
1207 1600 1290 1666 mira
1304 1607 1433 1666 constat
1447 1601 1505 1666 illa
1520 1623 1560 1668 ex

200 1702 427 1787 Theophrasto
445 1701 643 1769 Placitomm
660 1701 894 1788 Hippolytique
917 1703 1098 1788 consensio,
1122 1722 1206 1788 quae
1228 1709 1321 1769 tanta
1343 1709 1402 1788 est,
1425 1710 1460 1769 ut
1474 1703 1559 1769 Astii

199 1807 349 1872 lacunam
372 1805 447 1872 hino
469 1810 557 1871 oerto
580 1803 686 1888 possis
707 1803 874 1870 resarcire.
919 1805 1173 1872 continuandum
1195 1811 1245 1872 est
1268 1805 1353 1873 enim
1376 1827 1416 1874 ex
1439 1807 1561 1892 Hippo-

199 1909 269 1994 lyto
291 1913 349 1973 τῶν
372 1909 517 1974 ἐπιπέδων
540 1906 566 1994 ql
592 1907 644 1990 μὲν
667 1907 881 1992 ἐπιβιβήιιαριν
905 1909 921 1972 θ
944 1909 978 1972 δὲ
1000 1909 1149 1974 ἀντίθετον
1173 1910 1309 1996 ὑπάρχει.

287 2009 504 2094 Theophrasti
536 2029 653 2094 corpus
685 2028 752 2074 non
785 2007 917 2075 dubium
947 2016 1014 2095 est,
1048 2009 1125 2094 quiu
1153 2010 1187 2076 in
1213 2011 1332 2077 Ionicis
1358 2009 1561 2095 philosophis

201 2133 337 2199 quorum
358 2110 480 2196 scripta
500 2111 570 2178 fere
591 2110 783 2177 interierant
810 2111 863 2177 vel
884 2112 1033 2195 neglecta
1060 2111 1212 2178 iacebant
1231 2113 1255 2196 ⁸,
1284 2111 1359 2178 fons
1379 2111 1477 2179 fuerit
1498 2111 1561 2196 pri-

200 2214 331 2282 marius
353 2214 441 2281 idem
464 2214 507 2282 de
521 2212 728 2298 Xenophane
743 2212 866 2296 liquido
881 2219 1018 2299 constat,
1041 2215 1110 2281 veri
1126 2214 1230 2282 simile
1245 2221 1295 2280 est
1309 2213 1352 2282 de
1367 2213 1561 2281 Parmenide

199 2317 331 2384 Melisso
353 2317 486 2384 Zenone
508 2315 675 2400 Leucippo
691 2314 878 2381 Democrito
894 2315 1079 2383 Metrodoro
1096 2316 1187 2383 olio.
1222 2335 1415 2400 quamquam
1438 2316 1480 2382 de
1494 2322 1561 2382 ato·

201 2439 325 2484 morum
356 2419 543 2486 doctoribus
574 2425 624 2485 est
652 2416 738 2501 quod
770 2416 907 2484 dubites.
951 2439 1058 2512 neque
1086 2419 1170 2486 enim
1199 2439 1335 2502 usquam
1363 2424 1429 2484 tam
1461 2437 1562 2502 saepe

201 2522 292 2589 dedit
314 2522 451 2606 scriptor
472 2520 621 2588 inscitiae
642 2538 767 2604 poenas
790 2539 887 2604 quam
909 2521 943 2586 in
965 2521 1092 2586 illorum
1121 2521 1291 2605 dogmatis.
1325 2539 1390 2586 uon
1416 2519 1559 2602 urguebo

200 2624 378 2691 Democriti
407 2624 558 2708 ingentes
585 2627 711 2688 atomos
742 2622 960 2704 quas1126
987 2621 1121 2706 profert:
1160 2626 1280 2688 δυνατὸν
1309 2624 1381 2688 εἶναι
1409 2622 1560 2706 κοσμιαίαν

202 2727 342 2813 ὑπάρχειν
364 2727 482 2810 ἄτομον.
515 2744 591 2791 nam
615 2723 733 2790 erroris
755 2723 876 2790 socium
899 2725 999 2791 habet
1013 2723 1207 2810 Dionysium
1229 2727 1317 2810 apud
1338 2725 1456 2792 Enseb.
1475 2725 1511 2790 P.
1523 2725 1560 2790 Ε.

201 2830 278 2896 XIV
297 2830 340 2896 23
359 2829 415 2892 3.⁴
451 2845 558 2911 nequo
583 2827 672 2893 solus
699 2827 810 2911 lapsus
838 2833 888 2892 ost
913 2826 1033 2893 ibidem
1061 2830 1097 2893 τὰ
1124 2833 1226 2914 πρῶτα
1248 2832 1372 2911 σώματα
1399 2829 1486 2913 βάρος
1508 2827 1561 2892 οὐκ

201 2930 291 3018 ἔχειν,
314 2917 456 2996 κινεῖσθθιι
477 2931 511 2994 δὲ
534 2929 596 2994 κατ’
622 2929 836 3014 ἀλληλοτοπίαν
858 2931 889 2994 ἐν
911 2937 953 3018 τῷ
977 2931 1100 3016 ἀπείρῳ,
1123 2931 1209 3014 quod
1231 2930 1430 3014 repotiitl3
1454 2939 1485 2992 18
1506 2930 1561 3014 Δη-

202 3036 337 3119 μόκριτος
360 3035 412 3116 μὲν
433 3033 488 3117 γὰρ
510 3029 592 3115 ἔλεγε
613 3033 665 3097 δύο
689 3033 812 3116 μέγεθός
834 3056 866 3095 τε
888 3034 936 3096 καὶ
959 3039 1080 3118 σχῆμα,
1103 3037 1119 3098 b
1142 3033 1167 3097 δ’
1191 3033 1358 3118 Ἐπίκουρος
1381 3032 1491 3102 τούτοις
1513 3033 1561 3095 καὶ

200 3137 294 3222 τρίτον
316 3137 403 3222 βάρος
425 3134 619 3218 προσέθηκεν.
659 3133 693 3200 in
721 3134 835 3200 eodem
857 3141 966 3201 autem
989 3156 1099 3202 errore
1122 3143 1172 3202 est
1194 3135 1307 3202 Cicero
1330 3135 1372 3200 de
1393 3133 1450 3200 fat.
1466 3135 1510 3200 ‘20
1527 3145 1561 3198 46

200 3243 261 3304 eim
292 3249 391 3302 motta
416 3237 568 3302 habebant
596 3233 731 3322 (atomi)
760 3255 781 3300 o
812 3238 987 3300 oeoocriro
1017 3240 1212 3319 impulsionis
1238 3260 1330 3322 quom
1356 3241 1483 3320 plepem
1510 3239 1563 3299 itte

201 3344 350 3425 appellat,
372 3361 393 3404 ιι
410 3350 448 3416 te,
462 3341 607 3421 Epicure,
622 3342 792 3420 pravitatis
808 3351 835 3402 et
849 3342 1008 3421 ponderis.
1042 3340 1081 3405 ci.
1104 3340 1265 3406 Alexand.
1280 3339 1324 3405 ad
1338 3339 1482 3422 Metaph.
1497 3337 1526 3403 A
1541 3340 1562 3404 4

201 3447 295 3530 phi,
310 3442 400 3510 th.
428 3442 505 3526 quid
521 3461 599 3508 vero
615 3440 745 3508 homine
766 3441 868 3507 iacias
883 3443 937 3525 qui
958 3441 1172 3526 principatum
1194 3440 1292 3507 animi
1316 3460 1388 3506 esse
1403 3440 1563 3506 sentiendi

203 3552 380 3632 expertem,
403 3563 534 3610 sensum
556 3545 643 3608 iutra
664 3549 769 3610 motas
792 3543 936 3627 corporis
958 3549 1068 3628 partes
1094 3543 1272 3609 consistere
1293 3544 1463 3610 docentem
1485 3541 1563 3608 feeit

273 3783 367 3850 ¹quae
394 3787 415 3835 si
444 3800 506 3836 vera
533 3794 571 3835 est
593 3767 683 3846 lectio,
708 3785 870 3836 Plutarcheis
898 3785 1035 3836 stromatis
1059 3788 1146 3850 utique
1171 3788 1317 3837 accuratior
1335 3793 1437 3852 praesto
1456 3793 1511 3836 crat
1530 3801 1562 3835 ex

3 3905 15 3916 υ
123 3923 125 3926 ,
201 3875 382 3940 Theophrasto
405 3874 536 3923 memoria.
564 3887 647 3936 neque
671 3875 739 3922 euim
764 3872 949 3937 spondylorum
973 3877 1154 3938 proportiones
1179 3875 1324 3924 architectis
1347 3876 1384 3924 ita
1402 3873 1562 3934 constabant,

202 3969 230 4011 ut
252 3967 322 4012 certa
343 3960 403 4010 inde
426 3959 492 4010 effici
516 3968 603 4024 posset
626 3975 793 4012 numerorum
819 3961 968 4025 descriptio.
999 3961 1172 4012 Parthenonis
1191 3963 1294 4024 quidem
1312 3963 1445 4012 columnae
1465 3977 1478 4010 e
1499 3961 1563 4011 duo-

201 4049 274 4100 denis
296 4047 436 4113 spondylis.
453 4054 595 4098 emunctae
609 4056 682 4110 sunt;
704 4048 751 4098 sed
769 4049 833 4098 haec
853 4048 901 4098 iuit
920 4049 1065 4098 Penthelict
1084 4049 1177 4114 lapidis
1196 4059 1289 4100 natura
1307 4058 1335 4099 ut
1353 4052 1401 4100 nisi
1420 4051 1565 4099 inminuta

198 4137 327 4200 fragmina
348 4135 422 4185 caedi
440 4149 493 4185 nou
513 4145 601 4200 posset
618 4138 650 4187 ci.
668 4136 828 4187 Boetticheri
844 4136 944 4186 Tecti
959 4131 1017 4186 129.
1036 4145 1171 4202 praeterea
1190 4138 1257 4186 inter
1275 4152 1302 4186 se
1320 4139 1424 4187 minime
1443 4139 1564 4201 aequales

202 4231 261 4273 suut
278 4224 309 4273 ai.
328 4223 465 4273 Michaelis
476 4223 629 4274 Parthenon
648 4225 742 4290 explic.
763 4240 787 4287 p.
802 4219 859 4272 114.
880 4221 941 4272 alibi
955 4230 1040 4272 autem
1054 4225 1120 4274 uliae
1132 4225 1185 4274 fere
1199 4225 1364 4274 inveniuntur
1376 4226 1563 4290 proportiones.

272 4306 283 4338 ²
301 4306 320 4375 ψ
338 4305 391 4359 θθθ
411 4305 481 4377 βηλῷ
500 4305 541 4359 tro
559 4305 645 4379 λιθίῳ,
663 4329 676 4360 ν
692 4309 740 4362 107
760 4307 823 4360 ἱστοὶ
841 4303 928 4358 λίθεοι.

273 4394 284 4427 ²
302 4397 418 4447 Thaletis
437 4397 488 4446 iam
500 4397 635 4448 Aristoteli
657 4401 784 4462 genuinus
797 4397 883 4446 nullus
902 4397 1004 4446 libellus
1023 4400 1140 4461 cognitus
1159 4399 1236 4448 fuisso
1257 4399 1364 4461 videtur,
1383 4399 1563 4464 Theophrasto

200 4489 261 4537 item
272 4485 359 4536 nullus
373 4491 475 4550 praeter
486 4483 640 4534 eubditiram
653 4483 772 4552 ναυτικὴν
790 4479 958 4550 ἀστρολογίαν
976 4486 1007 4534 cs.
1020 4485 1100 4558 ljhys.
1113 4487 1183 4550 opin.
1203 4487 1233 4536 ir.
1250 4485 1271 4536 1.
1292 4489 1482 4538 Anaximandri
1501 4487 1565 4537 liber

200 4589 278 4637 quum
296 4589 368 4624 rarus
386 4572 463 4623 fuerit
480 4575 531 4622 iam
544 4573 783 4622 Alexandrinorum
802 4572 979 4635 temporibus,
998 4573 1058 4621 inde
1077 4573 1192 4636 colligas,
1211 4573 1281 4635 quod
1294 4575 1471 4638 Apollodorus
1490 4573 1563 4622 chro-

200 4663 318 4712 nicorum
336 4661 453 4724 scriptor,
472 4660 668 4711 Alexandrinae
687 4659 860 4709 bibliothecae
884 4662 973 4710 accola
991 4663 1018 4710 in
1037 4661 1109 4710 illum
1128 4667 1259 4724 tamquam
1280 4658 1380 4730 ἕρμαιον
1399 4677 1426 4710 se
1446 4661 1563 4710 incidisse

201 4743 524 4808 nathaert.112[oi.
544 4748 612 4798 Mus.
632 4747 716 4798 Rhen.
737 4749 829 4798 XXXI
849 4745 903 4812 24].

272 4831 284 4864 ⁴
302 4836 333 4885 ci.
352 4835 439 4884 Laert.
452 4835 477 4884 X
490 4832 524 4886 43
542 4833 563 4885 ei
582 4833 617 4902 μὴ
638 4831 722 4900 μίλλει
740 4849 777 4890 τις
796 4833 909 4892 καὶτοῖς
928 4831 1055 4904 μεγέθεσιν
1074 4831 1160 4892 ἁπλῶς
1179 4835 1212 4892 είς
1231 4835 1330 4904 ἄπειρον
1349 4833 1425 4892 αὐτὰς
1443 4835 1564 4898 (atomos)

202 4917 339 4988 terdobiato.
367 4922 438 4972 haud
463 4923 517 4972 scio
540 4937 574 4972 an
600 4927 719 4987 tepentes
743 4921 875 4985 quaedam
897 4923 1025 4989 imopinee
1052 4928 1192 4986 tantaeque
1215 4932 1242 4974 ιιι
1264 4923 1416 4973 uuiversum
1439 4921 1563 4976 muudum

203 5007 434 5076 coorpleetereotar
454 5007 520 5080 [Cic.
540 5011 571 5060 de
591 5010 662 5064 deor.
681 5017 734 5060 uat.
752 5010 767 5059 1
785 5007 820 5062 43
840 5010 887 5082 120]
905 5027 1018 5062 errorem
1037 5011 1152 5066 iecerint.
