3710 5730
342 389 382 452 12
632 394 644 442 l
680 394 729 442 DE
749 393 1018 443 PLUTARCHEAE
1038 391 1223 442 EPITOMES
1242 391 1414 442 MEMORIA

342 557 507 623 codicibus
530 561 677 625 Platonis
699 561 789 624 obliti
811 567 895 625 sunt.
938 559 1075 624 invieem
1105 559 1138 624 iu
1161 557 1287 624 Galerio
1316 561 1452 626 Platone
1480 563 1571 626 salvo
1599 561 1697 626 Stoiei

342 660 527 746 exularunt,
555 663 610 744 qui
634 683 746 746 parum
770 669 951 745 opportuno
973 663 1044 728 loeo
1068 667 1183 744 postea
1203 660 1306 726 additi
1328 669 1412 727 sunt.
1445 663 1594 728 nimirum
1616 683 1699 746 quae

342 762 479 844 margini
502 764 728 830 adscribuntur
750 770 848 828 notae
871 783 1028 830 erroneae
1050 782 1122 830 esse
1137 764 1252 830 solent.
1287 762 1373 845 quod
1388 764 1548 846 partieula
1562 768 1611 830 καὶ
1626 773 1699 848 post

343 863 467 928 Στωικοί
488 865 522 929 in
545 867 684 932 Eusebio
709 867 895 952 Oyrilloque
924 865 1069 932 abundat
1089 886 1164 930 num
1193 883 1232 930 ex
1254 865 1326 930 istie
1347 865 1449 931 turbis
1472 867 1698 950 explicandum

342 964 393 1049 sit,
414 968 534 1032 neseio.
579 975 720 1034 ueterum
749 967 877 1034 diffiteri
905 967 981 1032 nolo
1009 987 1107 1032 uuum
1134 968 1239 1032 loeum
1261 966 1295 1032 iu
1319 966 1441 1052 Cyrillo
1465 969 1608 1050 graviter
1630 969 1699 1036 sive

342 1075 527 1153 eerruptum
553 1070 622 1135 sive
646 1070 875 1154 interpolatum
898 1069 962 1152 legi
985 1070 1016 1134 11
1039 1071 1059 1135 4
1085 1079 1115 1131 12
1136 1068 1335 1153 Ἀριστοτέλης
1360 1072 1393 1133 τὸ
1420 1072 1476 1135 ὑπὸ
1499 1075 1551 1156 την
1575 1075 1697 1157 σελήνην

343 1171 429 1254 μέρος
450 1177 501 1236 τοῦ
524 1174 635 1254 κόσμου
657 1175 800 1256 παθητόν,
822 1174 852 1236 ἐν
875 1171 900 1258 ᾧ
924 1173 1029 1236 καὶτὰ
1051 1172 1178 1256 περίγεια
1200 1172 1409 1256 κηραίνεται.
1443 1174 1532 1238 verbi
1557 1174 1697 1240 raritas¹

343 1273 463 1358 effecit,
490 1283 524 1339 ut
551 1275 720 1359 perinepte
742 1277 905 1358 περαίνεται
926 1275 1097 1356 legeretur.
1141 1273 1199 1340 sed
1225 1272 1376 1340 librarius
1399 1275 1623 1361 potiusquam
1646 1297 1698 1343 ex·

342 1383 469 1458 eerptor
492 1377 671 1461 eulpandus
694 1377 830 1442 videtur.
1123 1361 1127 1372 ¹

427 1479 649 1545 Intelleximus
677 1487 831 1562 quantum
861 1500 901 1544 ex
928 1480 1101 1544 electorum
1125 1478 1289 1561 paueitate
1316 1481 1462 1545 eonoludi
1486 1489 1608 1566 potest,
1637 1483 1698 1567 Cy-

342 1580 503 1645 rilliauum
526 1582 709 1666 exemplum
730 1602 796 1646 non
819 1582 922 1646 solum
945 1581 1117 1647 vetustatis
1140 1580 1197 1646 sed
1218 1581 1316 1646 etiam
1331 1579 1485 1646 bonitatis
1507 1583 1605 1648 laude
1627 1604 1699 1648 eon·

342 1683 487 1766 spiouum
509 1703 590 1749 esse.
636 1703 697 1748 neo
720 1682 837 1747 mirum
868 1690 918 1749 est
939 1683 1159 1748 Alexandriae
1186 1682 1240 1765 qui
1262 1689 1460 1766 uersaretur,
1489 1684 1519 1750 ei
1542 1687 1697 1768 optimum

343 1804 501 1868 quemque
527 1785 643 1850 librum
671 1805 750 1869 prae
776 1785 923 1850 manibus
952 1785 1061 1851 fuisse.
1094 1805 1169 1850 nam
1198 1785 1257 1850 etsi
1280 1784 1434 1868 pristinus
1455 1785 1698 1854 Alexandrinae

253 1875 257 1882 ’
342 1887 474 1952 subolae
495 1886 555 1952 flos
578 1887 703 1971 pridem
725 1887 868 1971 iaeebat,
899 1895 1007 1953 tamen
1029 1908 1071 1954 ne
1092 1895 1159 1952 tum
1182 1887 1311 1970 quidem
1335 1885 1468 1972 Serapei
1492 1888 1697 1974 bibbotheea,

342 2008 427 2072 quae
448 1997 616 2073 supererat
639 2009 715 2074 una,
737 1989 875 2072 ingeniis
897 1991 1051 2074 papulum
1074 1990 1152 2054 dare
1175 1988 1327 2070 desierat,
1351 1989 1376 2052 si
1401 1989 1530 2072 quidem
1553 2011 1696 2056 museum

342 2091 374 2156 id
397 2091 550 2176 temperis
565 2090 711 2176 Hypatio
734 2092 872 2158 doeente
895 2092 1020 2176 stetit‚²
1042 2099 1155 2158 eontra
1177 2111 1273 2174 quam
1297 2091 1449 2158 videlieet
1471 2092 1541 2174 ipse
1557 2093 1698 2178 Gyrillus

341 2192 449 2259 lurore
465 2195 595 2260 minime
610 2193 786 2258 ehn‘stiano
802 2201 970 2276 grassatus
986 2203 1045 2261 est.
1067 2214 1172 2278 neque
1187 2195 1288 2260 multo
1304 2201 1378 2276 post
1389 2194 1531 2258 maxima
1542 2194 1696 2262 librorum

342 2316 419 2380 pars
444 2315 466 2362 a
491 2295 674 2361 Theodosio
697 2296 729 2360 H
752 2295 877 2380 Opolim
905 2303 1093 2362 transveota
1116 2316 1188 2362 esse
1215 2295 1342 2361 videtur
1369 2293 1419 2381 [of.
1444 2295 1587 2382 Parthey
1617 2319 1697 2365 mus.

341 2397 434 2463 Alex.
457 2419 488 2481 p.
505 2395 588 2484 103].

430 2497 543 2583 (lyrilli
574 2501 723 2583 exemplo
745 2499 910 2566 consimile
939 2499 998 2564 fuit
1023 2499 1103 2564 illud
1132 2501 1216 2566 unde
1244 2499 1383 2566 Galeri
1411 2519 1494 2584 quae
1515 2500 1699 2568 inseribitur

343 2600 477 2666 historia
497 2602 692 2686 philosopha
714 2602 886 2667 maximam
908 2609 1034 2686 partem
1056 2610 1209 2686 exeerpta
1237 2609 1295 2667 est.
1340 2601 1382 2667 de
1404 2623 1467 2685 quo
1490 2603 1600 2670 libello
1623 2627 1698 2689 quo-

340 2706 427 2769 uiam
456 2704 542 2768 iuba
568 2704 712 2788 pluribus
740 2704 960 2788 disputaturus
987 2724 1072 2786 sum,
1100 2704 1173 2768 huie
1202 2705 1272 2770 loeo
1300 2705 1484 2789 appositum
1513 2705 1596 2772 duee
1622 2708 1698 2790 quid

339 2809 381 2872 ad
408 2807 615 2871 Plutarebum
642 2807 759 2871 afferat
786 2805 934 2871 utilitatis
961 2805 1102 2871 breviter
1134 2806 1287 2872 iudieare.
1338 2807 1511 2872 dolendum
1542 2827 1622 2872 sane
1648 2817 1698 2874 est

340 2909 412 2974 libri
434 2908 653 2974 eondieionem
682 2915 747 2973 tam
777 2927 850 2972 esse
877 2907 1093 2990 desperatam·
1110 2916 1145 2973 ut
1171 2908 1269 2974 etiam
1298 2907 1490 2974 Plutareheo
1518 2909 1697 2995 archetypo

340 3017 528 3096 comparato
551 3010 638 3075 haud
660 3010 761 3075 semel
775 3009 874 3092 plane
889 3008 1030 3076 incertus
1045 3011 1193 3096 haereas,
1215 3011 1292 3094 quid
1314 3012 1375 3077 sibi
1397 3010 1476 3078 velit
1497 3012 1697 3095 eompilator.

339 3114 428 3180 euius
451 3113 578 3196 generis
600 3110 834 3196 lepidissimum
862 3111 923 3176 hoe
950 3110 1008 3176 tibi
1030 3131 1203 3197 suggeram
1226 3115 1424 3198 exemplum,
1453 3133 1480 3177 ο.
1498 3113 1559 3178 133
1579 3113 1697 3198 ’Auuln-

340 3219 444 3299 πιάδης
467 3216 499 3279 ὃέ
521 3237 592 3300 φησι
614 3216 680 3283 τοὺς
703 3213 847 3282 Αἰθίοπας
863 3215 954 3297 λέγειν
975 3221 1065 3300 γηρᾶν
1089 3219 1136 3279 καὶ
1159 3217 1207 3280 διὰ
1227 3219 1260 3279 τὸ
1276 3217 1422 3301 ψύχεσθαι
1444 3216 1480 3280 τὰ
1503 3219 1626 3298 σώματα
1641 3218 1697 3280 ὑπὸ

340 3323 391 3381 τοῦ
408 3317 490 3401 ἡλίου
514 3319 747 3402 διαφλεμίμενον.
780 3315 826 3380 sie
847 3315 987 3382 absurde
1010 3317 1146 3384 eodiees.
1181 3319 1355 3384 Plutareho
1375 3319 1494 3382 vedu
1518 3317 1643 3383 adseito
1665 3317 1697 3382 id

344 3420 451 3484 statim
475 3425 612 3504 apparet
633 3417 741 3484 verbis
764 3420 811 3482 καὶ
835 3419 882 3482 διὰ
903 3421 936 3483 τὸ
959 3421 1105 3504 ψύχεσθαι
1128 3441 1168 3486 ex
1191 3420 1342 3486 inferiore
1364 3439 1460 3486 uersu
1483 3420 1625 3486 traiectis
1647 3441 1699 3502 ge

339 3521 438 3586 nuina
461 3523 562 3585 διὰτὸ
586 3521 865 3606 ὑπερθερμαίνεσθαι
887 3528 964 3586 ante
987 3525 1109 3604 σώματα
1131 3522 1268 3604 expulsa
1291 3541 1371 3588 esse.
1417 3521 1562 3587 sedium
1589 3521 1699 3605 priora

340 3623 450 3689 confer·
467 3623 681 3708 Ἀσκληπιάδης
703 3627 774 3709 φησὶ
796 3625 911 3709 ταχέως
933 3628 1085 3709 γηράσκειν
1108 3623 1165 3687 ἔτει
1180 3631 1352 3710 τριακοστῷ.
1375 3624 1442 3689 sein
1458 3622 1605 3688 divinare
1622 3623 1698 3706 quid

339 3727 371 3790 iu
399 3728 490 3808 λέγειν
516 3725 638 3791 lateat?
678 3745 795 3810 nempe
814 3715 840 3790 λ
856 3726 928 3802 ἔτει,
955 3727 1041 3811 quod
1068 3725 1233 3792 librarium
1259 3725 1319 3791 sub
1346 3725 1441 3790 finem
1470 3725 1543 3790 libri
1565 3745 1699 3809 prorsus

340 3828 540 3912 eonsopitum
568 3827 602 3892 in
631 3847 773 3893 errorem
802 3827 928 3892 induxit
950 3829 1046 3911 lenge
1072 3827 1316 3912 ineptissimum.
1352 3834 1494 3894 ueterum
1516 3825 1614 3892 etiam
1637 3825 1699 3910 By-

340 3931 462 3996 zantini
488 3951 529 3996 ex
552 3929 747 3996 Plutareheo
770 3928 827 3994 ἔτει
850 3917 877 3993 λ
889 3932 974 3996 male
995 3931 1141 3996 leserunt
1161 3928 1213 4014 ἔτη
1235 3929 1421 4014 optimumst
1465 3928 1523 3994 sed
1545 3933 1698 4011 superato

413 4103 418 4132 ¹
439 4115 506 4155 recte
529 4106 642 4169 explieat
667 4105 747 4154 schol.
771 4106 902 4155 Plutarch.
927 4107 984 4156 eod.
1008 4107 1030 4155 B
1053 4103 1128 4172 ἤγουν
1151 4101 1279 4154 ὑπόκειται
1298 4101 1446 4172 μεταβολαῖς
1470 4100 1513 4152 καλ
1536 4097 1648 4168 φθοραῖς,
1668 4103 1698 4152 ol.

341 4195 470 4244 Critolaus
495 4208 535 4258 ap.
555 4191 716 4254 [Philonem]
740 4193 772 4240 de
797 4195 883 4242 mund.
903 4197 997 4243 incorr,
1016 4210 1040 4256 p.
1055 4192 1106 4243 496
1116 4193 1153 4242 Μ.
1173 4191 1297 4258 ἀμέτοχον
1315 4195 1402 4258 κηρῶν
1421 4187 1458 4247 αἷς
1476 4187 1505 4240 τὸ
1524 4187 1638 4256 γεννητὸν
1656 4187 1700 4238 καὶ

340 4277 450 4348 φθαρτὸν
473 4283 522 4330 πᾶν
544 4277 709 4336 συνέζευκται.
743 4277 921 4342 [Aristoteles]
949 4281 980 4327 de
1006 4279 1101 4327 mundo
1125 4277 1175 4328 αθ
1198 4274 1308 4342 μθθθθ
1327 4277 1358 4328 31
1384 4277 1447 4343 μετὰ
1474 4273 1500 4326 δὲ
1523 4273 1569 4342 τὴν
1592 4271 1700 4342 αἰθέριον

339 4368 382 4418 καὶ
406 4363 474 4418 θείαν
502 4363 573 4434 φύσιν
591 4403 598 4415 .
616 4401 648 4415 ..
672 4366 776 4434 συνεχής
801 4365 865 4417 ίστιν
892 4365 908 4433 η
932 4361 963 4415 δι’
990 4361 1057 4415 ὅλων
1085 4361 1187 4432 παθητὴ
1211 4381 1238 4414 τι
1339 4363 1383 4414 καὶ
1410 4361 1573 4430 ἑτιίκηρος.
1607 4363 1699 4412 Plaeit

339 4453 440 4506 1130u
462 4449 630 4522 Ἀριστοτέλης
653 4451 689 4519 μὴ
712 4450 772 4502 εἶναι
795 4450 873 4520 adripe
901 4449 1030 4519 [σελήνης]
1053 4449 1180 4520 ἀκήρατον
1207 4448 1236 4501 τὸ
1264 4446 1395 4518 σθηκριμα.
1431 4451 1517 4500 Aleiu.
1541 4451 1604 4512 leeg.
1630 4465 1651 4499 ο.
1668 4447 1699 4499 12

340 4539 384 4592 ἅτε
403 4538 471 4608 αὐτῷ
490 4539 608 4606 [mundo]
632 4537 735 4607 μηδενὸς
759 4537 901 4606 προσιόντος
925 4541 970 4590 τοῦ
993 4537 1154 4606 κηραίνειν
1178 4538 1325 4605 πεφυκότος.
1351 4553 1439 4589 roeem
1463 4535 1582 4604 ίαίκηρος
1604 4541 1700 4601 prlmus

339 4630 435 4680 dixerit
454 4631 576 4694 Hippoer.
596 4630 628 4678 de
647 4628 728 4676 morb.
748 4629 833 4676 comit.
853 4628 892 4676 Vl
906 4624 958 4679 326
977 4628 1051 4677 Littr.

411 4713 421 4746 '²
440 4718 471 4767 οί.
491 4717 599 4767 Ηυαλο
617 4715 714 4765 Philol.
734 4715 785 4764 XV
804 4712 856 4766 445
875 4723 900 4765 et
918 4711 978 4765 474.

412 4802 422 4834 ³
446 4804 609 4853 librariorum
633 4805 659 4852 in
683 4802 824 4852 scribendis
850 4803 962 4852 numeris
987 4803 1114 4865 pigritiam
1138 4804 1188 4852 iam
1212 4801 1327 4853 Galenus
1349 4803 1449 4852 taxavit
1471 4799 1550 4851 xvn
1571 4799 1581 4849 l
1608 4815 1633 4863 p.
1647 4796 1699 4851 633

340 4889 411 4946 ἐνίοις
435 4886 461 4940 δὲ
485 4889 633 4955 [exemplis]
661 4875 687 4939 A
708 4887 863 4955 πρόσκειται,
882 4888 947 4938 κατά
966 4904 1020 4938 τινα
1038 4884 1062 4937 δ’
1084 4884 1138 4939 ἀντ’
1160 4885 1237 4938 αὐτοῦ
1255 4885 1390 4953 γέγραπται
1408 4891 1546 4954 πρῶτος,
1569 4883 1595 4936 ἐν
1617 4881 1700 4940 ἀλλοις

340 4974 366 5028 dl
384 4975 492 5044 πρώτη
512 4977 544 5026 ef.
563 4977 628 5027 XIV
648 4993 672 5041 p.
686 4974 728 5027 θλ.
