3708 5738
532 332 796 384 reserrentur.
808 333 858 383 nn
879 332 1050 386 sensrsns
1069 329 1202 396 ιιι-τυ
1346 407 1351 418 ,
1487 331 1550 396 519

235 507 407 589 περιφεροῦς
427 503 475 567 καί
492 501 571 572 ὀξέος
586 503 634 566 καὶ
649 505 708 566 τῶν
724 503 843 564 λοιπῶν.
881 500 915 565 οῦ
931 499 957 564 δ’
979 500 1014 564 ἀν
1034 501 1088 583 ἐνῇ
1110 503 1252 579 πλεῖστον,
1274 507 1360 566 τοῦτο
1376 504 1500 586 μαλιστα

235 606 377 692 ἐνισχύειν
400 606 472 689 πρός
494 629 525 668 τε
547 606 599 690 τὴν
622 605 758 688 αἴσθησιν
780 604 828 668 καὶ
850 604 903 689 τὴν
926 603 1054 686 δύναμιν.
1093 601 1135 666 ἔτι
1157 604 1189 667 δὲ
1211 605 1252 675 εἰς
1274 606 1376 669 ὁποίαν
1392 603 1448 676 ἕξιν
1465 605 1499 670 ἀν

237 708 371 792 εἰσέλθη,
392 709 537 794 διαφέρειν
561 707 641 792 [γὰρ]
664 707 718 772 οῦκ
739 707 845 790 ὀλίγον.
889 707 937 770 καὶ
964 705 1012 770 διὰ
1032 710 1117 770 τοῦτο
1144 708 1177 770 τὸ
1200 707 1281 772 αὐτὸ·
1294 707 1428 772 τάναντία
1450 710 1499 773 καὶ

234 811 369 875 τάναντία
402 813 436 874 τὸ
470 811 541 876 αὐτὸ
568 809 663 880 πάθος
689 813 781 874 ποιεῖν
807 808 907 873 ἐνίοτε.
1062 809 1109 873 καὶ
1136 810 1200 893 περὶ
1230 809 1282 891 μὲν
1310 813 1368 874 τῦιν
1398 813 1498 896 χυλῶν
1516 821 1549 875 68

209 913 332 982 ιοῦτως
354 913 513 998 ἀφώρικεν·
543 911 649 976 ἄτοπον
679 911 706 976 δ’
734 911 769 976 ἀν
791 911 895 996 φανείη
918 915 1032 995 πρῶτον
1056 911 1107 993 μὲν
1130 913 1163 976 τὸ
1187 913 1228 995 μὴ
1251 913 1366 978 πάντων
1389 913 1499 996 όμοίως

234 1018 393 1081 ἀποδοῦναι
414 1015 466 1086 τὰς
488 1015 591 1094 αἰτίας,
614 1015 689 1079 ἀλλὰ
712 1015 785 1100 βαρὺ
810 1015 862 1096 μὲν
884 1014 933 1110 γαί
955 1018 1064 1100 κοῦφον
1087 1014 1134 1078 καί
1158 1015 1288 1098 μαλακόν
1311 1017 1359 1080 καὶ
1374 1019 1499 1102 σκληρὸν

235 1120 283 1182 καὶ
296 1117 413 1201 μεγέθει
436 1119 484 1184 καί
507 1119 676 1204 σμικρότητι
699 1117 748 1181 καί
770 1117 815 1201 τιγῦ
837 1117 922 1201 μοινῷ
944 1117 993 1182 καὶ
1015 1118 1128 1202 πυκνιγῖ,
1151 1116 1260 1201 θερμὸν
1276 1119 1371 1182 δὲκαὶ
1387 1121 1499 1205 ψυχρὸν

232 1221 280 1285 καὶ
302 1220 339 1284 τὰ
360 1219 435 1284 ἄλλα
457 1225 517 1290 τοῖς
538 1223 686 1306 σχήμασιν
702 1217 743 1282 *.
762 1217 861 1284 ἔπειτα
884 1219 987 1304 βαρέος
1010 1219 1062 1302 μὲν
1085 1219 1134 1282 καλ
1160 1219 1271 1305 κοόφου
1294 1221 1342 1284 καί
1370 1225 1497 1308 σκληροῦ

234 1323 281 1386 καί
306 1326 438 1405 μαλακοῦ
461 1322 531 1387 καθ’
560 1323 634 1386 αὑτά
656 1325 748 1386 ποιεῖν
771 1322 870 1407 φάσεις
892 1319 1029 1407 (μέγεθος
1052 1321 1104 1403 μὲν
1126 1321 1180 1406 γὰρ
1202 1323 1250 1386 καὶ
1274 1326 1430 1410 σμικρότης
1450 1327 1498 1390 καί

193 1452 216 1492 ιο
235 1427 267 1490 τὸ
291 1425 397 1488 πυκνὸν
420 1426 524 1490 καὶτὸ
547 1426 636 1508 μανὸν
659 1425 693 1490 οὐ
716 1427 787 1510 πρὸς
810 1423 908 1508 ἕτερόν
931 1421 1020 1508 ἐστι),
1048 1423 1157 1508 θερμὸν
1181 1424 1213 1486 δέ
1239 1427 1288 1490 καί
1315 1429 1427 1513 ψυχρὸν
1450 1429 1498 1492 καί

232 1530 268 1591 τά
295 1527 369 1592 ἀλλα
395 1528 467 1611 πρὸς
491 1529 544 1611 πλην
571 1527 717 1613 αἴσθησιν,
739 1527 787 1592 καὶ
809 1530 901 1590 ταῦτα
922 1527 1061 1595 πολλάκις
1081 1525 1211 1608 λέγοντα,
1234 1527 1306 1592 διότι
1328 1534 1379 1594 τοῦ
1405 1533 1498 1616 χυλοῦ

231 1632 264 1694 τὸ
288 1637 392 1716 σχῆμα
414 1629 603 1716 σφαιροειδές.
757 1631 833 1700 ὅλως
855 1629 888 1692 δέ
910 1627 1042 1711 μέγιστον
1065 1627 1228 1712 ἐναντίωμα
1250 1632 1298 1694 καὶ
1325 1633 1420 1696 κοινὸν
1447 1633 1494 1697 ἐπὶ
1514 1643 1547 1696 69

232 1735 362 1811 πάντων,
390 1732 453 1816 άμα
481 1733 533 1815 μὲν
561 1732 644 1816 πάθη
666 1739 757 1798 ποιεῖν
779 1739 832 1818 τῆς
854 1730 1037 1815 αἰσθήσεως,
1065 1731 1127 1812 ἅμα
1149 1731 1182 1794 δὲ
1203 1735 1263 1801 τοῖς
1285 1735 1419 1818 σχήμασι
1441 1737 1496 1800 διο

233 1836 330 1921 ρίζειν,
353 1836 450 1900 καὶτὸ
472 1835 543 1900 αὐτὸ
566 1836 720 1920 φαίνεσθαι
743 1841 802 1906 τοῖς
825 1836 877 1920 μὲν
893 1832 1006 1917 πικρόν,
1028 1837 1087 1902 τοῖς
1103 1833 1136 1896 δέ
1149 1835 1249 1916 γλυκό,
1270 1840 1330 1906 τοῖς
1345 1834 1370 1899 δ’
1391 1837 1497 1909 άλλως.

192 1964 215 2003 rs
233 1936 300 2001 οὔτε
322 1938 375 2023 γὰρ
391 1939 452 2002 οίόν
475 1937 532 2022 (τε)
553 1938 586 2000 τὸ
603 1943 706 2024 σχῆμα
721 1940 816 2028 πάθος
838 1936 910 2002 εἶναι
933 1934 1000 2000 οὔτε
1022 1935 1127 2000 ταύτὸν
1149 1941 1209 2008 τοῖς
1233 1939 1285 2020 μὲν
1307 1942 1497 2024 σφαιροειδές,

231 2045 291 2110 τοῖς
319 2039 345 2104 δ’
377 2040 482 2111 ἄλλως.
529 2041 639 2124 ἀνάγκη
667 2041 692 2105 δ’
725 2040 832 2126 [εἴπερ]
860 2039 945 2117 ἴσως,
972 2035 1053 2122 είπερ
1079 2043 1139 2108 τοῖς
1169 2039 1220 2122 μὲν
1247 2041 1351 2122 γλυκό,
1379 2047 1438 2114 τοῖς
1464 2046 1497 2108 δὲ

232 2143 343 2228 πικρόν,
365 2143 435 2208 οὐδὲ
457 2143 531 2206 κατὰ
552 2143 604 2214 τὰς
626 2144 769 2228 ἡμετέρας
792 2143 863 2214 ἕξεις
886 2141 1075 2226 μεταβαλλειν
1097 2141 1149 2211 τὰς
1172 2144 1294 2227 μορφάς.
1340 2147 1442 2216 ἁπλῶς
1464 2147 1497 2210 δὲ

231 2246 265 2308 τὸ
293 2246 344 2328 μὲν
372 2250 476 2330 σχῆμα
504 2243 573 2309 καθ’
601 2247 672 2312 αὑτό
702 2248 778 2328 ἐστι,
803 2247 837 2310 τὸ
866 2246 898 2308 δέ
925 2244 1013 2327 γλυκὺ
1037 2245 1085 2307 καὶ
1110 2245 1185 2314 όλιυς
1207 2247 1240 2309 τὸ
1262 2245 1403 2331 αἰσθητὸν
1426 2251 1498 2334 πρὸς

231 2346 302 2410 ἄλλο
325 2349 373 2412 καὶ
396 2347 426 2411 ἐν
449 2347 558 2426 ἄλλοις,
582 2348 622 2420 ὥς
644 2370 741 2435 φησιν.
786 2349 893 2414 ἄτοπον
916 2346 1019 2410 δὲκαὶ
1042 2348 1075 2410 τὸ
1097 2350 1184 2410 πᾶσιν
1207 2345 1303 2415 ἀίιοῦν
1325 2350 1414 2414 ταύτὸ
1433 2355 1497 2436 φαί-

189 2477 214 2517 eo
232 2449 332 2514 νεσθαι
354 2453 413 2514 τιῖιν
440 2450 537 2514 αὐτῶν
566 2450 786 2535 αἰσθανομένοις
812 2451 861 2516 καί
887 2450 997 2514 τούτων
1022 2450 1075 2533 τὴν
1105 2450 1245 2535 ἀλήθειαν
1273 2449 1418 2536 ἐλέγχειν,
1448 2456 1496 2519 καὶ

232 2556 323 2616 ταῦτα
345 2551 482 2638 εἰρηκότα
503 2554 641 2638 πρότερον
667 2556 701 2618 τὸ
727 2559 787 2624 τοῖς
814 2552 959 2636 ἀνομοίως
984 2551 1173 2636 διακειμένοις
1196 2551 1319 2635 ἀνόμοια
1341 2557 1496 2638 φαίνεσθαι

231 2655 279 2718 καὶ
295 2656 381 2718 πάλιν
395 2656 429 2718 τὸ
446 2655 540 2740 μηθὲν
556 2659 665 2739 μᾶλλον
681 2658 777 2744 ἕτερον
794 2657 894 2742 ἑτέρου
909 2657 1059 2740 τυγχάνειν
1074 2660 1127 2740 τῆς
1143 2655 1293 2738 ἀληθείας.
1415 2660 1493 2732 εἰκὸς
1512 2671 1547 2726 ’10

230 2759 284 2843 γάρ
312 2758 345 2821 τό
374 2757 484 2843 βέλτιον
511 2764 563 2823 τοῦ
588 2760 718 2845 χείρονος
748 2761 796 2825 καί
823 2761 856 2824 τὸ
884 2761 1009 2842 ὑγιαῖνον
1035 2763 1088 2822 τοῦ
1110 2760 1281 2843 κάμνοντος·
1309 2760 1384 2824 κατὰ
1409 2763 1495 2847 φῦσιν

229 2863 283 2946 γὰρ
306 2863 426 2944 μᾶλλον.
470 2859 512 2924 ἔτι
535 2863 568 2925 δὲ
590 2862 670 2948 είπερ
693 2865 734 2948 μὴ
758 2862 818 2928 ἔστι
840 2863 925 2950 φύσις
946 2866 1005 2926 τῶν
1033 2861 1184 2946 αἰσθητῶν
1211 2861 1259 2926 διὰ
1285 2861 1318 2924 τὸ
1347 2863 1388 2947 μὴ
1404 2865 1495 2930 ταῦτὰ

191 2991 216 3030 ιι
233 2967 304 3026 πᾶσι
319 2963 484 3047 φαίνεσθαι,
503 2966 592 3049 δῆλον
615 2969 655 3035 ὡς
678 2967 747 3031 οὐδὲ
768 2970 827 3030 τῶν
850 2965 936 3052 ζῴων
959 2964 1028 3028 οῦδὲ
1049 2969 1107 3028 τῶν
1130 2963 1225 3028 ἄλλων
1241 2965 1402 3047 σωμάτιον·
1424 2968 1493 3034 οὐδὲ

231 3067 285 3150 γάρ
308 3067 503 3150 περὶτούτων
527 3066 706 3148 όμοδυΕοῦσι.
746 3070 839 3134 καίτοι
862 3068 887 3132 εἰ
910 3068 951 3152 μὴ
974 3068 1023 3131 καὶ
1046 3068 1094 3132 διὰ
1116 3071 1174 3130 τῶν
1190 3065 1287 3130 αὐτῶν
1302 3068 1408 3151 γίνεται
1423 3075 1493 3136 πᾶσι

229 3171 262 3232 τὸ
290 3168 378 3252 γλυκῦ
407 3170 456 3232 καί
482 3170 516 3232 τὸ
543 3171 660 3256 πικρόν,
687 3169 750 3236 ἀλλ’
778 3173 797 3256 ἥ
821 3193 853 3254 γε
879 3170 1037 3256 φύσιςτοῦ
1060 3173 1164 3255 πικροῦ
1186 3170 1234 3233 καί
1257 3173 1309 3232 τοῦ
1330 3171 1450 3253 γλυκέος
1472 3175 1492 3258 ἡ

229 3272 304 3354 αὐτὴ
327 3271 458 3356 φαίνεται
480 3277 577 3337 πᾶσιν.
624 3274 694 3358 ὅπερ
716 3275 765 3340 καὶ
786 3274 873 3343 αὐτὸς
896 3273 931 3337 ἀν
960 3271 1065 3342 δόξειεν
1093 3273 1305 3357 ἐπιμαρτυρεῖν.
1350 3277 1414 3344 πῶς
1438 3275 1493 3360 γὰρ

231 3374 265 3439 ἀν
287 3375 320 3436 τὸ
343 3376 413 3458 ἡμῖν
435 3376 537 3460 πικρὸν
559 3376 657 3447 ἄλλοις
678 3377 714 3462 ἧν
736 3378 825 3460 γλυκὺ
847 3376 896 3441 καὶ
919 3377 1070 3461 στρυφνόν,
1100 3375 1125 3440 εἰ
1153 3376 1195 3458 μή
1222 3397 1264 3443 τις
1286 3374 1322 3459 ἦν
1346 3377 1492 3462 ὡρισμένη

1035 3541 1087 3548 .-.-

180 3633 192 3685 1
213 3629 290 3693 ὀξέως
308 3637 381 3700 pnF
402 3633 416 3703 Η
437 3633 467 3686 οίι
485 3633 508 3686 δ’
530 3653 568 3702 pr.
581 3638 614 3687 F=
629 3633 651 3686 ὦ
664 3633 687 3687 δ’
703 3639 725 3688 Ρ
739 3638 833 3688 seed:
887 3633 947 3693 ίσως
971 3631 1037 3704 εἰπερ
1061 3637 1118 3687 PF:
1143 3651 1209 3688 corr.
1232 3633 1386 3700 Stephanus.
1417 3631 1484 3705 είπιρ
1508 3635 1544 3696 ὡς

176 3737 241 3772 corr.
261 3726 385 3774 Wimrner
411 3720 425 3791 Η
450 3721 485 3774 ἰνι
511 3725 568 3774 PF:
592 3741 657 3776 corr.
676 3725 800 3775 Wimmer
821 3721 834 3790 Η
887 3721 952 3776 είπιν
971 3725 1108 3786 Wimmer,
1133 3725 1177 3787 qui
1195 3729 1254 3788 post
1271 3717 1359 3790 πικρὸν
1382 3741 1406 3774 ν.
1423 3723 1454 3776 17
1472 3726 1542 3776 iscu-

175 3806 190 3858 2
221 3805 250 3858 ἀν
278 3819 337 3874 post
362 3808 449 3862 ὁποίαν
475 3815 633 3877 transposuit
655 3813 756 3864 Usener
780 3807 793 3877 Η
818 3810 835 3863 3
888 3829 948 3864 nem
967 3814 1086 3876 signavit
1100 3813 1178 3862 immo
1197 3811 1331 3875 intellege:
1350 3809 1374 3860 si
1385 3809 1478 3876 ferma
1495 3829 1542 3863 υα·

175 3892 275 3964 είσίλθη
299 3913 350 3949 see.
374 3899 408 3949 F:
434 3893 541 3949 ιίσίλθοι
563 3901 584 3950 Ρ
610 3900 658 3964 (ρι.
681 3899 730 3961 Fi)
754 3895 768 3964 Η
788 3897 834 3967 γὰρ
887 3901 1005 3951 rietatem
1019 3897 1103 3966 fecit,
1129 3895 1180 3948 atis·
1202 3896 1281 3948 alites
1299 3897 1396 3949 sentire
1415 3914 1464 3948 αοιι
1479 3915 1541 3966 ροι-

173 3985 278 4035 seclusit
299 3984 454 4049 Schneider,
480 3988 524 4050 qui
542 3983 586 4036 καί
604 3988 678 4036 τοῦτο
705 3983 745 4036 διὰ
763 3987 833 4050 qnod
886 3993 948 4036 ιυιιι
972 3993 996 4036 ει
1015 3985 1039 4035 ιι·
1057 3985 1169 4036 maxime
1184 3991 1307 4049 possunt,
1326 3983 1438 4036 eundem
1456 3994 1542 4037 tamen

173 4071 269 4122 hebent
282 4073 341 4124 libri
353 4075 510 4138 transposuit
524 4067 538 4139 Η
559 4074 574 4126 6
588 4069 650 4141 βαρὺ
662 4074 832 4140 Ρίιίἰίρρεοιιι
885 4071 988 4124 eosdem
998 4087 1097 4136 semper
1108 4080 1193 4123 tersere
1202 4086 1306 4122 sensum
1316 4087 1417 4123 neeesse
1431 4081 1468 4123 est
1480 4071 1492 4141 Η
1510 4074 1542 4127 18

172 4155 245 4226 δριμὺ
262 4160 307 4212 PF
329 4156 341 4226 Η
368 4160 384 4212 7
408 4158 560 4230 σκληρότητι
577 4161 635 4212 Pr:
659 4177 725 4212 corr.
749 4163 830 4214 Wim·
883 4157 912 4212 τὸ
925 4156 1073 4226 superstit
1090 4155 1102 4225 Η
1118 4159 1151 4212 19
1165 4157 1258 4210 ἄτοπον
1276 4161 1313 4211 sic
1326 4161 1370 4211 PF
1386 4156 1397 4226 Η
1413 4158 1447 4212 20
1459 4157 1541 4229 τοῦτιρ

172 4264 226 4297 mer
249 4249 281 4300 ei.
300 4266 324 4299 ν.
344 4247 359 4300 9
382 4243 394 4312 Η
415 4246 432 4300 8
451 4257 509 4313 post
527 4245 652 4316 σχήμασιν
669 4249 830 4300 intercidisse
884 4251 952 4300 coni.
971 4247 1057 4312 Gorsy
1078 4242 1091 4312 Η
1111 4245 1143 4298 21
1163 4243 1258 4304 τοῦτοις
1284 4245 1407 4314 ἀνομοίως
1429 4249 1464 4299 P:
1484 4244 1540 4298 τοῦ·

173 4335 237 4385 vidit
271 4335 414 4388 Schneider
445 4337 518 4386 velut
544 4333 654 4403 διορίζειν
686 4337 716 4386 ef.
749 4354 774 4387 ν.
798 4333 829 4387 13
881 4351 933 4392 τοις
962 4332 1086 4401 ἀνομοίοις
1111 4335 1146 4384 Fr
1176 4351 1241 4385 sorr.
1270 4337 1395 4386 Wimmer
1425 4330 1436 4398 Η
1466 4330 1540 4401 όμοια

173 4419 432 4488 p.516,19.520,11
455 4417 467 4488 Η
489 4421 522 4474 10
545 4417 647 4490 θερμῶν
671 4419 697 4473 δὲ
721 4420 765 4472 καί
783 4419 829 4490 ψυ-
881 4423 940 4474 PF:
964 4437 1028 4472 corr.
1049 4423 1135 4488 Coray
1157 4417 1169 4488 Η
1190 4419 1301 4489 φαίνεται
1319 4423 1377 4474 PF:
1397 4437 1461 4472 corr.
1480 4422 1538 4473 Ste-

175 4513 246 4577 χριῖιν
269 4507 313 4560 καί
335 4513 388 4560 τῶν
407 4506 490 4560 ἀλλων
508 4511 566 4562 PF:
590 4525 654 4560 corr.
674 4510 775 4560 Usener
793 4527 829 4560 se.
881 4509 981 4575 phetrus
1008 4505 1019 4574 Η
1048 4507 1082 4560 23
1107 4506 1135 4559 τὸ
1160 4505 1266 4576 ίιγιαῖνον
1290 4511 1335 4559 τοῦ
1359 4507 1536 4576 κάμνοντοςΡ

170 4599 247 4646 ποιιῖν
271 4591 284 4663 Η
315 4595 344 4648 ll
373 4599 456 4665 χυμοῦ
479 4599 536 4650 PFz
560 4613 626 4647 corr.
652 4597 794 4648 Schneider
815 4593 827 4664 Η
881 4599 992 4660 itemque
1010 4598 1046 4660 F,
1077 4596 1123 4646 sed
1146 4594 1189 4646 καὶ
1212 4593 1241 4646 τὸ
1260 4593 1290 4664 ίιγ
1313 4611 1417 4664 prorsus
1436 4597 1537 4646 oblitte-

173 4681 203 4735 12
232 4680 298 4741 όλυις
329 4685 429 4736 videtur
456 4702 488 4736 ex
516 4681 574 4742 όλος
602 4700 667 4735 corr.
699 4683 720 4734 F
752 4679 764 4748 Η
795 4683 828 4734 14
863 4675 937 4734 'rats
957 4679 969 4750 Η
990 4682 1023 4737 26
1043 4681 1086 4734 καί
1109 4681 1149 4733 διὰ
1171 4686 1223 4733 τῶν
1242 4679 1325 4733 αῦτῦιν
1344 4686 1365 4734 Ρ
1385 4683 1536 4746 itemqnsF

169 4766 253 4827 ἀλλοις
280 4773 337 4822 PF:
366 4775 466 4823 correxi
499 4774 530 4824 cf.
563 4789 588 4822 v.
607 4769 639 4825 16
670 4767 683 4837 Η
716 4769 747 4823 15
776 4767 827 4821 οίον
879 4773 925 4821 sed
944 4772 1080 4822 obliterata
1098 4767 1138 4822 όιά
1156 4773 1193 4820 τῶ
1209 4766 1222 4836 Η
1242 4767 1275 4820 tt
1294 4771 1339 4819 reis
1357 4778 1416 4820 ante
1432 4765 1534 4837 γλίικεος

169 4852 226 4908 οὔτε
251 4855 297 4924 γὰρ
327 4859 386 4909 PF:
419 4861 526 4909 correxi.
565 4855 614 4926 οῦχ
641 4855 691 4908 οἶόν
724 4874 751 4907 τε
779 4857 825 4924 γὰρ
878 4859 963 4909 Fsed
981 4860 1132 4910 evanidam:
1153 4872 1204 4908 om.
1223 4859 1244 4909 P
1260 4852 1272 4922 Η
1287 4855 1436 4914 θθπῶςΡι
1456 4859 1532 4910 obiit·

168 4945 310 4995 Schneider
331 4941 344 5010 Η
367 4946 398 4998 16
418 4941 500 5004 ἄλλως
519 4949 553 4996 P:
579 4941 701 5000 ἀλλοιςΡ
723 4941 735 5010 Η
757 4942 824 5014 εἰπερ
876 4946 1024 4997 terstan
