3708 5732
678 431 952 484 raouneounun
1429 436 1491 497 115

136 603 170 660 nt
187 597 241 662 rel
263 595 322 662 toti
342 595 493 661 versiculi
514 596 754 682 interciderent,
776 617 836 664 neo
858 599 1118 682 interpolationis
1140 600 1215 666 labe
1231 620 1354 666 carens.
1381 601 1491 666 hiatus
1528 617 1532 624 ·

134 698 308 782 ampliores
332 705 446 764 extant
467 700 541 782 §21
572 701 680 781 μᾶλλον
707 699 741 764 ἂν
768 699 916 766 αἴσθοιντο
942 706 1000 764 τῶν
1024 704 1138 785 ὀσμῶν,
1167 704 1306 785 quaein
1329 705 1354 768 P
1377 711 1492 787 postea

134 799 245 866 addita
267 807 341 865 sunt
362 807 396 866 et
417 801 496 881 §80
516 799 592 864 ἔστιν
616 803 685 885 apso
708 803 754 880 δὲ,
780 803 977 887 interpolata
998 809 1073 868 sunt
1094 805 1169 884 §70
1188 807 1222 868 τὸ
1245 808 1352 888 κάμνον
1375 813 1426 870 τοῦ
1449 811 1491 892 μὴ

134 905 290 986 κάμνοντος
304 923 363 986 pro
378 905 412 967 τὸ
427 905 552 986 ὑγιαῖνον
567 908 619 968 τοῶ
635 906 801 988 κάμνοντος,
817 909 837 992 ᾖ
852 907 895 971 80
909 907 1026 989 ὁμοίους
1040 926 1099 989 pro
1121 909 1189 977 τοὺς
1210 909 1325 992 πόρους.
1356 914 1492 992 utroque

135 1007 322 1072 mendorum
344 1025 463 1089 genere
484 1007 570 1072 idem
596 1007 687 1072 locus
712 1007 746 1072 in
774 1008 930 1092 proximis
955 1009 1088 1074 vitiatus
1117 1009 1214 1080 εὐθεῖς
1240 1013 1400 1095 κεκτῆσθαι
1425 1014 1492 1082 τοὺς

134 1110 250 1194 πόρους,
273 1129 331 1193 pro
353 1109 469 1192 quibus
491 1129 532 1174 ex
550 1108 743 1174 Prostituta
764 1117 839 1176 sunt
861 1111 957 1181 sehet<
979 1110 1050 1175 strat
1073 1117 1132 1175 τῶν
1154 1116 1265 1176 λευκῶν
1287 1115 1354 1183 τοὺς
1375 1116 1490 1199 πόρους.

133 1211 248 1294 iugens
275 1219 325 1278 est
353 1212 547 1276 minutorum
576 1210 727 1276 vitiorum
755 1231 872 1298 genus,
902 1211 1018 1297 quibus
1044 1213 1070 1277 F
1098 1215 1187 1281 velut
1216 1215 1374 1282 obductus
1401 1223 1460 1282 cst.
1483 1217 1491 1248 ¹

137 1313 245 1378 omnia
266 1313 348 1380 haec
366 1313 514 1379 Parisino
537 1331 557 1377 a
580 1313 751 1380 Brandisio
773 1333 908 1380 excusso
931 1321 988 1382 ant
1009 1323 1154 1382 correcta
1176 1317 1297 1382 autad
1318 1319 1492 1399 genuinam

134 1413 273 1480 formam
295 1416 429 1500 propius
450 1415 592 1480 adducta
613 1421 697 1480 sunt.
731 1416 957 1499 supplementa
979 1417 1118 1483 Parisini
1140 1419 1264 1484 maiora
1278 1419 1416 1501 margini
1438 1421 1493 1485 ad-

133 1519 255 1603 scripta
277 1525 310 1584 et
331 1517 524 1586 emendatae
546 1517 705 1583 lectiones
726 1517 810 1583 inter
831 1519 1008 1585 versiculos
1030 1519 1163 1586 additae
1184 1543 1261 1586 num
1275 1521 1380 1605 prima
1395 1541 1493 1588 manu

134 1627 189 1684 aut
212 1621 315 1704 paulo
332 1627 448 1704 postea
470 1620 590 1703 scripta
612 1625 721 1685 essent
742 1639 808 1684 non
837 1619 1025 1688 diiudicarit
1046 1622 1246 1688 Braudisius.
1290 1624 1348 1689 sed
1370 1625 1492 1708 petitas

134 1730 209 1787 sunt
230 1741 271 1788 ex
294 1721 416 1806 optimo
439 1722 520 1787 libro
543 1728 577 1787 et
597 1721 803 1805 incorruptae
824 1723 1007 1790 memoriae.
1042 1744 1120 1807 erge
1143 1725 1217 1790 huic
1232 1725 1334 1791 codici
1349 1733 1492 1793 nostram

132 1825 307 1891 editionem
331 1825 378 1891 ita
402 1824 673 1910 superstruimus
695 1831 730 1890 ut
751 1825 813 1890 nisi
835 1827 939 1893 coacti
961 1827 1004 1892 ab
1026 1827 1096 1894 eius
1118 1826 1181 1892 fide
1208 1847 1381 1912 numquam
1408 1850 1494 1896 rece-

133 1927 292 1994 daremus.

221 2029 385 2114 Quotquot
410 2038 541 2115 practer
563 2031 622 2096 PF
651 2031 801 2114 exempla
826 2031 860 2095 in
885 2029 1034 2095 notitiam
1060 2037 1203 2096 nostram
1225 2051 1359 2116 venere,
1385 2051 1426 2098 ca
1452 2053 1493 2098 ex

134 2133 297 2200 deteriore
319 2133 413 2199 nnius
428 2134 455 2198 F
471 2135 627 2200 memoria
648 2133 780 2199 tinxisse
803 2133 963 2198 videntur.
996 2153 1071 2198 narn
1094 2153 1165 2198 enm
1183 2132 1278 2198 huius
1297 2133 1370 2200 libri
1387 2136 1493 2200 scriba

133 2237 238 2300 multa
268 2235 427 2302 omisisset
457 2235 641 2319 omissaque
668 2236 805 2318 margini
838 2235 908 2320 ipse
940 2233 1179 2319 adscripsissct,
1210 2254 1285 2300 mox
1318 2235 1493 2318 legentium

134 2337 285 2403 manibus
315 2357 394 2404 orae
419 2338 467 2404 ita
494 2337 632 2404 detdlae
660 2344 748 2422 sunt,
776 2357 862 2403 nunc
888 2343 924 2402 ut
949 2355 1072 2401 summo
1103 2337 1267 2402 oculorum
1294 2337 1406 2404 labore
1427 2359 1493 2404 non

133 2441 226 2504 nulla
248 2439 304 2506 rix
325 2459 365 2505 ac
386 2460 428 2506 ue
450 2439 505 2506 vix
527 2439 657 2522 quidam
679 2439 743 2522 legi
765 2439 898 2523 possint.
937 2457 1044 2520 nsque
1064 2439 1160 2521 plura
1181 2437 1332 2504 librarius
1354 2439 1494 2524 exempli

133 2541 221 2606 illius
246 2540 411 2625 perspexit
431 2541 518 2607 unde
541 2547 574 2606 et
603 2539 768 2608 Oamotii
795 2542 912 2606 codex
939 2546 971 2606 et
993 2539 1204 2604 Vossianus
1234 2559 1370 2623 graecum
1392 2540 1429 2618 Q.
1452 2543 1491 2607 51

132 2642 304 2709 derivandi
326 2649 409 2707 sunt.
443 2643 496 2709 hic
518 2641 709 2709 chartaceus
730 2663 755 2708 s.
771 2642 849 2707 XVI
871 2641 1009 2726 scriptus
1024 2640 1167 2707 continet
1183 2642 1399 2727 Theophrasti
1420 2643 1492 2709 libr.

132 2745 174 2812 de
196 2765 306 2829 censu²
329 2745 371 2811 de
386 2745 471 2829 igne,
493 2745 624 2812 Aristot.
641 2745 877 2830 physiognom,
900 2751 968 2809 tum
983 2742 1319 2828 epistolographorum
1335 2745 1493 2830 syllogen.

132 2847 306 2930 insignitus
336 2853 385 2914 est
417 2847 504 2912 intus
531 2849 711 2911 Alexander
743 2849 833 2911 Pauli
861 2849 944 2931 filias
976 2848 1119 2910 Pelusiae
1151 2857 1278 2911 recator
1308 2849 1497 2912 Pariaiecais

133 2969 222 3014 cano
244 2951 332 3014 1647.
376 2949 428 3015 hic
454 2949 557 3016 codex
584 2969 655 3015 cum
682 2948 876 3015 Oamotiana
906 2955 1057 3016 accurate
1083 2947 1224 3015 concinit
1248 2948 1311 3014 nisi
1333 2951 1419 3032 quod
1440 2951 1497 3015 im·

133 3051 286 3117 manibus
308 3050 498 3136 typothetae
520 3049 682 3117 erroribus
704 3057 803 3135 caret,
825 3051 880 3134 qui
898 3051 1034 3118 vitiatae
1049 3050 1205 3117 memoria
1219 3057 1254 3115 ut
1269 3052 1415 3118 cumulus
1430 3052 1497 3117 illic

131 3161 210 3220 sunt
232 3152 346 3220 additi.
388 3152 540 3218 Vossiaui
562 3151 738 3237 praecipua
759 3152 978 3237 discrepantia
1007 3153 1041 3218 iu
1064 3151 1339 3218 Schneideriauae
1365 3155 1431 3219 vol.
1452 3155 1498 3237 LV

131 3277 164 3340 p.
179 3257 248 3322 515
259 3275 328 3338 sqq.
362 3261 495 3321 cucata
524 3261 590 3337 est,
620 3253 692 3338 ipse
718 3255 834 3321 librum
863 3254 989 3338 inspexi
1017 3255 1238 3336 Hamburgum
1267 3273 1289 3318 a
1317 3253 1499 3340 Lcydsusis

131 3357 353 3425 bibliothecae
381 3357 546 3441 praelecto
574 3356 693 3423 eximia
714 3356 910 3424 liberalitate
932 3357 1165 3422 transmissum.
1188 3347 1191 3355 ’
1211 3355 1286 3421 hinc
1307 3355 1405 3438 igitur
1426 3377 1498 3424 cnm

131 3459 303 3542 utriusque
324 3479 391 3524 non
412 3461 516 3525 solnm
537 3459 571 3524 irr
592 3459 795 3542 gravioribus
821 3459 880 3526 sed
906 3458 1004 3524 etiam
1032 3458 1066 3522 in
1089 3457 1231 3523 minutiis
1254 3458 1499 3524 consensionem

132 3562 344 3628 observarem
371 3563 461 3628 velut
490 3564 598 3626 ἐπιδιὸν
627 3564 710 3646 §13
739 3583 798 3646 pro
825 3560 950 3626 ἐπεισιόν
973 3557 1031 3644 [sie
1054 3559 1112 3624 PF
1136 3558 1308 3642 exhibent,
1342 3558 1376 3624 in
1404 3561 1498 3626 Voss.

133 3671 252 3746 postea
266 3683 347 3729 corr.
363 3662 499 3750 ἐπειδιόν]
522 3671 555 3730 et
569 3663 730 3730 vocabula
749 3662 909 3744 utrimque
924 3661 1040 3726 eadem
1056 3679 1172 3726 manca
1193 3667 1228 3725 ut
1250 3659 1306 3739 §8
1329 3659 1376 3723 ἐπι
1405 3683 1499 3724 απειν

134 3764 170 3828 in
198 3765 310 3850 Voss,
337 3766 384 3829 ἐπι
412 3789 516 3829 marera
543 3765 577 3830 in
604 3765 729 3830 (lamet.
752 3764 825 3846 [PF
847 3764 1040 3845 tmnlcirrstv]
1068 3769 1125 3828 aut
1152 3761 1272 3828 omissa
1298 3762 1388 3828 velut
1419 3763 1500 3846 §19

133 3868 264 3946 ἐνόντος,
290 3868 377 3933 idem
400 3869 566 3951 exemplar
593 3873 762 3951 utrumque
784 3865 904 3932 adiisse
927 3867 1016 3932 clare
1039 3865 1200 3950 perspexi.
1245 3884 1306 3931 uec
1335 3865 1501 3931 obscurior

133 3969 233 4036 huius
242 3969 371 4036 videtur
382 3969 484 4054 origo,
495 3989 566 4035 cum
575 3969 785 4035 Laurentiani
796 3969 904 4051 imago
916 3967 949 4032 in
963 3967 1055 4050 peius
1068 3973 1103 4032 ut
1115 3966 1151 4031 fit
1162 3985 1259 4032 versa
1270 3986 1502 4050 usquequaque

134 4072 364 4155 adgnascatur.
413 4069 639 4138 concordantis
665 4071 844 4155 scripturae
875 4069 1072 4152 farraginem
1100 4067 1266 4134 effundere
1296 4070 1389 4154 nolo,
1418 4090 1502 4153 quae

135 4173 265 4240 etiarnsi
287 4193 413 4238 summa
434 4173 485 4257 sit,
513 4193 531 4240 e
558 4174 696 4256 gemello
723 4173 813 4241 lente
838 4189 990 4236 manasse
1016 4170 1152 4236 dicatur.
1196 4169 1255 4236 sed
1282 4177 1395 4253 specta
1424 4171 1502 4236 mihi

138 4275 299 4341 evanidos
325 4295 406 4358 quos
432 4276 499 4342 dixi
528 4274 739 4342 Laurentiani
766 4276 864 4340 locos.
909 4275 929 4352 ξ
949 4274 991 4336 66
1013 4271 1149 4356 praebet
1170 4272 1196 4337 P
1218 4274 1267 4335 τὸν
1291 4274 1323 4336 δὲ
1346 4275 1447 4357 πικρὸν
1469 4274 1503 4336 ἐκ

138 4383 251 4462 μικρῶν
273 4381 335 4442 κτλ.
368 4385 514 4445 notatum
536 4377 570 4444 in
585 4377 648 4442 Fa
670 4373 840 4440 Brundisio
857 4373 868 4406 ¹
888 4375 938 4438 τὸν
960 4375 993 4436 δὲ
1014 4374 1085 4455 rum
1110 4374 1144 4437 ἐκ
1166 4378 1276 4457 μικρῶν
1312 4373 1503 4440 oblitteratis

138 4485 294 4561 quattuor
313 4479 439 4545 litteris.
472 4485 598 4546 tantum
620 4478 676 4544 ille
699 4476 801 4542 oculis
823 4475 955 4543 intentis
976 4475 1111 4558 legerat.
1146 4474 1224 4558 quid
1246 4473 1316 4539 illi?
1339 4474 1504 4542 Camotius

214 4737 222 4769 ¹
241 4742 333 4790 mirum
354 4747 394 4789 est
416 4739 538 4801 aequales
559 4735 639 4786 libros
665 4750 697 4785 ex
721 4733 813 4784 ecdem
837 4734 978 4799 exemplari
1000 4743 1052 4784 tam
1077 4733 1178 4784 diverse
1201 4735 1370 4798 murcrlptcs
1389 4746 1459 4793 asse,
1478 4739 1505 4780 ut

140 4841 204 4875 num
221 4825 321 4876 FexP
340 4827 407 4876 male
426 4825 566 4888 descriptus
584 4825 618 4872 sit
635 4822 705 4872 haud
723 4823 816 4871 imrtra
834 4823 961 4886 quispiam
979 4829 1094 4884 quaerat.
1122 4821 1168 4870 sad
1187 4819 1221 4869 ad
1241 4819 1307 4868 hauc
1326 4819 1505 4882 quaestionem

139 4912 294 4962 solvendam
311 4914 427 4962 neutrius
445 4911 617 4974 discrepantia
635 4910 696 4958 satis
715 4917 834 4958 accurate
854 4915 954 4957 etcum
973 4909 1116 4972 pulvisculo
1135 4915 1164 4956 ut
1181 4907 1254 4956 aiunt
1271 4919 1382 4956 excussa
1400 4911 1445 4953 eat.

214 4995 224 5028 ²
243 5001 286 5061 qui
304 4999 376 5050 addit
391 4991 445 5048 ‘die
464 4995 566 5048 areale
584 4995 667 5049 durch
691 4992 864 5047 Vernantes
883 4992 930 5046 der
949 4991 1051 5058 Sedu-Vt
1069 4985 1303 5139 maumam'ss*
