3648 5736
382 397 578 450 HIPPOLYTI
597 395 961 450 PHILOSOPHUMENON
980 395 1014 448 20
1023 407 1066 448 ετ
1086 393 1128 448 21.
1148 395 1181 446 22
1194 407 1234 445 ιι
1426 395 1486 460 571

173 566 312 638 νίζεσθαι.
465 563 549 636 οὖτος
576 565 628 647 μὲν
657 563 707 630 οὑν
734 566 765 630 ἐν
792 567 836 650 τῷ
866 565 981 649 Λυκείῳ
1008 565 1179 646 ποιούμενος
1209 565 1260 634 τὰς
1291 567 1471 650 διατριβάςῑ

174 669 356 753 ἐφιλοσόφει,
388 669 404 730 ό
432 666 465 728 δέ
491 665 613 753 Ζήνων
637 668 667 732 ἐν
689 669 728 751 πή
749 669 868 753 ποικίλῃ
890 669 973 752 στοᾷ.
1016 667 1175 752 ἐκτήσαντο
1198 668 1231 730 δὲ
1253 667 1280 730 οἱ
1304 669 1356 748 μὲν
1379 670 1438 732 ἀπδ

174 775 223 833 τοῦ
246 769 411 854 Ζήνωνος
444 769 503 833 ἀπδ
534 774 586 834 τοῦ
617 771 708 836 τόπου
740 772 774 834 τὸ
808 769 915 854 ὄνομα,
949 768 1026 834 τοῦτ’
1061 768 1139 833 ἔστιν
1169 770 1227 832 ἀπὸ
1257 774 1310 852 τῆς
1339 776 1437 846 στοᾶς,

174 872 325 938 Στωικοὶ
356 871 526 954 κληθέντες·
562 873 589 934 οἱ
622 872 656 934 δέ
688 873 747 936 ἀπδ
780 879 831 936 τοῦ
859 872 1131 957 Ἀριστοτέλους
1154 872 1222 935 ’ἀπὸ
1256 877 1307 936 τοῦ
1341 869 1435 956 έργου.

146 998 158 1034 ε
175 976 275 1059 ἐπειδή
298 975 353 1058 γάρ
368 977 589 1059 περιπατοῦντες
604 974 635 1037 ἐν
650 975 693 1060 τῷ
709 976 824 1060 Λυκείῳ
840 977 971 1062 ἐζήτουν,
994 976 1042 1039 διὰ
1057 979 1141 1038 τοῦτο
1160 973 1440 1058 Περιπατητικοὶ

174 1078 354 1162 ἐκλήθησαν.
399 1081 490 1140 ταῦτα
513 1078 565 1158 μὲν
588 1076 638 1142 οὑν
661 1079 709 1142 καὶ
732 1077 1025 1163 ύἈριστοτέλης.

260 1183 300 1246 21
339 1179 490 1244 Στωικοὶ
512 1179 561 1242 καὶ
582 1179 664 1244 αὑτοὶ
688 1183 739 1264 μὲν
762 1182 809 1245 ἐπὶ
832 1183 865 1245 τὸ
888 1184 1177 1265 συλλογιστικώτερον
1200 1181 1252 1264 τὴν
1267 1181 1439 1265 φιλοσοφίαν

174 1281 302 1365 ηὔξησαν
325 1283 373 1346 καὶ
396 1283 501 1366 σχεδὸν
524 1283 601 1365 ὅροις
624 1285 793 1370 περιέλαβον
816 1284 950 1367 ὁμόδοξοι
972 1285 1152 1366 γενόμενοιύ
1174 1307 1206 1346 τε
1226 1281 1439 1366 Χρύσιππος

175 1385 224 1448 καὶ
256 1383 397 1468 Ζήνων,
428 1384 455 1446 οἳ
483 1385 625 1450 ὑπέθεντο
653 1387 700 1450 καὶ
727 1387 809 1452 αὑτοὶ
835 1390 930 1473 ἀρχὴν
955 1388 1006 1470 μὲν
1030 1387 1097 1450 θεὸν
1124 1391 1182 1448 τῶν
1204 1387 1330 1460 πάντων,
1353 1388 1440 1466 σῶμα

139 1507 163 1546 ιο
182 1487 251 1551 όντα
272 1487 306 1549 τδ
329 1486 553 1570 καθαρώτατον,
581 1488 628 1552 διὰ
657 1490 772 1552 πάντων
801 1491 834 1553 δέ
861 1492 969 1576 διήκειν
995 1491 1047 1572 τήν
1078 1488 1214 1572 πρόνοιαν
1239 1488 1339 1552 αὑτοῦ.

217 1590 265 1653 καὶ
287 1589 370 1652 αὐτοὶ
393 1589 426 1652 δὲ
447 1590 481 1654 τδ
497 1589 565 1654 καθ’
586 1591 762 1675 εἱμαρμένην
777 1591 849 1656 εἶναι
864 1594 957 1658 πάντα
972 1592 1213 1678 διεβεβαιώσιιντο
1228 1589 1436 1674 παραδείγματι
1456 1596 1472 1650 2

176 1696 355 1778 χρησάμενοι
383 1692 523 1777 τοιούτῳ,
551 1695 595 1758 ότι
622 1695 721 1778 ὥσπερ
747 1696 898 1780 ὀχήματος
925 1697 976 1760 ἐὰν
999 1693 1021 1778 ή
1049 1693 1240 1778 ἐξῃρημένος
1268 1693 1361 1766 κύων,
1388 1691 1439 1754 ἐὰν

173 1798 224 1880 μὲν
254 1796 392 1881 βούληται
420 1794 559 1872 έπεσθοιι,
591 1797 639 1860 καὶ
668 1797 783 1861 ἕλκεται
806 1800 855 1862 καὶ
877 1799 993 1876 ἕπεται,
1015 1801 1107 1862 ποιῶν
1130 1797 1233 1860 καὶτὸ
1255 1795 1437 1864 αὐτεξούσιον

172 1899 245 1981 μετὰ
260 1903 313 1982 τῆς
327 1899 455 1980 ἀνάγκης
471 1897 544 1980 [οἷον
559 1903 612 1982 τῆς
627 1900 830 1984 εἷμαρμίνης]·
855 1900 905 1964 ἐὰν
921 1902 954 1964 δὲ
970 1901 1010 1984 μὴ
1024 1899 1161 1986 βούληται
1177 1899 1311 1974 έπεσθαι,
1325 1899 1440 1966 πάντως

134 2022 158 2060 ιε
176 2001 443 2085 ἀναγκασθήσεται·
472 2000 506 2063 τδ
533 2001 604 2065 αύτδ
632 2004 726 2086 δήπου
754 2004 801 2066 καὶ
829 2003 876 2066 ἐπὶ
906 2003 1167 2085 τῶνάνθρώπων·
1191 2003 1246 2066 καὶ
1270 2003 1310 2090 μή
1338 2001 1438 2086 βουλό·

175 2128 254 2186 μενοι
276 2103 330 2188 γὰρ
353 2103 525 2168 ἀκολουθεῖν
548 2104 818 2187 ἀναγκασθήσονται
840 2107 955 2174 πάντως
977 2105 1018 2174 εἰς
1032 2107 1065 2168 τὸ
1081 2104 1270 2188 πεπρωμένον
1286 2105 1438 2168 εἰσελθεῖν.

214 2209 266 2290 τὴν
299 2208 332 2270 δὲ
367 2207 464 2292 ψυχὴν
497 2205 627 2287 λέγουσιν
661 2207 806 2272 ἀθάνατον
837 2207 925 2284 εἶναι,
960 2213 1047 2290 σῶμα
1077 2208 1119 2286 δέ,
1150 2207 1197 2272 καὶ
1233 2207 1367 2290 γενέσθαι
1404 2207 1473 2270 ἐκ3

173 2317 225 2394 τῆς
247 2309 424 2395 περιψύξεως
446 2312 497 2372 τού
520 2309 605 2392 ἀέρος
627 2313 678 2374 τοῦ
701 2311 896 2396 περιέχοντος,
918 2311 963 2374 διδ
987 2312 1034 2374 καὶ
1057 2311 1210 2374 καλεῖσθαι
1226 2314 1334 2397 ψυχήν.
1372 2313 1439 2393 όμο-

173 2417 288 2496 λογοῦσι
311 2415 344 2477 δὲ
366 2421 414 2477 καί
438 2413 697 2495 μετενσωμάτωσιν
719 2414 849 2495 γίνεσθαι
871 2415 1040 2498 ὡρισμένων
1063 2414 1159 2478 οὐσῶν
1181 2419 1239 2478 τῶν
1262 2417 1375 2498 ψυχῶν.

130 2536 154 2574 ευ
224 2517 433 2601 προσδέχονται
456 2515 490 2578 δέ
511 2515 675 2599 ἐκπύρωσιν
698 2514 819 2580 ἔσεσθαι
842 2518 890 2582 καὶ
912 2519 1053 2601 κάθαρσιν
1076 2522 1127 2580 τοῦ
1151 2518 1262 2598 κόσμου
1284 2515 1386 2579 τούτου
1409 2516 1436 2577 οί
1455 2523 1472 2574 4

175 2621 227 2700 μέν
249 2620 365 2696 παντός,
388 2621 415 2682 οἱ
438 2619 472 2682 δὲ
494 2618 609 2702 μέρους,
632 2617 680 2680 καὶ
703 2619 777 2682 κατὰ
799 2621 885 2704 μέρος
908 2622 941 2684 δὲ
963 2620 1050 2684 αὑτὸν
1074 2620 1269 2704 καθαίρεσθαι
1292 2619 1438 2702 λέγουσιν·

174 2723 223 2786 καὶ
251 2723 357 2806 σχεδὸν
384 2722 436 2806 τήν
464 2721 579 2805 φθοράν
607 2722 655 2784 καὶ
678 2723 730 2805 τὴν
752 2724 852 2808 έτέρου
874 2725 904 2794 ἐξ
926 2726 1017 2808 αὐτῆς
1039 2724 1148 2806 γένεσιν
1171 2723 1312 2808 κάθαρσιν
1336 2723 1439 2803 ὀνομά-

173 2830 279 2896 ζουσιν.
442 2826 565 2905 στύματα
591 2825 625 2888 δέ
652 2826 745 2890 πάντα
774 2826 915 2892 ὑπέθεντο
949 2828 997 2891 καὶ
1028 2831 1117 2908 σῶμα
1147 2825 1195 2890 διὰ
1225 2829 1361 2908 σώματος
1384 2823 1472 2904 μένό

174 2931 297 3012 χωρεῖν,
325 2927 400 2990 ἀλλὰ
415 2926 437 3009 †
453 2927 608 2991 ἀνάστασιν
636 2927 708 2992 εἶναι
736 2930 784 2994 καὶ
814 2929 1025 3014 πεπληρῶσθαι
1052 2931 1146 2993 πάντα
1175 2929 1223 2992 καὶ
1253 2928 1344 3012 μηδὲν
1367 2924 1440 2989 εῖναι

131 3052 159 3090 ιο.
173 3032 265 3096 κενόν.
309 3028 469 3092 ταῦτακαὶ
492 3030 520 3092 οί
543 3029 707 3096 Στωικοί.

258 3135 299 3198 22
340 3127 548 3214 Ἐπίκουρος
574 3133 607 3196 δὲ
629 3135 735 3218 σχεδόν
757 3133 886 3198 ἐναντίαν
913 3139 984 3200 πᾶσι
1012 3136 1097 3204 δόξαν
1124 3134 1221 3199 ἔθετο.
1265 3133 1359 3218 ἀρχὰς
1385 3132 1437 3213 μὲν

174 3243 231 3300 τῶν
255 3237 339 3300 ὅλων
355 3233 481 3299 ὑπέθετο
504 3235 631 3316 ἀτόμους
653 3237 701 3300 καὶ
724 3237 817 3313 κενόν,
839 3239 921 3302 κενδν
948 3240 1000 3320 μέν
1026 3239 1086 3302 οίον
1106 3238 1193 3302 τύπον
1209 3241 1267 3298 τῶν
1283 3235 1440 3317 ἐσομένων,

176 3339 303 3421 ἀτόμους
326 3339 359 3401 δὲ
380 3337 433 3420 τήν
450 3338 531 3420 ὑλην,
553 3337 583 3407 ἐξ
598 3339 634 3423 ἧς
648 3339 684 3403 τὰ
699 3341 802 3404 πάντα.
931 3341 964 3404 ἐκ
980 3342 1012 3404 δὲ
1026 3346 1085 3404 τῶν
1101 3341 1219 3422 ἀτόμων
1235 3337 1437 3402 συνελθουσῶν
1457 3343 1472 3396 2

127 3461 327 3470 .....-——-—-

126 3513 177 3563 ch
189 3506 373 3576 Ρτο1.ρ.246Η
386 3509 453 3577 ὑγάρ
464 3509 507 3560 καὶ
517 3512 540 3561 Τ
552 3507 565 3576 Η
577 3510 593 3562 7
603 3509 658 3578 πιρῖ
667 3514 784 3562 στωικῶν
835 3511 882 3580 τὴν
905 3510 1010 3581 σελήνην
1034 3511 1145 3579 λέγουσιν
1169 3508 1293 3564 ἀθάνατον
1319 3508 1392 3572 ιῖναι,
1416 3513 1491 3574 σῶμα

125 3598 280 3664 στρατοπεΒ
294 3594 307 3664 Η
321 3595 343 3648 οί
356 3595 382 3648 δέ
396 3597 490 3648 στοικοῑ
504 3593 551 3664 ΤΗ
564 3599 579 3651 9
592 3595 712 3650 ὑπέθεντο
723 3626 738 3632 -
750 3598 780 3649 11
835 3598 861 3651 δέ
879 3598 976 3668 λέγουσι
995 3595 1107 3668 γενέσθαι
1125 3600 1214 3652 (δεύει
1238 3597 1285 3666 τὴν
1303 3596 1330 3648 δέ
1348 3595 1433 3666 ψυχὴν
1451 3593 1490 3647 λέ-

123 3683 459 3753 διεβεβαιιύσαντοεάίυυοιιι
468 3685 504 3748 §3
515 3683 739 3752 διενίυνίιῦοάτΗ
751 3685 781 3737 10
833 3701 916 3754 γουσιν
929 3685 1038 3755 [λέγουσι
1051 3686 1096 3754 μέν
1109 3689 1142 3752 C]
1156 3683 1289 3750 ἀθάνατον,
1307 3684 1367 3737 εῖναι
1378 3682 1404 3736 δέ
1417 3689 1492 3750 σῶμα

123 3772 149 3824 δὲ
158 3772 230 3841 δίκην
243 3775 266 3823 Τ
282 3769 296 3838 Η
315 3773 344 3823 ll
358 3773 439 3822 πάντα
452 3775 487 3824 Τι
500 3772 532 3824 τά
545 3773 624 3824 πάντα
638 3775 697 3835 (om.
709 3772 780 3836 εἶναι)
833 3775 876 3825 καὶ
888 3770 1000 3841 γενέσθαι
1016 3777 1070 3827 BC.
1089 3773 1186 3842 λέγουσι
1205 3775 1285 3844 μένειν
1304 3773 1366 3841 μιτά
1384 3768 1491 3824 θάνατον

124 3863 212 3912 cedn:
236 3861 316 3927 πάντη
335 3860 356 3910 C
375 3861 453 3924 vulgo
473 3857 488 3926 Η
512 3858 543 3911 13
562 3857 663 3912 ίπισθιιι
681 3861 724 3914 καὶ
743 3860 778 3930 μὴ
831 3865 933 3928 Roeper
945 3861 957 3926 Η
973 3858 1490 3932 19anevampmow'rndemetem-

123 3945 222 3998 ἕλκεται
231 3946 273 3996 καὶ
285 3944 370 3996 ἕπεται
379 3945 447 3998 ῖκόιν
457 3946 501 3998 καὶ
513 3944 568 3999 κτλ.
582 3951 701 4013 Menage,
711 3949 779 3999 unde
831 3953 949 4016 psychosi
963 3953 1112 4004 Stoicorum
1125 3955 1155 4003 ef.
1169 3953 1201 4002 ειί
1216 3951 1345 4016 Ερίρδιιιι.
1360 3967 1383 4014 p.
1395 3947 1490 4010 587‚l9

123 4037 201 4098 vulgo
212 4033 279 4086 ίκὼν
289 4045 349 4086 ante
362 4039 441 4086 ποιῶν
452 4036 592 4099 legebatur.
602 4031 779 4100 Ιδοερετίκῶν
832 4047 857 4088 ει
878 4039 935 4091 Gal.
950 4042 983 4090 H.
996 4041 1039 4106 ph.
1058 4056 1080 4090 ο.
1095 4037 1128 4091 23
1146 4057 1171 4105 p.
1186 4036 1236 4092 256
1258 4034 1270 4104 Η
1292 4036 1325 4088 20
1348 4033 1490 4104 ίμπύρωσιν

122 4124 208 4172 (ῙθῙθθῠ
226 4126 306 4172 πθῑῶθ
324 4123 450 4174 ⁸¹²⁸d0b⁸⁸
470 4119 484 4191 Η
504 4121 554 4174 ⁰10v
567 4125 613 4191 Τῆς
631 4121 780 4191 ῑίμαρμένητ
832 4127 854 4178 0
875 4122 891 4192 Η
913 4125 946 4178 22
965 4123 1101 4196 καθάρσιον
1120 4128 1187 4178 libri:
1208 4142 1274 4176 corr.
1293 4127 1397 4190 Roeper
1423 4121 1435 4191 Η
1456 4121 1490 4174 23

122 4212 227 4261 seclusit
249 4211 352 4275 Rooper
375 4205 389 4274 Η
421 4209 452 4262 14
475 4227 522 4275 pro
545 4211 586 4262 his
609 4210 779 4276 paraphrasin
832 4211 864 4264 δι’
886 4213 1021 4282 ἀσωμάτου
1040 4217 1079 4266 La
1092 4216 1174 4267 Οτοοε
1194 4210 1208 4281 Η
1233 4211 1269 4281 μὴ
1288 4215 1379 4280 χωρεῖν
1397 4214 1489 4276 vulgo:

123 4299 190 4348 hanc
207 4307 293 4348 εεινετ
312 4299 347 4348 Ττ
366 4295 408 4348 ἀάν
426 4295 453 4348 δέ
471 4296 508 4366 μὴ
528 4293 660 4366 βούληται,
679 4297 779 4354 πάντως
831 4317 897 4352 corr.
916 4303 1099 4368 Gottingenses
1120 4299 1134 4369 Η
1154 4299 1188 4352 24
1206 4299 1337 4352 ἀνάστασιν
1355 4302 1429 4352 nihili
1443 4309 1489 4350 εει.

125 4380 242 4435 ίλκεσθαι
260 4382 335 4436 αὑτὸν
354 4383 458 4453 ἀνάγκη.
479 4380 560 4442 οὑτως
579 4385 622 4436 καὶ
641 4384 664 4436 οί
682 4379 779 4453 ἀνθρω-
832 4386 965 4440 ἀνάκλασιν
979 4391 1078 4452 Rimari,
1097 4388 1235 4441 ἀντίστασιν
1249 4389 1358 4440 salvinii
1372 4391 1416 4440 vix
1435 4403 1487 4438 me·

122 4487 163 4522 ποι
175 4469 217 4522 ἐὰν
234 4469 270 4539 μὴ
289 4469 386 4523 ίποιντο
405 4470 434 4534 [1.
448 4471 493 4538 μέν
506 4469 626 4537 ίπωνται]
644 4472 676 4542 τή
695 4471 779 4541 ιίμαρ-
831 4478 905 4528 liora.
919 4475 1042 4530 ἀντίτασιν
1052 4481 1160 4530 Usener.
1174 4479 1274 4528 conicio
1285 4474 1490 4544 ἀντιπαρίκτασιν

122 4559 198 4626 μάνη,
226 4557 341 4610 δοκοῦσιν
369 4557 524 4619 αὑττξούσιον
554 4559 587 4623 [Ι.
611 4557 778 4624 αὑτιξοίισιοι]
832 4566 862 4614 οῖ.
872 4566 949 4616 Alex.
962 4567 1080 4630 Αμίιτοά.
1093 4569 1118 4618 d.
1132 4569 1203 4616 mixt.
1218 4561 1324 4616 1422111.
1337 4565 1417 4614 Arius
1425 4563 1488 4613 Did.

121 4644 181 4696 εἶναι
204 4645 347 4712 σωζομένου
370 4647 413 4698 καὶ
436 4649 481 4698 τού
504 4644 578 4715 λόγου
596 4649 642 4714 τῆς
660 4646 777 4716 εἱμαρμί-
831 4653 854 4702 fr
872 4649 906 4704 28
928 4650 1295 4718 p.463,241>103.v11151.
1316 4646 1329 4716 Η
1352 4648 1386 4701 25
1404 4646 1488 4699 καινόν

121 4751 178 4801 νης,
201 4732 244 4784 ἐὰν
271 4731 298 4785 δέ
322 4732 358 4802 μή
383 4731 521 4800 βούλωνται
544 4731 654 4796 ἕπεσθαι,
678 4735 779 4792 πάντως
830 4735 880 4804 ΤΗ
896 4735 928 4789 22
942 4736 1137 4790 οἷοντδντύπον
1154 4740 1231 4790 Cedr.
1249 4737 1261 4804 Η
1277 4735 1367 4788 δέοντι,
1382 4737 1458 4786 Οεδτ.
1474 4732 1487 4802 Η

120 4815 352 4888 ἀναγκασθήσονται
382 4819 415 4878 είς
444 4820 473 4872 τὸ
507 4823 670 4892 πεπρωμένον
703 4819 778 4873 ιίσιλ-
831 4821 865 4876 28
885 4820 1053 4876 συνελθόντων
1073 4827 1145 4878 libri:
1168 4829 1281 4877 correxit
1298 4825 1402 4889 Roeper
1425 4839 1487 4875 con-

121 4903 173 4959 θεῖν
198 4909 229 4958 οῖ.
255 4907 394 4960 Cleanthes
412 4911 481 4975 apud
500 4911 584 4975 Ερίοι.
604 4911 678 4962 ench.
703 4907 736 4960 52
763 4906 777 4975 Η
830 4913 958 4964 firmatum
977 4929 993 4966 ο
1012 4915 1131 4968 Οεάτειιο

124 4996 155 5048 16
174 4990 292 5046 ιῖσελθιῐν
309 5005 463 5062 suspectum.
488 4994 569 5049 ίλθιῖν
589 5001 689 5050 L'sener
711 5034 722 5061 ,,
747 4997 777 5050 17
