3756 5736
728 399 1005 452 rnoimaouuue
1479 393 1541 456 213

182 574 339 638 ulamihus
367 570 564 646 condolescit,
587 581 615 634 et
642 589 756 650 carpus
783 570 921 643 animae,
952 569 1003 630 cui
1030 566 1165 647 afflictae
1193 585 1270 629 cura
1297 585 1414 647 auqore
1440 584 1545 628 amore

182 679 373 760 coaeqresoit
395 671 453 761 [sic
476 671 639 754 Latinius,
667 671 760 737 codd.
784 667 984 755 cobaerescit]
1005 690 1062 749 per
1085 670 1297 733 detrimentum
1319 671 1398 732 socii
1419 671 1543 748 riparia

182 783 273 846 cuins
300 781 451 862 pudorem
479 786 508 839 et
536 795 683 856 pauorem
709 775 823 837 rubore
852 785 942 856 atque
968 774 1092 853 pallara
1125 781 1263 836 testatur.
1312 774 1407 852 iqitur
1439 774 1545 834 anima

182 903 297 966 carpus
320 902 360 945 ec
374 879 585 960 corporalium
598 881 780 958 passionum
795 877 1014 940 communione.
1049 873 1101 956 [cf.
1125 895 1152 940 c.
1169 877 1209 940 25
1231 897 1262 940 v.
1280 873 1543 940 C.Wachem11th

180 986 248 1051 iud.
271 983 372 1050 schol.
396 981 461 1046 hib.
484 978 572 1045 ecit.
597 979 681 1044 1875
704 1001 733 1063 p.
752 979 806 1062 12]
834 981 890 1042 sed
912 989 941 1043 et
969 981 1192 1064 Chrysippus
1215 997 1338 1040 manum
1361 981 1390 1040 ei
1411 981 1543 1060 percipit

182 1091 370 1153 constituens
392 1084 575 1165 corporalia
597 1083 636 1145 ah
659 1083 910 1163 incorporalibus
933 1083 1105 1165 derelinqui
1127 1083 1251 1144 omnino
1273 1100 1336 1144 non
1356 1101 1448 1162 posse
1470 1085 1545 1164 quia

182 1213 238 1255 nec
260 1192 478 1270 continqantur
499 1187 539 1248 ab
562 1187 607 1248 ais
624 1232 631 1247 .
649 1232 655 1246 .
674 1186 843 1248 .·derelicto
867 1195 967 1247 autem
990 1206 1122 1266 corpore
1144 1185 1183 1247 alr
1207 1186 1312 1246 anima
1327 1187 1414 1266 allici
1435 1195 1543 1251 nrarle.

181 1297 276 1376 iqitm
298 1311 412 1372 corpas
435 1291 540 1352 anima
562 1307 642 1370 qaae
664 1292 725 1352 uisi
747 1289 923 1368 corporalis
945 1309 1059 1369 corpas
1080 1309 1141 1352 uon
1165 1288 1396 1368 derelinqueret.

268 1395 358 1459 Inter
385 1397 433 1458 tot
462 1397 593 1472 tamque
623 1391 773 1474 egregiae
800 1396 899 1456 notae
921 1390 1090 1474 opiniones
1111 1391 1166 1455 vix
1188 1410 1253 1455 una
1274 1391 1419 1456 alterave
1441 1391 1543 1456 Placi-

183 1505 289 1563 torum
318 1493 559 1560 similitudinem
581 1491 718 1575 stringit.
748 1495 837 1561 velut
858 1491 1036 1578 Hipparchi
1052 1491 1088 1578 (l)
1104 1499 1137 1558 et
1158 1492 1315 1558 Heracliti
1336 1491 1456 1576 placita
1478 1492 1543 1557 illic

182 1597 392 1664 inveniuntur
413 1595 458 1660 IV
481 1595 536 1659 34
566 1595 748 1680 Παρμενίδης
770 1598 803 1660 δὲ
825 1599 873 1662 καὶ
889 1595 1057 1666 Ἵππασος
1083 1597 1132 1660 καὶ
1150 1595 1373 1680 Ἡράκλειτος
1395 1599 1542 1681 πυρώδη

180 1702 319 1785 ταύτην
342 1703 569 1783 κεκλήκασιν.
613 1697 672 1763 sed
694 1697 811 1765 sufficit
833 1700 895 1766 hcc
916 1719 958 1766 ne
978 1697 1185 1766 Aenesidemi
1207 1698 1394 1764 memoriam
1417 1699 1542 1765 Sorano

183 1801 391 1868 obversatam
407 1807 566 1886 putemus,
582 1799 636 1882 qui
651 1800 738 1866 aeris
752 1801 965 1884 patrocinium
981 1802 1033 1867 hic
1048 1821 1175 1885 quoquc
1191 1799 1332 1884 suscepit
1354 1799 1393 1866 cl.
1409 1801 1541 1868 Tertull.

180 1906 246 1970 (1.9
275 1922 374 1988 supra
395 1905 469 1987 210,
494 1904 549 1987 17,
576 1901 630 1966 ubi
658 1907 732 1986 pest
757 1903 956 1970 Heraclitum
983 1903 1187 1970 continuatur
1214 1925 1271 1966 nec
1296 1915 1329 1965 ut
1359 1906 1459 1968 lumen
1486 1909 1543 1970 etsi

178 2011 239 2071 hcc
257 2009 375 2089 placuit
398 2007 525 2069 Pontico
547 2005 717 2070 Heraclidi.
753 2005 898 2072 similiter
919 2005 1100 2072 Heraclidis
1124 2005 1233 2090 opinio
1256 2011 1364 2070 exstat
1385 2007 1419 2072 iu
1446 2007 1540 2075 Aetio

178 2111 224 2176 IV
247 2111 266 2175 3
286 2121 302 2173 e
324 2107 512 2193 Ἡρακλείδης
534 2110 680 2194 quiesctt
703 2109 755 2192 τὴν
777 2111 875 2194 ψυχὴν
898 2109 1034 2194 epicure.
1069 2108 1127 2174 ead
1149 2110 1220 2193 quis
1243 2129 1283 2174 cx
1304 2107 1439 2175 fortuita
1461 2109 1542 2176 eius-

180 2211 268 2276 modi
292 2210 523 2277 concordantia
546 2209 721 2294 quidquam
745 2210 937 2276 concludere
958 2211 1078 2276 audeat
1092 2211 1284 2296 praesertim
1299 2211 1333 2276 111
1349 2231 1390 2277 ea
1404 2213 1541 2278 materia

182 2333 269 2397 quae
292 2315 458 2398 perpetuis
482 2313 747 2399 philosophorum
763 2313 1051 2398 disceptationibus
1065 2335 1131 2379 una
1150 2314 1291 2381 amnium
1315 2315 1455 2381 maxime
1477 2315 1543 2398 agi·

179 2423 250 2482 tata
271 2417 335 2482 sit?
361 2417 447 2500 quod
470 2424 505 2482 ul
528 2415 600 2482 aliis
623 2415 782 2500 exemplis
804 2416 988 2502 prebemus,
1013 2417 1168 2483 Macrobii
1191 2417 1386 2482 uberrimum
1408 2418 1541 2502 placito-

178 2539 249 2583 rum
271 2517 313 2584 de
335 2521 445 2584 anima
468 2524 676 2603 conspectum
700 2517 895 2584 subiciamus
917 2539 1019 2585 somn.
1043 2519 1185 2604 Scipion.
1207 2521 1223 2584 I
1247 2521 1288 2584 14
1312 2530 1354 2584 19.

264 2623 372 2685 Plato
399 2625 480 2686 dicit
502 2626 637 2686 animam
659 2623 823 2686 essentiam
852 2641 885 2683 se
916 2633 1097 2699 macetum,
1128 2623 1357 2686 Xenocrates
1383 2645 1541 2686 numerum

179 2744 214 2786 se
234 2736 410 2803 mouentem,
433 2727 656 2789 Aristoteles
678 2726 869 2809 ἐντελέχειαν,
892 2726 1121 2808 Pqthaqcras
1144 2736 1172 2788 et
1194 2727 1390 2788 Philolaus
1411 2728 1540 2788 harmo-

180 2829 275 2904 niam,
297 2829 519 2892 Posidonius
541 2829 658 2906 ideam,
683 2830 932 2908 Asclepiades
954 2831 1086 2911 quinque
1107 2849 1251 2891 sensuum
1278 2831 1458 2891 exercitium
1480 2830 1540 2891 sihi

75 2947 77 2952 ·
180 2949 357 3007 ammonam,
380 2931 633 3012 Hippocrates
654 2934 798 3014 spiritum
821 2943 938 2995 tenuem
951 2953 1008 3014 per
1023 2953 1136 3013 corpas
1151 2953 1239 2995 omne
1261 2933 1443 3012 dispersum,
1467 2931 1539 2994 He-

179 3035 343 3097 raclides
358 3035 533 3096 Ponticus
549 3035 655 3109 lucern,
672 3035 884 3098 Heraclitus
898 3037 1043 3119 physicus
1053 3037 1220 3100 scintillam
1230 3037 1368 3098 stellaris
1379 3038 1539 3108 esseutiae,

181 3138 306 3200 Zenon
328 3147 504 3200 concrctam
526 3139 653 3218 corpori
674 3139 827 3217 spiritum,
850 3139 1082 3200 Democritus
1103 3141 1245 3219 spiritum
1268 3141 1414 3200 insertum
1430 3141 1539 3200 atomis

180 3241 239 3302 hac
260 3241 413 3319 facilitate
434 3249 534 3303 motus
556 3251 588 3302 ut
611 3259 724 3322 corpus
745 3243 793 3303 illi
816 3261 903 3304 omne
924 3245 965 3304 sit
985 3245 1139 3321 pervium,
1164 3241 1355 3304 Critolaus
1378 3243 1538 3320 Peripa·

181 3344 316 3404 latiens
339 3351 482 3405 scrutare
498 3361 566 3405 eam
589 3343 627 3405 de
649 3346 757 3425 quinta
779 3346 923 3420 essentia,
945 3345 1183 3424 Hipparchus
1198 3341 1241 3428 (l)
1264 3347 1371 3423 iquera,
1394 3343 1540 3404 Anaet-

181 3465 302 3508 menas
325 3465 412 3521 aera,
435 3446 679 3526 Empedocles
702 3456 728 3508 et
752 3445 893 3508 Critias
914 3450 1111 3527 sanquinem,
1134 3446 1371 3508 Parmenides
1393 3466 1433 3507 ca
1455 3454 1540 3506 terra

182 3557 208 3609 et
230 3549 319 3628 ique,
342 3548 588 3628 Xenophanes
611 3569 650 3612 ece
673 3559 757 3611 terra
779 3557 808 3610 el
830 3567 927 3629 aqua,
951 3549 1111 3612 Boethus
1133 3570 1172 3610 ec
1195 3569 1267 3610 aere
1289 3557 1317 3610 et
1339 3550 1423 3628 ipae,
1447 3547 1540 3626 Epi-

183 3669 297 3712 curus
317 3653 450 3731 speciem
472 3671 511 3713 ca
533 3653 602 3732 iqua
624 3659 651 3713 et
673 3671 747 3713 cere
768 3661 796 3713 et
816 3654 928 3732 spiritu
950 3653 1086 3714 mistam.
1490 3651 1492 3655 ’

269 3751 439 3818 Oaueeulit
462 3773 533 3818 eum
556 3752 606 3817 hie
628 3751 713 3817 hetti
736 3753 849 3818 Plato
871 3754 916 3818 IV
938 3755 958 3818 2
978 3763 993 3813 5
1023 3753 1123 3817 οὐσίαν
1150 3756 1256 3837 νοητὴν
1285 3752 1315 3820 ἐξ
1337 3754 1442 3836 ἑαυτῆς
1465 3776 1540 3834 κινη-

180 3857 243 3939 τήν,
265 3853 518 3921 Xenocrates
541 3859 582 3937 ἓξ
605 3859 633 3921 3.
657 3857 679 3920 4
701 3857 825 3939 ἀριθμὸν
848 3859 934 3920 αὑτὸν
962 3861 1109 3931 κινοῦντα,
1131 3855 1367 3920 Aristoteles
1390 3856 1445 3935 §6
1467 3855 1540 3917 ἐντε-

181 3957 309 4042 λέχειαν,
331 3957 386 4038 §8
408 3957 658 4042 Asclepiades
681 3961 890 4042 συγγυμνασίαν
906 3964 964 4022 τών
981 3959 1158 4042 αἰσθήσεων,
1182 3957 1411 4022 Heraclides
1426 3959 1470 4022 IV
1486 3959 1505 4022 3
1525 3969 1541 4019 6

181 4061 326 4143 parcendi]
358 4062 410 4144 τὴν
443 4063 559 4146 ψυχὴν,
593 4061 855 4126 Anaximenes
882 4063 937 4141 ξ’]
968 4063 1102 4145 espace.
1133 4060 1322 4143 Epicurus
1344 4061 1418 4140 §11
1444 4063 1541 4143 κρᾶμα

182 4162 214 4224 ἐκ
236 4162 390 4246 τεττάρων,
412 4165 445 4226 ἐκ
468 4169 553 4227 ποιοῦ
576 4165 726 4248 πυρώδους
749 4165 888 4226 ἐκποιοῦ
912 4165 1057 4247 ἀερώδους
1080 4165 1212 4227 ἐκποιοῦ
1235 4167 1428 4245 πνευματικοῦ
1451 4163 1484 4225 ἐκ
1499 4185 1541 4223 τε-

181 4265 285 4348 τάρτου
316 4267 390 4336 τινὸς
413 4268 660 4349 ἀκατονομάστου.
695 4273 803 4331 cetera
832 4265 1026 4348 discrepant.
1061 4264 1213 4330 Saraneis
1242 4263 1437 4328 conveniunt
1460 4263 1541 4328 Cri-

182 4367 312 4430 tolaus
335 4367 585 4453 Peripateticae,
614 4373 681 4432 tum
704 4367 958 4452 Empedocles
989 4375 1021 4432 et
1048 4367 1192 4432 Critiae
1215 4365 1375 4431 coniuncti
1399 4373 1432 4431 et
1455 4365 1541 4448 quod

181 4467 296 4532 mirum
323 4475 372 4534 eet
394 4469 637 4555 Hipparchus
659 4470 715 4535 illc
737 4471 851 4536 ecdem
874 4469 991 4536 menda
1014 4490 1054 4534 ex
1076 4469 1222 4552 Hippaso
1245 4475 1423 4552 corruptus.
1458 4473 1542 4550 quae
1642 4527 1644 4530 .

184 4570 358 4636 concordia
380 4572 628 4638 necessitudinis
650 4573 801 4638 indicium
823 4573 966 4657 uidetur,
993 4571 1055 4637 nisi
1083 4571 1166 4636 farte
1189 4570 1277 4636 castri
1301 4576 1424 4635 tanturm
1447 4567 1542 4632 tribui

181 4672 322 4739 11111111.ι
359 4673 558 4739 Macrobiani
581 4675 776 4759 exemplaris
799 4673 963 4758 memoria,
986 4679 1145 4756 quatenus
1168 4692 1240 4736 cum
1255 4672 1349 4737 Aetio
1372 4669 1541 4753 consentit,

254 4897 392 4950 ¹actarum
415 4901 541 4950 Heracliti
569 4903 596 4949 111
619 4901 755 4950 Macrobio
775 4885 863 4964 opinio
888 4901 963 4964 lange
988 4898 1065 4948 dietat
1087 4898 1222 4964 evulgari
1240 4897 1367 4947 sententia
1389 4910 1437 4944 nec
1456 4901 1541 4944 tamen

182 5003 214 5041 ex
233 4989 288 5037 eins
306 4987 425 5042 domriaa
443 4988 567 5054 explicari
586 5003 640 5038 nan
658 4995 751 5054 potest.
