3768 5736
307 306 371 370 456
595 307 670 357 Aiiil
688 301 825 355 DIDYMI
845 302 1029 355 EPITOMES
1048 301 1103 354 FR.
1123 303 1224 354 PHYS.
1242 301 1337 356 15.16.
1355 301 1385 353 17

306 477 358 558 μὲν
386 475 485 559 ὅρασιν
509 478 542 538 τὸ
565 473 589 539 δ’
619 475 710 558 ἀκοὴν
737 475 769 538 τδ
798 471 823 536 δ’
852 471 992 558 ὄσφρησιν
1015 473 1048 536 τδ
1070 471 1103 535 δὲ
1124 475 1220 554 γεῦσιν
1242 472 1275 535 τδ
1297 470 1322 536 δ’
1351 472 1440 558 ἁφήν.
1474 473 1615 557 ὑπάρχειν
1638 471 1669 536 δέ

305 600 368 640 τινα
389 577 438 640 καὶ
462 578 598 643 σύνθετον
621 577 768 660 αἴσθησιν,
791 577 821 641 ἐν
844 575 864 659 ᾖ
888 576 921 639 τό
943 598 976 637 τε
996 575 1188 660 φανταστικὸν
1211 578 1267 638 πᾶν
1289 575 1421 658 γίνεσθαι
1443 575 1492 638 καὶ
1519 571 1579 658 (vd)
1601 597 1669 658 μνη-

306 680 471 761 μονευτικδν
500 681 548 744 καὶ
576 681 610 744 τδ
633 678 814 758 δοξαστικύν,
842 679 913 763 ὅπερ
936 674 986 740 οῦν
1008 674 1070 740 οὐδ’
1098 675 1218 761 ἄμοιρον
1240 681 1292 742 τοῦ
1314 681 1365 742 νοῦ
1387 677 1532 762 τυγχάνει.
1568 674 1668 740 αἰσθά-

306 782 408 846 νεσθαι
432 780 457 846 δ’
484 785 564 867 ἡμᾶς
586 780 738 864 παθούσης
758 806 786 845 τι
807 785 859 864 τῆς
881 779 1059 864 αἰσθήσεως.

969 1067 1010 1133 16

369 1174 456 1226 Stob.
475 1176 524 1226 ιιι.
537 1175 549 1224 1
564 1173 598 1226 σε
612 1174 672 1238 [τι]
691 1191 715 1240 p.
731 1173 839 1226 111411.

282 1301 294 1337 ι
394 1273 648 1359 Ἀριστοτέλης.
693 1274 859 1338 Φαντασίαν
886 1273 912 1338 δ’
939 1273 1012 1338 εἶναι
1039 1275 1135 1346 πάθος
1161 1299 1188 1338 τι
1214 1277 1262 1340 καὶ
1289 1275 1399 1358 κίνησιν
1426 1279 1478 1358 τῆς
1505 1271 1569 1336 κατ’
1596 1271 1670 1356 ἑνέρ

307 1401 385 1462 γειαν
408 1377 587 1462 αἰσθήσεως,
610 1375 782 1458 ὠνομάσθαι
804 1372 826 1439 δ’
853 1376 912 1440 ἀπὸ
928 1381 996 1460 μιᾶς
1010 1381 1069 1441 τῶν
1091 1376 1270 1462 αἰσθήσεων,
1293 1382 1345 1462 τῆς
1368 1377 1512 1461 ὁράσεως·
1535 1373 1569 1438 τδ
1591 1374 1671 1460 <γὰρ>

307 1480 462 1566 φαίνεσθαι
485 1481 564 1564 παρὰ
585 1481 618 1543 τδ
642 1481 716 1564 φάος
738 1477 817 1564 ἔχειν
839 1479 892 1562 τὴν
914 1479 1076 1565 ἐπίρρησιν·
1110 1485 1195 1545 τοῦτο
1217 1478 1247 1558 δ’Ι
1270 1479 1375 1544 οἰκεῖον
1398 1477 1469 1543 εἶναι
1491 1483 1544 1562 τῆς
1566 1475 1671 1562 ὄψεως.

309 1583 457 1648 διατείνειν
485 1583 518 1645 δὲ
544 1581 611 1666 <eici
639 1583 735 1650 πάσας
761 1581 813 1650 τάς
841 1581 992 1666 αἰσθήσεις
1019 1583 1067 1646 καὶ
1097 1583 1149 1654 τὰς
1170 1582 1351 1666 διανοητικάς
1379 1582 1518 1665 κινήσεις,
1547 1581 1670 1665 καὶγὰρ

308 1685 415 1756 ταύτας
444 1685 608 1768 ὁμωνύμως
634 1683 770 1767 λέγεσθαι
796 1683 965 1768 φαντασίας.
1001 1686 1135 1769 κριτήρια
1165 1681 1191 1746 δ’
1223 1683 1295 1748 εἶναι
1321 1687 1374 1768 τῆς
1400 1681 1509 1746 τούτων
1537 1684 1671 1764 γνῶσεως

270 1816 292 1854 ιο
311 1789 359 1853 τύν
382 1811 414 1851 τε
435 1791 502 1852 νοῦν
525 1786 573 1849 καὶ
595 1787 647 1870 τὴν
670 1785 817 1870 αἴσθησιν,
838 1786 887 1848 τὸν
910 1787 962 1868 μὲν
985 1791 1042 1850 τῶν
1065 1791 1188 1871 νοητῶν,
1210 1785 1263 1872 τὴν
1285 1787 1319 1850 δὲ
1339 1789 1398 1848 τῶν
1413 1783 1573 1868 αἰσθητῶν.
1605 1783 1672 1848 οὔτε

306 1892 360 1975 γὰρ
382 1892 416 1954 τδ
438 1889 568 1954 καθόλου
592 1886 699 1952 δύναιτ’
727 1887 762 1952 ἀν
784 1886 920 1972 αἴσθησις
942 1889 1093 1974 ἐπικρίνειν
1116 1888 1184 1952 οὔτε
1204 1890 1238 1954 τδ
1254 1887 1322 1954 καθ’
1344 1889 1465 1952 ἕκαστον
1480 1891 1558 1966 νοῦς,
1579 1889 1672 1950 πάντα

307 1993 333 2058 δ’
361 1995 395 2058 ἐκ
417 1993 527 2058 τούτων
551 1993 719 2056 συνεστάναι
742 1991 790 2054 καὶ
814 1990 861 2054 διὰ
883 1989 1004 2056 τούτων.

970 2283 1008 2345 17

372 2389 459 2440 Stob.
479 2383 695 2449 001.15·2[44]1
715 2403 739 2450 p.
756 2383 861 2436 111011.
880 2383 914 2447 [Ι.
927 2386 1005 2438 Dum.
1024 2387 1092 2440 014
1109 2405 1135 2454 ρ.
1152 2385 1317 2452 173,1911.]

391 2487 637 2574 Ἀριστοτέλης
662 2489 732 2572 δρᾶν
754 2489 833 2570 ἡμᾶς
855 2487 930 2552 κατὰ
951 2490 1061 2574 κίνησιν
1083 2493 1135 2554 τοῦ
1157 2486 1220 2554 κατ’
1248 2487 1390 2573 ἐνέργειαν
1413 2488 1579 2571 διαφανοῦς·
1615 2486 1672 2548 δια-

308 2591 399 2677 φανὲς
422 2591 455 2654 δὲ
477 2590 511 2655 ού
528 2589 615 2672 μύνον
631 2589 704 2654 εἶναι
726 2592 775 2654 τὸν
799 2588 883 2674 ἀέρα,
906 2591 981 2656 ἀλλὰ
1003 2593 1051 2656 καὶ
1073 2593 1107 2656 τδ
1131 2592 1208 2676 ῦδωρ
1231 2591 1281 2655 καί
1301 2614 1364 2654 τινα
1385 2593 1443 2652 τῶν
1459 2585 1672 2670 συνισταμένων

271 2709 294 2748 1⁶
313 2694 417 2773 ποθέν,
439 2693 499 2756 οἷον
523 2694 610 2756 ῦολον
632 2693 680 2755 καὶ
703 2693 879 2778 κρύσταλλον
902 2694 951 2757 καί
971 2717 1049 2764 τινας
1070 2699 1128 2758 τῶν
1150 2697 1292 2778 λαμπρῶν
1306 2692 1409 2757 λίθων.
1430 2691 1545 2756 ἀκούειν
1561 2689 1594 2753 δὲ
1608 2685 1667 2752 καί

310 2797 453 2883 ἐνέργειαν
481 2799 533 2859 τοῦ
557 2794 662 2876 μεταξύ
685 2796 816 2881 διηχοῦς.
855 2795 956 2881 διηχὲς
978 2793 1005 2860 δ’
1033 2795 1106 2860 εἶναι
1128 2797 1175 2860 καὶ
1198 2797 1247 2860 τδν
1269 2795 1342 2880 ἀέρα
1364 2795 1412 2858 καὶ
1433 2794 1467 2858 τδ
1489 2797 1547 2877 πῦρ
1568 2791 1617 2855 καὶ
1639 2791 1672 2854 τὸ

310 2902 388 2986 ῦδωρ
410 2899 461 2964 καί
481 2921 544 2962 τινα
565 2901 624 2962 τῶν
646 2900 857 2982 συγκριμάτων.

370 3025 392 3076 1.
405 3025 491 3074 nam.
509 3019 577 3072 016
596 3019 632 3086 (p.
649 3018 706 3081 ινα,
720 3018 751 3071 14
761 3019 810 3082 M.)

392 3120 633 3207 Ἀριστοτέλης
670 3121 878 3207 ὀσφραίνεσθαι
917 3127 969 3186 τοῦ
1008 3121 1113 3206 μεταξύ
1152 3124 1289 3205 σώματος
1322 3121 1582 3205 ἀναπιμπλαμένου
1614 3123 1672 3182 τῶν

309 3229 489 3312 ὀσφραντῶν.

370 3347 456 3400 ενοι..
477 3348 523 3398 001.
537 3347 550 3396 1
566 3343 599 3398 σε
620 3341 703 3410 [τηε
721 3363 746 3411 ρ.
763 3325 868 3398 111211!

269 3473 294 3512 νο
363 3447 641 3534 ,Ἀριστοτέλης
662 3447 799 3531 γεύεσθαι
821 3448 869 3512 διὰ
890 3453 942 3514 τοῦ
966 3448 1071 3532 μεταξύ
1094 3453 1154 3514 τῶν
1176 3453 1303 3533 γευστῶν
1326 3451 1430 3534 ὑγρῶν.

369 3569 460 3621 stob.
479 3573 526 3620 ecl.
539 3571 553 3620 I
566 3568 599 3622 55
612 3567 671 3633 [45]
684 3579 695 3616 7
713 3585 738 3634 ρ.
753 3567 862 3620 111211.

390 3668 649 3755 Ἀριστοτέλης.
693 3670 837 3735 ἅπτεσθαι
858 3671 891 3736 δὲ
913 3672 962 3736 διά
983 3675 1034 3736 τοῦ
1057 3671 1162 3756 μεταξύ
1185 3675 1321 3756 σώματος
1342 3678 1396 3758 τῆς
1417 3673 1524 3758 σαρκδς
1545 3673 1594 3736 καὶ
1615 3675 1666 3735 τοῦ

311 3775 416 3837 ἀπτοῦ.
441 3773 475 3836 τδ
499 3775 535 3858 δὴ
559 3777 687 3838 τοιοῦτον
703 3773 735 3858 (ἢ
750 3773 814 3858 τὸν)
828 3773 901 3858 ἀέρα
923 3775 942 3859 ἢ
964 3775 997 3838 τδ
1020 3775 1098 3860 ύδωρ
1121 3775 1299 3862 δπάρχεινῆ
1323 3775 1357 3839 ἐκ
1378 3775 1489 3840 τούτων
1511 3797 1538 3838 τι
1559 3772 1664 3837 κοινάν.

307 3875 459 3940 λανθάνειν
488 3875 521 3938 δὲ
543 3874 592 3938 ἐπί
616 3898 648 3938 τε
668 3880 721 3960 τῆς
742 3876 869 3960 γεύσεως
888 3878 936 3940 καὶ
958 3881 1010 3962 τῆς
1033 3877 1111 3963 ἁφῆς
1133 3878 1181 3942 διά
1202 3879 1236 3942 τδ
1260 3877 1301 3964 μὴ
1324 3877 1372 3942 διά
1401 3881 1513 3962 μακροῦ
1540 3875 1669 3960 γίνεσθαι

306 3980 507 3991 ..-.-.«---

308 4011 371 4066 θτὸ
397 4023 456 4080 pont
474 4013 518 4064 καὶ
541 4029 592 4065 om.
615 4015 680 4065 AD:
704 4015 804 4065 addidit
826 4017 927 4067 Ηεεκευ
947 4011 962 4083 Η
1014 4019 1123 4068 eandum
1136 4034 1158 4067 ο.
1172 4015 1205 4069 53
1218 4017 1408 4084 [14])ρτοῦυι,
1436 4019 1462 4067 in
1475 4018 1554 4067 Aitio
1574 4033 1594 4065 ο.
1614 4013 1669 4080 περὶ

309 4101 325 4155 3
344 4101 447 4170 ἀμοιρον
466 4103 526 4153 FD:
546 4099 638 4170 ἄμοιρα
657 4103 680 4152 C
698 4104 775 4168 vulgo
1014 4103 1089 4173 ἁφῆς,
1108 4115 1231 4168 quantum
1249 4121 1282 4156 εκ
1301 4105 1440 4157 Plutarcho
1465 4106 1584 4155 conicere
1603 4104 1670 4162 licet,

343 4189 409 4243 5de
428 4190 458 4240 ir.
473 4188 505 4243 16
532 4191 563 4240 ci.
587 4191 658 4240 Proi.
681 4207 706 4254 p.
721 4187 755 4241 73
770 4205 791 4240 ιι
813 4185 826 4256 ΙΙ
850 4191 961 4242 scriben—
1013 4193 1094 4242 defuit
1115 4188 1126 4260 11
1154 4191 1185 4244 16
1209 4189 1305 4260 διιγούς
1330 4193 1395 4243 AD:
1419 4195 1519 4242 correxi
1544 4192 1576 4242 ci.
1599 4191 1670 4242 Piut.

305 4278 365 4329 dum
385 4285 439 4327 επει
462 4279 554 4329 lemma
575 4272 756 4346 Ἀριστοτέλους
781 4275 793 4345 Η
815 4279 831 4332 6
850 4277 896 4346 γὰρ
916 4280 962 4330 οδ·
1013 4281 1101 4347 Symp.
1115 4281 1182 4330 VIII
1194 4297 1219 4344 p.
1233 4277 1308 4330 721⁸
1328 4275 1412 4347 διηχὲς
1424 4275 1537 4335 δμῶάς
1549 4275 1600 4328 ἐστι
1612 4273 1668 4344 παρ’

305 4366 590 4434 ῦὶῦὶ.τῷφ.Ηεετεπ
611 4361 624 4431 ΙΙ
645 4363 924 4431 7μὲνε1ναιΗεει-οπ
946 4363 960 4434 ΙΙ
1012 4365 1071 4436 ἡμῖν
1090 4363 1103 4418 ὁ
1122 4365 1171 4435 ἀὴρ
1199 4365 1242 4418 καὶ
1260 4361 1328 4434 ύδωρ
1348 4365 1391 4416 καλ
1409 4366 1442 4433 γῆ
1461 4363 1504 4415 καὶ
1523 4365 1571 4432 πῦρ
1592 4361 1605 4432 ΙΙ
1625 4365 1669 4414 τοῦ

305 4451 373 4510 8ε1ς
391 4455 491 4504 addidit
509 4455 611 4504 Heeren
626 4449 639 4518 11
660 4453 676 4503 9
695 4455 725 4503 cf.
745 4469 800 4502 cum
820 4455 859 4504 his
874 4455 960 4505 Alcin.
1012 4451 1104 4522 μεταξύ
1127 4453 1224 4523 διεχοῦς
1247 4457 1285 4504 Ατ
1314 4469 1365 4503 om.
1391 4455 1416 4503 D
1443 4450 1456 4518 11
1485 4451 1516 4505 18
1541 4449 1670 4519 σῶματοςι

303 4542 333 4590 is.
349 4538 480 4592 c.4extr.
500 4535 513 4607 11
536 4539 565 4590 11
581 4534 757 4606 αίσθησειςιλι
778 4556 842 4589 corr.
858 4541 960 4592 Heeren
1011 4551 1114 4608 praeter
1143 4559 1204 4594 aera
1239 4543 1396 4604 intellegitur
1426 4556 1494 4604 aqua
1525 4541 1556 4590 cf.
1587 4543 1667 4590 Arist.

342 4625 374 4678 13
392 4629 423 4678 ir.
435 4626 467 4678 17
487 4630 552 4678 Ario
572 4629 647 4678 tribui
662 4629 732 4678 Ptol.
746 4645 769 4692 p.
782 4625 815 4678 73
824 4642 880 4691 sqq.
894 4642 916 4677 11
932 4643 959 4678 νι
1012 4645 1037 4692 p.
1049 4625 1144 4678 443a2
1165 4627 1178 4696 ΙΙ
1200 4627 1231 4680 21
1252 4628 1296 4679 καὶ
1314 4625 1342 4678 τὸ
1360 4625 1409 4678 ἀπὸ
1420 4623 1510 4678 τούτου
1523 4630 1559 4678 A:
1578 4629 1667 4692 scripsi

305 4716 337 4765 cf.
356 4731 380 4780 p.
395 4713 437 4767 76.
457 4730 536 4764 unum
554 4716 632 4765 fuisse
650 4715 711 4764 olim
729 4723 813 4778 caput,
832 4715 926 4765 deinde
944 4731 960 4766 υ
1011 4715 1056 4764 τοῦ
1075 4711 1164 4776 ἀπτοῦ,
1182 4717 1284 4767 Ηοετεπ
1298 4717 1344 4766 τοῦ
1358 4713 1498 4782 ἁπτομένου
1514 4709 1526 4781 ii
1542 4709 1575 4764 22
1594 4709 1611 4780 ἢ
1629 4709 1671 4763 τὸν

304 4801 419 4852 Stobaeo
435 4801 590 4866 discerptum
603 4817 656 4852 non
668 4801 752 4851 solum
765 4803 867 4852 dicendi
886 4811 961 4853 tenor
1013 4802 1102 4852 addidi
1121 4803 1151 4854 cf.
1171 4822 1194 4854 ν.
1217 4803 1256 4855 14.
1282 4802 1312 4856 16
1338 4799 1350 4870 11
1376 4801 1410 4854 23
1433 4797 1562 4854 λανθάνειν
1587 4818 1615 4854 τι
1632 4805 1670 4856 A:

304 4888 349 4939 sed
368 4884 490 4938 etiamid
509 4907 533 4938 ν.
548 4887 581 4940 15
594 4897 620 4940 et
632 4887 663 4940 21
684 4897 813 4939 servatum
826 4891 961 4955 ei'capitu·
1015 4904 1080 4940 corr.
1099 4891 1201 4941 Ηεοτευ

304 4976 358 5026 lum
371 4975 403 5026 de
416 4975 506 5026 auditu
518 4993 543 5027 ν.
556 4973 588 5028 15
602 4978 668 5028 male
680 4979 858 5028 continuatum
871 4977 962 5040 (colio-
