3708 5738
475 389 552 440 κυιι
571 389 706 440 mmm
724 391 910 444 deidoiies
929 392 982 443 ου.
1000 393 1102 444 Pais.
1116 391 1159 445 36.
1171 390 1214 445 37.
1228 391 1262 446 38
1488 393 1552 457 459
1604 427 1607 436 .

187 563 246 623 τῶν
274 560 332 622 ἀπὸ
360 563 413 644 τῆς
440 559 580 643 αἱρέσεως
606 560 634 624 οί
660 565 770 645 πρῶτοι
796 561 844 624 καὶ

186 661 378 748 πρεσβύτατοι
394 664 588 747 προσήκαντο,
610 660 731 748 Ζήνων
750 664 845 726 τεκαὶ

188 761 374 848 Κλεάνθης
395 763 444 827 καὶ
466 763 685 848 Χρύσιππος.
720 766 770 828 τδν
793 766 845 848 μὲν

187 868 242 951 γὰρ
264 867 366 930 τούτου
389 867 526 952 μαθητὴν
555 868 603 931 καὶ
630 869 765 953 διάδοχον
791 873 844 953 τῆς

186 972 298 1055 σχολῆς
323 967 470 1055 Ζήνωνά
503 991 589 1055 φασιν
622 969 752 1058 ἐπισχεῖν
778 971 844 1057 περὶ
1566 1011 1578 1048 ς

185 1077 238 1158 τῆς
260 1072 454 1157 ἐκπυρώσεως
475 1075 534 1136 τῶν
554 1072 641 1137 ὅλων.

976 1177 1164 1246 Παναίτιος
1190 1177 1391 1262 πιθανωτέραν
1414 1178 1489 1242 εἶναι
1505 1202 1548 1242 νο-

892 1283 967 1364 μίζει
990 1281 1037 1344 καί
1061 1282 1170 1364 μᾶλλον
1193 1280 1371 1364 ἀρέσκουσαν
1387 1283 1469 1366 αύτῷ
1492 1283 1544 1364 τὴν

891 1383 1041 1466 ἀιδιότητα
1062 1387 1114 1446 τοῦ
1137 1382 1249 1465 κόσμου
1271 1383 1291 1467 ἣ
1314 1385 1367 1467 τὴν
1389 1389 1448 1449 τῶν
1471 1385 1547 1448 όλων
1601 1451 1604 1457 ,

847 1529 852 1540 ·
890 1486 931 1555 είς
953 1490 1010 1570 πῦρ
1034 1485 1208 1570 μεταβολήν.
1563 1511 1587 1550 ιο

842 1775 880 1838 37

245 1881 356 1930 Eueeb.
377 1883 406 1932 P.
420 1883 452 1931 E.
466 1881 516 1931 XV
532 1881 633 1934 191-3

265 1977 351 2040 Ὅπως
369 1980 510 2042 δοξάζουσιν
528 1982 551 2034 οἱ
570 1979 706 2036 Στωικοὶ
724 1984 779 2054 περὶ
796 1985 842 2052 τῆς
861 1969 1041 2052 παλιγγενεσίας
1058 1989 1111 2034 τῶν
1128 1980 1203 2034 όλων.

264 2083 327 2148 Ἐπὶ
349 2091 486 2150 τοσοῦτον
509 2087 542 2150 δὲ
564 2088 717 2170 προελθὼν
741 2089 757 2150 ὁ
780 2088 874 2155 κοινὸς
895 2086 979 2169 λόγος
1001 2088 1050 2150 καὶ
1072 2085 1119 2171 (i)
1146 2087 1228 2168 κοινὴ
1255 2085 1339 2168 φύσις
1362 2085 1469 2166 μείζων
1496 2087 1544 2148 καὶ

182 2186 290 2249 πλείων
316 2189 454 2272 γενομένη
486 2189 568 2260 τέλος
595 2187 797 2273 ἀναξηράνασα
829 2191 922 2252 πάντα
948 2189 996 2252 καὶ
1027 2190 1068 2259 είς
1100 2189 1205 2272 ἑαυτὴν
1231 2188 1417 2271 ἀναλαβοῦσα
1448 2189 1478 2250 ἐν
1508 2193 1545 2269 τῇ

183 2291 265 2372 πάση
289 2291 374 2376 οὐσία
397 2292 503 2374 γίνεται
525 2292 728 2356 ἐπανελθοῦσα
750 2292 790 2360 είς
812 2292 861 2354 τὸν
883 2296 997 2375 πρῶτον
1021 2292 1148 2377 ῥηθέντα
1170 2290 1254 2372 λόγον
1276 2289 1325 2352 καλ
1344 2289 1384 2358 εἰς
1403 2291 1456 2373 τὴν
1478 2291 1544 2354 ἀνά-

184 2411 283 2454 στασιν
306 2392 417 2477 ἐκείνην
439 2397 491 2479 τὴν
514 2399 652 2458 ποιοῦσαν
675 2393 803 2457 ἐνιαυτὸν
826 2395 874 2456 τὸν
898 2395 1040 2476 μέγιστον,
1063 2391 1130 2458 καθ’
1157 2395 1188 2458 δν
1211 2391 1262 2456 ἀπ’
1283 2392 1375 2476 αὐτῆς
1398 2393 1488 2476 μόνης
1502 2394 1542 2462 είς
1560 2421 1584 2458 ιε

183 2493 274 2576 αὐτὴν
296 2496 382 2558 πάλιν
404 2498 509 2578 γίνεται
533 2500 553 2581 ἡ
577 2497 819 2566 ἀποκατάστασις.
884 2497 1086 2560 ἐπανελθοῦσα
1107 2498 1141 2560 δὲ
1162 2497 1209 2560 διὰ
1230 2495 1317 2572 τάξιν,
1340 2493 1390 2579 ἀφ’
1410 2496 1472 2564 οίας
1487 2496 1579 2560 δια-2

187 2600 306 2677 κοσμεῖν
330 2598 470 2668 ὡσαύτως
491 2599 612 2684 ἤρξατο,
639 2599 713 2662 κατὰ
739 2600 823 2682 λόγον
847 2601 931 2662 πάλιν
953 2600 1005 2682 τὴν
1030 2599 1121 2683 αὐτὴν
1144 2599 1318 2682 διεξαγωγὴν
1341 2600 1463 2660 ποιεῖται
1484 2601 1543 2660 τῶν

138 2703 141 2712 ’
185 2699 326 2762 τοιούτων
349 2701 490 2784 περιόδων
513 2702 542 2772 ἐξ
564 2703 657 2766 ἀιδίου
672 2703 828 2785 γινομένων
845 2701 1086 2770 ἀκαταπαύστως.
1118 2701 1185 2766 οῦτε
1199 2701 1253 2785 γάρ
1267 2706 1320 2784 τῆς
1335 2700 1434 2769 οὐσίας
1448 2700 1544 2784 ἀρχὴν

181 2802 361 2866 κάνάπαυσιν
384 2803 444 2868 οἷόν
467 2828 499 2868 τε
520 2805 649 2888 γίνεσθαι
672 2804 739 2868 ούτε
759 2809 811 2868 τοῦ
834 2807 1008 2873 διοικοῦντος
1030 2803 1131 2888 αὐτήν.
1217 2803 1317 2867 οὐσίαν
1344 2826 1375 2865 τε
1402 2803 1456 2886 γὰρ
1482 2804 1577 2872 τοῖς3

181 2903 339 2985 γινομένοις
363 2907 519 2990 ὑφεστάναι
542 2909 596 2990 δεῖ,
622 2912 781 2992 πεφυκυῖαν
807 2905 1003 2992 ἀναδέχεσθαι
1029 2906 1080 2974 τὰς
1107 2907 1268 2992 μεταβολὰς
1294 2907 1403 2982 πάσας,
1430 2905 1478 2968 καί
1504 2906 1537 2968 τὸ
1555 2933 1580 2970 νο

182 3007 399 3092 δημιουργῆσαν
422 3009 451 3079 ἐξ
474 3010 575 3095 αὐτῆς.
612 3012 659 3074 οία
680 3011 734 3094 γὰρ
756 3007 802 3096 ἐφ’
824 3011 908 3092 ἡμῶν
934 3011 976 3078 τίς
991 3009 1051 3072 ἐστι
1072 3009 1157 3094 φύσις
1176 3011 1391 3092 δημιουργοῦσα
1412 3007 1542 3071 τοιούτου

178 3109 253 3177 τινὸς
275 3108 338 3172 κατ’
367 3111 493 3195 ἀνάγκην
517 3111 597 3182 όντος
620 3114 668 3176 καὶ
697 3115 727 3176 ἐν
755 3119 797 3199 τῷ
826 3112 929 3197 κόσμιρ
957 3113 1097 3197 ἀγενήτου
1112 3111 1141 3175 *.
1194 3112 1332 3194 γενέσεως
1363 3113 1417 3196 γὰρ
1446 3111 1541 3194 ἀρχὴν

179 3210 236 3295 οὐχ
259 3211 320 3274 οἷόν
342 3235 373 3274 τε
395 3212 467 3277 εἶναι
490 3215 537 3279 ἐπὶ
560 3219 612 3298 τῆς
634 3216 749 3299 φύσεως
771 3215 888 3298 ταύτης.
926 3217 957 3279 δν
980 3214 1086 3298 τρόπον
1101 3213 1127 3278 δ’
1148 3215 1286 3298 ἀγένητύς
1308 3217 1379 3294 ἐστι,
1401 3215 1449 3278 καὶ
1465 3215 1541 3276 ἀναι-

179 3313 299 3396 ρεθῆναι
326 3315 466 3381 ἀδύνατόν
495 3317 571 3382 ἐστιν
598 3317 689 3402 αὐτὴν
717 3317 785 3380 οὔτε
811 3317 902 3401 αὐτῆς
929 3317 958 3386 ἐξ
981 3319 1072 3402 αὑτῆς
1094 3315 1162 3380 ούτε
1190 3315 1300 3386 ἔξωθέν
1323 3340 1398 3387 τινος
1425 3318 1540 3400 ἀναιρή-

178 3435 276 3484 σοντος
298 3415 399 3500 αὐτην.
1557 3445 1580 3482 ω

220 3871 225 3880 .
240 3827 326 3878 stob.
341 3831 353 3880 l
369 3829 400 3880 17
419 3849 443 3896 p.
456 3829 516 3882 370.
530 3829 620 3883 37211.
838 3727 879 3791 38

264 3925 415 4014 Ζήνωνα
443 3933 476 3995 δὲ
503 3935 595 4004 οῦτως
623 3935 838 4019 ἀποφαίνεσθαι
865 3936 1034 4018 διαρρήδην·
1068 3932 1202 4016 τοιαύτην
1231 3935 1264 3996 δὲ
1289 3936 1386 4018 δεήσει
1413 3934 1485 3999 εἶναι
1509 3937 1540 4000 ἐν

179 4033 312 4118 περιόδῳ
334 4035 388 4118 τὴν
409 4038 460 4097 τοῦ
483 4035 552 4099 ὅλου
574 4038 765 4123 διακόσμησιν
787 4041 821 4102 ἐκ
842 4041 894 4121 τῆς
917 4036 1025 4106 οὐσίας·
1063 4035 1131 4100 ὅταν
1147 4036 1180 4099 ἐκ
1195 4037 1285 4120 πυρδς
1299 4039 1391 4122 τροπὴ
1407 4038 1448 4107 εἰς
1464 4039 1541 4124 ὕδωρ

175 4161 376 4172 Q
883 4167 1083 4176 —---.-

175 4218 272 4272 7είναί
293 4236 354 4290 φησι
378 4227 446 4274 coni.
470 4227 593 4290 Ιιγιιθειι,
617 4225 744 4295 ἐμφανίζει
767 4229 831 4278 Use·
885 4235 939 4276 ciue
960 4223 972 4291 ii
1000 4225 1032 4278 Ῑθ
1055 4224 1120 4276 αύτά
1142 4229 1233 4290 vulgo:
1253 4233 1352 4277 correxi
1371 4229 1402 4278 cs.
1421 4246 1445 4277 v.
1460 4225 1494 4278 20
1511 4225 1540 4278 τὸ

177 4325 223 4358 ner
244 4305 256 4374 ii
280 4309 309 4360 ll
330 4312 361 4360 ir.
373 4308 407 4362 37
426 4328 482 4361 eum
501 4315 585 4378 priore
603 4323 657 4364 erte
677 4315 799 4364 cohaeret
819 4311 831 4380 Η
889 4311 1073 4381 δημιουργῆσαν
1095 4311 1120 4372 ἐξ
1148 4310 1226 4379 αὐτῆς
1256 4309 1267 4379 ii
1298 4311 1331 4364 21
1359 4312 1540 4384 δημιουργῆσον

175 4391 357 4452 όπως-όλων
380 4399 488 4464 praefixi
513 4401 543 4448 ci
568 4401 600 4449 ed
620 4399 709 4462 468,ss
731 4397 742 4466 Η
767 4399 833 4469 1θὴ
885 4404 985 4453 Usener
1000 4397 1014 4467 ίΙ
1029 4398 1061 4451 ‘22
1075 4403 1124 4450 nisi
1136 4401 1211 4465 plura
1224 4403 1415 4463 interciderunt,
1428 4405 1539 4453 scriben-

174 4484 262 4532 addidi
287 4481 299 4548 Ιί
333 4483 364 4536 14
387 4493 446 4550 post
469 4483 559 4551 γίνεται
582 4488 708 4538 excidisse
731 4489 829 4551 aliquid
881 4489 940 4538 dum
961 4489 1061 4539 videtur
1078 4485 1198 4555 ἀγενήτου
1217 4485 1265 4538 κάν
1283 4493 1319 4556 τῷ
1338 4485 1426 4555 κόσμῳ
1445 4487 1522 4540 ἐνδέοι

173 4573 315 4634 suspicatus
343 4579 381 4622 eet
409 4573 520 4637 Lipsius.
551 4574 596 4622 sed
623 4575 654 4624 ei.
686 4576 770 4624 Zelier
787 4575 829 4625 ΙΙΙ
920 4574 954 4628 76
972 4579 1003 4627 de
1029 4579 1059 4626 ir.
1078 4573 1112 4626 38
1136 4577 1166 4625 ei.
1192 4577 1263 4626 Proi.
1283 4593 1306 4640 p.
1328 4573 1361 4626 73
1371 4591 1409 4638 eq.
1429 4589 1449 4624 11
1470 4590 1497 4624 νι
1523 4572 1536 4642 Η

176 4656 199 4718 1,
214 4655 282 4708 140⁶
313 4653 325 4723 ii
356 4658 389 4709 14
416 4659 566 4710 κατάστασιν
594 4661 740 4711 dubitanter
762 4663 829 4712 coni.
880 4658 1539 4731 ξήνωνα-ἀποφαίνεσθαιθιΖήνων-ἀποφαίνεται

173 4745 256 4794 Zeller
277 4740 288 4808 Η
312 4742 342 4797 16
360 4741 501 4796 ἐπανελθεῖν
520 4748 601 4798 CFG:
620 4750 691 4798 deest
709 4750 780 4798 iocus
802 4751 829 4798 in
881 4751 902 4800 G
924 4745 935 4815 li
957 4749 990 4800 27
1009 4759 1068 4801 ente
1086 4749 1133 4818 τὴν
1151 4751 1294 4800 addiderim
1312 4749 1359 4799 τινὶ
1373 4745 1385 4814 Η
1406 4756 1485 4818 τροπῇ
1500 4754 1539 4802 A:

172 4831 194 4880 Β
216 4826 228 4892 Ιί
251 4829 284 4882 18
302 4833 347 4898 τῆς
370 4829 449 4888 αἰτίας
467 4831 548 4901 ἀρχὴν
572 4833 615 4885 καὶ
633 4837 706 4884 πᾶσιν
724 4834 760 4884 Βι
783 4837 829 4902 τῆς
880 4837 948 4886 unde
962 4841 1044 4904 τραπῇ
1061 4839 1157 4899 (deleto
1168 4836 1278 4904 γένηται)
1292 4839 1401 4886 coniecit
1415 4839 1536 4888 Meineke

173 4916 253 4984 ἀρχῆς
271 4915 350 4968 αἰτίαν
369 4916 412 4968 καὶ
425 4922 497 4970 πᾶσιν
511 4921 532 4971 C
545 4931 571 4971 et
583 4925 661 4972 ceteri
675 4931 703 4972 ut
715 4923 827 4972 videtur:
881 4924 938 4972 coli.
959 4923 1176 4974 Laerev11142
1195 4921 1302 4991 γίνεσθαι
1325 4921 1351 4974 δὲ
1373 4920 1416 4974 τὸν
1434 4922 1537 4990 κόσμον,

172 5008 273 5056 correxi
299 5009 458 5069 insequentis
482 5011 608 5059 enuntiati
630 5011 758 5060 sententie
780 5010 826 5058 du·
879 5005 938 5060 όταν
951 5009 980 5060 ἐκ
994 5007 1097 5079 πυρδςὴ
1111 5007 1180 5060 οθσία
1193 5010 1275 5080 τραπη
1290 5007 1317 5060 δι’
1332 5009 1403 5080 ἀέρος
1413 5009 1446 5066 είς
1456 5009 1537 5081 ύγρόν,
