3756 5736
292 295 354 360 232
523 294 602 348 XVII
638 299 687 347 Du
709 300 955 350 VETU-STORUM
973 299 1211 351 PLAClTORUM
1229 299 1409 350 FON'PIBL'S

292 463 421 545 ένσταθῇ
434 459 465 548 [f.
480 465 628 548 συνσταθῇ
641 466 680 530 cf.
693 489 722 531 ν.
734 465 785 554 11]
802 469 886 552 νέφος
897 491 944 530 πε·
996 493 1058 554 φος
1081 469 1275 544 κυανίζειν,
1302 471 1364 553 τὴν
1386 468 1414 532 δ’
1442 469 1552 552 αὐγὴν
1573 469 1651 552 ἐρυ·

296 566 492 649 πυκνωμένον,
508 572 665 650 τηνικαῦτα
679 570 876 653 ἐμπιπτούσης
893 576 945 653 τῆς
997 571 1219 656 θραίνεσθαι.

293 669 384 752 αὐγῆς
407 671 440 732 τὸ
463 670 549 754 νέφος
569 675 690 734 κυανοῦν
712 673 760 734 διὰ
778 673 830 754 την
846 677 945 756 κρᾶσιν

293 771 398 854 γίνεται
421 774 454 835 τὸ
484 774 516 836 δὲ
542 773 779 858 περιφαινόμενον
802 779 838 855 τῇ
868 774 944 856 αὐγῇ

294 879 440 958 φοινικοῦν
462 876 495 938 τὸ
517 875 550 938 δὲ
573 875 603 938 ὂν
627 875 707 937 κάτω
729 876 841 939 λευκόν·
858 918 891 936 .-

333 973 575 1061 Ἀριστοτέλης
590 979 623 1040 δὲ
637 979 829 1061 κατοπτρικὴν
850 978 946 1061 ἐποιή-

295 1099 365 1142 σοιτο
389 1076 522 1164 ἔμφασιν.
546 1081 657 1165 πέφυκε
678 1080 731 1164 γὰρ
746 1085 832 1143 τοῦτο
847 1078 944 1144 ἅσσειν

295 1177 328 1266 [l.
340 1179 475 1268 πάσχειν]
489 1183 541 1266 τἠν
558 1181 622 1267 ὄφιν
638 1181 872 1265 προσπίπτουσαν
886 1185 946 1250 τοῖς

295 1283 381 1352 λείοις
415 1287 531 1367 σώμασι
563 1285 611 1348 καὶ
639 1283 865 1366 κατακλωμένην
897 1283 944 1346 καὶ

296 1387 503 1470 ἀνακλωμένην
526 1389 588 1450 κτλ.

380 1485 569 1554 Μαρανῖται]
591 1507 612 1552 a
634 1486 859 1570 Theophrasto
882 1524 925 1534 -—
946 1485 1039 1552 testis
1068 1485 1153 1551 onim
1181 1492 1231 1550 est
1252 1484 1450 1568 Hippolytus
1472 1521 1515 1532 -
1537 1506 1652 1570 propo·

296 1589 390 1654 sitam
417 1589 579 1656 simillime
609 1589 653 1654 ad
675 1589 884 1654 Posidonium
906 1587 1098 1672 Attiumque
1124 1588 1315 1653 translatum
1343 1586 1444 1652 vides.
1488 1586 1599 1671 itaque
1625 1589 1653 1654 si

296 1691 492 1758 Placitorum
519 1693 638 1758 totiens
662 1691 875 1757 recentiorem
902 1691 1042 1756 colorem
1066 1687 1310 1775 Stoicorumque
1332 1691 1481 1757 notiones
1501 1690 1657 1774 adgnovi-
1737 1728 1739 1732 ·

296 1813 381 1876 mus,
413 1794 652 1860 Posidonianae
680 1793 874 1877 disciplinae
900 1792 1023 1876 aliquid
1048 1791 1253 1857 tribuendum
1279 1813 1352 1858 esse
1386 1792 1587 1858 auctoritatis
1619 1792 1654 1858 in

296 1897 554 1980 meteorologicis
581 1902 717 1980 certum,
746 1895 778 1960 in
805 1895 878 1960 aliis
906 1895 975 1960 veri
1003 1894 1107 1959 simile
1134 1892 1269 1958 videtur.
1314 1914 1390 1960 nam
1420 1915 1460 1960 ex
1487 1893 1654 1959 Posidonii

296 1999 408 2080 paucis
430 1998 574 2082 reliquiis
596 1997 722 2063 etiamsi
745 2003 969 2080 excerptorum
988 1995 1178 2060 industriam
1193 1995 1400 2062 arcessiveris
1416 1997 1546 2082 plenam
1560 1995 1653 2062 istius

297 2100 428 2167 scholae
449 2101 622 2183 imaginem
645 2100 827 2165 instaurare
854 2099 909 2165 vix
931 2118 971 2164 ac
996 2119 1038 2164 nc
1060 2097 1115 2164 vix
1138 2096 1267 2180 quidem
1289 2099 1419 2182 poteris.
1461 2105 1496 2165 at
1517 2099 1579 2166 hoo
1601 2100 1654 2166 rel

298 2223 337 2268 ex
360 2202 418 2286 eis,
441 2223 524 2285 quae
546 2203 643 2268 modo
667 2201 798 2285 contuli,
822 2202 909 2267 clare
928 2207 1065 2286 apparet
1080 2205 1280 2265 vetustorum
1296 2201 1491 2268 Placitorum
1506 2203 1654 2268 collecto-

296 2323 364 2368 rem
391 2323 432 2368 ex
460 2304 574 2370 eodem
602 2302 775 2368 seminario
804 2303 983 2386 profectum
1011 2323 1084 2368 esse
1110 2301 1196 2366 unde
1223 2301 1378 2367 Geminus
1406 2301 1655 2387 Asclepiodotus

296 2405 460 2472 Diodorus
486 2404 647 2470 utilissimi
670 2411 877 2488 excerptores
904 2411 937 2472 et
965 2403 1168 2488 disciplinam
1197 2412 1392 2488 acceperunt
1424 2413 1457 2472 et
1485 2407 1654 2472 collectam

297 2507 475 2574 materiam.
601 2587 602 2590 γ

382 2611 580 2678 Medicorum
602 2618 802 2677 vetustorum
825 2610 995 2694 opiniones
1010 2609 1206 2676 Placitorum
1227 2631 1292 2676 nou
1307 2611 1472 2678 minimum
1489 2631 1656 2678 ornamen-

297 2723 364 2781 tum
391 2735 457 2779 non
484 2713 595 2779 dubito
624 2713 700 2797 quin
728 2713 822 2778 simul
849 2734 920 2778 cum
948 2712 1064 2779 ceteris
1091 2712 1251 2796 capitibus
1280 2733 1320 2778 ex
1349 2720 1477 2780 vetusto
1500 2713 1653 2780 thesauro

298 2817 477 2883 translatae
492 2816 565 2881 sint.
599 2817 730 2882 ultimus
753 2823 802 2882 est
823 2815 1046 2900 Asclepiades,
1069 2815 1159 2880 cuius
1180 2814 1269 2880 sama
1290 2815 1362 2898 ipso
1384 2816 1459 2882 rivo
1478 2823 1570 2883 tanta
1585 2824 1655 2883 erat

298 2927 333 2985 ut
355 2919 397 2984 ab
419 2919 550 2986 homine
572 2919 752 2986 medicinae
774 2919 900 2984 curioso
922 2920 1011 2985 nullo
1034 2917 1130 2984 modo
1153 2925 1264 3002 posset
1286 2917 1464 3002 praeteriri.
1499 2919 1557 2985 sed
1572 2919 1655 3004 prio

297 3043 367 3086 rum
400 3021 596 3087 medicorum
626 3023 747 3106 placita
774 3021 861 3087 unde
890 3021 1072 3088 fluxerunt?
1111 3020 1354 3104 Theophrastus
1380 3020 1414 3086 in
1442 3020 1655 3105 Opinionibus

299 3123 396 3190 etiarn
418 3123 460 3190 de
482 3125 693 3206 generatione
714 3123 902 3190 animalium
923 3121 1131 3208 physicorum
1152 3121 1284 3187 decreta
1307 3124 1437 3207 collegit
1460 3125 1547 3190 unde
1570 3125 1656 3191 Ana-

298 3225 457 3290 ximandri
485 3227 704 3310 Anaxagorae
731 3224 883 3292 Archelai
909 3223 1030 3308 placita
1057 3224 1091 3289 in
1120 3224 1281 3308 excerptis
1310 3233 1385 3291 sunt
1412 3227 1551 3294 residua
1598 3228 1655 3294 sed

297 3329 440 3394 medicos
461 3349 537 3393 num
560 3329 734 3395 studiosius
756 3327 944 3394 tractaverit
967 3327 1158 3411 perdubium
1181 3333 1239 3392 est
1271 3347 1347 3392 uam
1369 3335 1404 3394 ut
1421 3329 1477 3396 ille
1492 3329 1654 3416 physicos,

297 3431 344 3496 ita
365 3431 502 3496 Menon
525 3439 557 3498 et
578 3433 649 3516 ipse
663 3431 847 3498 Aristotelis
870 3429 1046 3514 discipulus
1069 3429 1211 3495 medicos
1233 3429 1267 3495 in
1288 3431 1491 3496 utilissimam
1506 3433 1655 3518 syllogeu

298 3539 521 3618 congesserat,
551 3553 647 3616 quam
673 3535 716 3600 ad
744 3535 830 3600 illius
857 3533 1024 3616 exemplar
1050 3533 1219 3598 collectam
1242 3553 1314 3598 esse
1337 3533 1483 3600 Galenus
1505 3536 1657 3618 quodam-

298 3635 395 3701 modo
430 3634 612 3718 significare
644 3635 773 3702 videtur
806 3656 878 3701 cum
910 3641 984 3718 post
1016 3634 1254 3719 Theophrastei
1286 3635 1430 3718 corporis
1462 3637 1576 3702 laudes
1604 3635 1655 3724 [cs.

299 3735 462 3820 Theophr.
484 3737 522 3801 tr.
538 3735 589 3824 5⁸]
617 3737 699 3804 haec
727 3739 893 3803 continuat
920 3740 1018 3822 decep
1045 3761 1077 3821 γε
1103 3741 1188 3802 πάλιν
1217 3739 1242 3802 εἰ
1265 3739 1316 3808 τὰς
1336 3743 1394 3802 τῶν
1417 3742 1549 3804 παλαιῶν
1572 3739 1656 3811 δόξας

299 3841 412 3909 ἐθέλοις
430 3841 592 3924 ἱστορῆσαι,
611 3841 734 3924 πάρεστί
754 3861 799 3903 σοι
814 3843 869 3909 τὰς,
882 3845 934 3924 τῆς
952 3839 1120 3924 Ἰατρικῆς
1141 3847 1345 3926 συναγωγῆς
1365 3843 1524 3924 ἀναγνῶναι
1541 3842 1655 3929 βίβλους

300 3943 547 4027 ἐπιγεγραμμένας
569 3944 620 4026 μὲν
633 3940 832 4026 Ἀριστοτέλει,
855 3943 1087 4025 ὁμολογουμένας
1110 3945 1142 4007 δὲ
1165 3945 1221 4008 ὑπὸ
1243 3949 1295 4007 τοῦ
1311 3943 1477 4015 Μένωνος
1499 3947 1532 4016 ὃς
1552 3947 1588 4032 ἧν
1605 3971 1655 4030 μοι·

298 4048 393 4131 θηπὴς
406 4047 496 4110 αὐτοῦ
510 4047 682 4130 γεγράφθαι,
706 4047 751 4109 διὸ
767 4046 813 4108 καὶ
830 4044 1018 4110 Μενωνεια
1032 4048 1290 4130 προσαγορεύουσιν
1306 4045 1376 4109 ἔνιοι
1392 4049 1472 4112 ταυτὶ
1495 4050 1531 4112 τὰ
1549 4051 1655 4135 βιβλία.

298 4154 386 4234 δῆλον
402 4151 434 4213 δὲ
450 4151 493 4213 ὅτι
508 4151 557 4213 καὶ
573 4152 589 4213 ὁ
606 4147 713 4212 Μένων
735 4149 843 4218 ἐκεῖνος
859 4150 1042 4233 ἀναζητήσας
1058 4150 1202 4230 ἐπιμελῶς
1217 4149 1253 4212 τὰ
1268 4151 1470 4235 διασῳζόμενα
1485 4151 1547 4215 κατ’
1567 4153 1655 4216 αὐτὸν

298 4252 339 4317 ἔτι
361 4257 420 4316 τῶν
443 4255 574 4316 παλαιῶν
599 4253 704 4336 ἰατρῶν
729 4253 835 4337 βιβλία,
857 4251 908 4320 τὰς
930 4251 1014 4322 δόξας
1033 4253 1129 4316 αὐτῶν
1149 4253 1262 4316 ἐκεῖθεν
1277 4252 1439 4332 άνελέέατο,
1462 4259 1520 4318 τῶν
1543 4253 1568 4318 δ’
1596 4255 1655 4338 ἤδη
1718 4309 1722 4317 .

297 4356 516 4441 διεφθαρμένων
530 4399 537 4415 .
551 4399 559 4414 .
572 4399 580 4414 .
595 4357 649 4419 οὐκ
662 4356 785 4440 ἠδύνατο
797 4359 912 4440 γράψαι.
937 4353 1154 4419 oblitteratam
1168 4355 1262 4420 huius
1274 4355 1348 4422 libri
1360 4357 1548 4423 memorium
1560 4355 1656 4444 [Reae

296 4459 350 4524 Ar.
364 4480 413 4542 ps.
429 4480 459 4542 p.
474 4455 547 4544 385]
569 4457 663 4523 nobis
686 4478 751 4522 non
775 4477 962 4523 concessum
984 4457 1122 4522 arbitror
1142 4458 1236 4523 vanis
1252 4459 1444 4525 coniecturis
1467 4481 1508 4527 ex
1524 4459 1656 4526 Placitis

296 4562 461 4628 suscitare.
493 4561 584 4626 iuvat
599 4568 708 4626 tamen
724 4560 839 4643 quibus
855 4559 984 4624 auxiliis
1000 4565 1093 4624 vetus
1116 4561 1269 4626 collector
1285 4563 1331 4626 uti
1347 4561 1487 4645 potuerit
1502 4584 1568 4628 non
1583 4583 1656 4629 esse

297 4664 450 4732 nescium.
485 4663 542 4730 sed
566 4663 664 4730 etiam
681 4667 796 4746 postea
811 4682 832 4726 a
846 4661 1082 4746 problematum
1106 4662 1315 4746 scriptoribus
1338 4665 1495 4731 eiusmodi
1519 4664 1656 4730 medico-

174 4751 186 4768 ’
296 4787 366 4831 rum
395 4766 557 4832 breviaria
585 4765 731 4833 coniecta
758 4785 829 4830 esse
859 4771 895 4830 ut
920 4784 979 4847 per
1005 4785 1040 4830 se
1063 4764 1233 4850 probabile
1255 4771 1305 4832 est
1323 4766 1371 4831 ita
1393 4787 1456 4832 uno
1471 4764 1657 4850 specimine

297 4867 480 4936 confirmari
503 4875 619 4956 potest,
643 4866 729 4952 quod
752 4866 836 4934 inter
857 4866 950 4933 varia
971 4867 1175 4951 problemata
1196 4867 1230 4934 in
1251 4869 1321 4937 cod
1337 4868 1502 4936 Marciano
1518 4869 1579 4933 521
1604 4864 1654 4955 [ci.
