3710 5730
687 435 962 487 enonsoousss
1459 435 1499 498 γρ

141 599 325 684 Scapticum
358 620 486 684 quoquc
512 601 566 666 vol
593 599 821 668 Academicum
847 603 1014 686 inducere,
1047 603 1102 686 qui
1133 605 1340 684 Empedoclen
1373 605 1499 667 Ancon

137 721 240 784 por-an
269 703 479 767 Denrooritnm
504 705 710 768 Parmeniden
740 706 958 787 Xenophanem
984 707 1144 769 Platonem
1171 711 1263 770 etiarn
1291 717 1320 769 et
1342 707 1501 770 Socraten

138 803 399 870 haesitantesde
413 823 491 871 vero
507 804 652 888 prolerre
667 805 817 872 solebant
833 805 912 888 [Cic.
930 807 1054 872 Lucull.
1070 811 1091 873 5
1116 819 1148 870 14
1163 809 1272 874 Laert.
1287 809 1336 873 IX
1348 809 1499 890 11-131,

138 905 215 971 talis
237 905 336 988 igitur
358 905 533 990 explicatio
556 907 657 974 sicui
679 908 868 992 probabitur
889 929 956 974 non
977 909 1175 993 repugnabo.
1209 911 1334 976 interca
1355 911 1412 975 illo
1435 912 1500 994 περὶ

137 1008 280 1092 αἱρέσεων
303 1007 396 1074 titulo
420 1009 567 1092 quamvis
582 1009 750 1094 aptissime
766 1010 774 1046 ¹
796 1009 917 1076 Ariano
932 1011 1014 1077 libro
1032 1019 1260 1096 praeponatur,
1283 1032 1341 1094 pro
1358 1012 1500 1095 genuino
1552 1089 1555 1096 γ

138 1109 186 1174 nti
211 1111 298 1175 nolo.

225 1211 420 1280 Brevissima
440 1213 604 1280 Mainakei
626 1214 817 1298 perdubiam
840 1216 1026 1300 opinionem
1047 1225 1157 1300 tango,
1180 1235 1277 1298 quam
1299 1216 1501 1300 displicuisse

141 1313 350 1380 Volkmanno
372 1315 468 1382 video
492 1313 543 1402 [N.
566 1317 681 1382 Jahrb.
703 1317 725 1382 f.
741 1317 824 1382 Phil.
849 1318 930 1383 1811
955 1339 986 1402 p.
1002 1320 1067 1384 684
1078 1320 1171 1401 sqq.].
1194 1318 1285 1402 apud
1301 1318 1501 1386 Clementem

140 1416 229 1482 enim
252 1423 301 1482 est
317 1416 433 1483 Strom.
449 1419 465 1482 I
481 1419 523 1484 14
542 1429 573 1483 61
596 1442 629 1504 p.
646 1421 804 1486 361P0tt.
828 1423 911 1484 πάλιν
934 1420 972 1484 αὖ
992 1420 1103 1486 Χίλωνι
1126 1426 1168 1506 τῷ
1192 1423 1412 1506 Λακεδαιμονίῳ
1435 1426 1500 1487 οἰνα-

137 1519 260 1603 φέρουσι
281 1521 315 1583 τὸ
340 1521 447 1604 μηδὲν
469 1521 564 1606 ἄγαν.
607 1522 742 1607 Στράτων
765 1524 798 1586 δὲ
820 1525 850 1586 ἐν
872 1529 914 1609 τῷ
939 1523 1008 1608 Περὶ
1031 1526 1203 1608 εὑρημάτων
1225 1523 1424 1609 Στρατοδήμιρ
1447 1525 1500 1606 [ei.

140 1619 297 1687 Nietsche
319 1621 401 1686 hius.
422 1622 483 1688 Rh.
506 1625 599 1690 XXV
621 1623 698 1706 228]
719 1631 762 1711 τῷ
786 1623 917 1710 Τεγεάτγγ
944 1629 1103 1710 προσάπτει
1128 1629 1161 1690 τὸ
1185 1627 1376 1712 ἀπόφθεγμα,
1398 1627 1500 1691 Διδυ-

138 1747 204 1806 μος
225 1725 258 1787 δὲ
280 1723 392 1788 Σόλωνι
414 1725 486 1789 αὐτὸ
508 1728 678 1811 ἀνατίθησιν
701 1729 800 1813 ὥσπερ
823 1729 923 1811 ἀμέλει
947 1726 1122 1814 Κλεοβούλῳ
1144 1731 1177 1792 τὸ
1200 1730 1327 1813 μέτρον
1349 1729 1499 1814 ἄριστον.

136 1825 222 1891 hacc
235 1825 331 1892 Ario
346 1826 487 1912 Didymo
503 1829 691 1896 vindicabat
705 1830 906 1914 Mainakeus,
922 1829 1143 1915 Symposiacis
1159 1830 1417 1897 chalcenteri
1432 1833 1501 1898 sire

138 1928 228 2011 quod
242 1927 284 1994 hi.
302 1928 481 1996 Schmidtio
504 1929 647 2018 [Didymi
669 1931 707 1996 fr.
731 1953 762 2016 p.
779 1932 855 2014 372]
878 1932 981 2014 magis
1004 1933 1112 2016 placet
1132 1932 1265 2018 Didymi
1280 1933 1462 2000 Heraclidis
1477 1935 1499 1999 f.

136 2031 280 2096 Neronis
296 2031 444 2114 aequalis
455 2032 691 2099 Volkmannus.
715 2033 816 2099 utrius
832 2033 873 2099 sit
887 2035 995 2100 verior
1010 2034 1204 2119 coniectura,
1221 2055 1261 2100 ox
1276 2035 1338 2101 hoc
1353 2055 1416 2100 uno
1428 2037 1500 2100 loco

135 2132 246 2198 dirimi
268 2133 389 2215 nequit.
424 2153 500 2200 nam
523 2135 583 2201 atsi
598 2135 789 2204 Meinekcus
811 2135 900 2202 haud
921 2136 1019 2202 dubie
1040 2137 1161 2203 erravit
1184 2138 1367 2203 universam
1382 2157 1403 2202 a
1418 2137 1502 2202 Tha-

135 2236 204 2301 lete
219 2234 459 2319 philosophiam
483 2221 687 2304 ddcucmisss
709 2239 821 2304 Arium
844 2238 1003 2324 opinatus,
1026 2239 1103 2322 quid
1118 2239 1253 2324 impedit
1274 2239 1445 2322 quominus
1467 2239 1501 2304 in

137 2337 307 2420 prooemio
329 2337 484 2403 leviorem
511 2339 606 2406 istam
633 2340 942 2424 apophthegmatum
965 2339 1152 2406 memoriam
1177 2348 1342 2424 tamqnam
1363 2341 1501 2407 rudioris

137 2437 368 2523 philosophiae
391 2441 608 2508 testimonium
631 2447 752 2508 tactam
771 2441 962 2508 eradamus?
988 2442 1221 2527 Apollodorum
1243 2443 1372 2526 quidem
1387 2443 1502 2527 Epicu·

136 2560 230 2605 reum
252 2542 283 2605 ἐν
305 2548 348 2628 τῷ
371 2542 454 2628 Περὶ
476 2551 547 2608 τῶν
569 2545 772 2630 φιλοσόφων
795 2545 963 2630 αἱρέσεων
985 2545 1148 2611 simillima
1170 2544 1316 2628 proferre
1338 2565 1404 2612 non
1426 2565 1502 2630 pae-

135 2643 235 2708 nituit
256 2645 438 2728 ethiopi
458 2647 501 2711 60
521 2653 581 2717 τοῖς
603 2671 634 2711 τε
657 2648 822 2733 ἀνθρώποις
844 2650 1064 2736 συνεβούλευσεν
1087 2645 1194 2734 (Solo)
1216 2649 1257 2718 ὥς
1278 2671 1365 2733 φησιν
1384 2648 1500 2714 Ἀπολ-

134 2747 294 2830 λόδωρος
315 2748 346 2811 ἐν
368 2755 411 2834 τῷ
437 2747 474 2814 Π.
496 2774 522 2814 τ.
544 2775 575 2836 φ.
602 2752 661 2836 cip·
688 2753 775 2815 τάδε·
802 2753 1017 2836 καλοκάγαθίαν
1044 2753 1132 2836 ὅρκου
1159 2751 1328 2834 πιστοτέραν
1355 2749 1425 2836 ἔχε·
1459 2753 1500 2835 μὴ

136 2849 248 2934 ψεύδου
274 2854 336 2913 κτλ.
372 2857 407 2914 at
432 2851 503 2935 ipse
530 2851 681 2918 Clemens
709 2873 781 2918 cum
809 2854 850 2920 da
878 2853 1081 2938 philosophis
1111 2853 1298 2918 mulieribus
1325 2853 1501 2938 Didymum

135 2953 168 3014 ἐν
201 2951 415 3034 Συμποσιακοῖς
441 2953 518 3020 citet
548 2953 665 3020 Strom.
687 2955 733 3020 IV
754 2957 867 3020 19123
897 2977 927 3040 p.
949 2957 1014 3022 620
1038 2957 1122 3021 Pott.
1150 2961 1183 3022 et
1210 2975 1231 3021 a
1257 2955 1359 3022 libelli
1390 2955 1501 3022 indole

136 3053 203 3118 VII
224 3054 408 3138 sapientum
430 3055 586 3121 memoria
610 3055 861 3141 haudquaquam
883 3057 1069 3141 abhorreat,
1091 3057 1172 3122 illud
1193 3077 1321 3140 quoque
1343 3057 1502 3140 fragmen-

133 3164 206 3222 tum
235 3155 455 3241 Symposiacis
477 3157 599 3225 addere
621 3160 724 3243 magis
747 3168 999 3227 consentancum
1024 3167 1082 3226 est.
1114 3179 1174 3226 nec
1196 3160 1314 3226 dubiae
1337 3159 1384 3225 rei
1406 3159 1501 3226 iidem

133 3259 230 3324 nuxit
245 3259 448 3343 Mainakeus,
471 3279 544 3324 cum
560 3259 737 3328 Clementis
759 3263 865 3330 locum
880 3262 1010 3329 tertium
1026 3263 1080 3345 qui
1095 3262 1137 3328 de
1152 3263 1286 3329 Theano
1302 3281 1343 3327 cx
1358 3261 1501 3346 Didymo

134 3453 162 3500 in
182 3452 262 3502 simili
280 3459 446 3515 argumento,
465 3452 597 3502 dividendi
616 3454 700 3504 stadio
718 3461 804 3505 autem
822 3457 900 3505 etism
917 3457 1015 3505 maiore
1033 3461 1148 3504 versatur
1166 3455 1250 3504 Varro
1268 3453 1294 3500 in
1311 3449 1377 3498 libro
1395 3451 1427 3498 de
1444 3449 1501 3512 phi-

134 3538 260 3603 losophia
276 3539 345 3602 Aug.
358 3539 383 3588 d.
402 3555 423 3587 c.
442 3539 467 3588 d.
481 3539 547 3588 XIX
564 3537 639 3590 1-3
658 3543 701 3604 qni
719 3557 751 3591 ex
769 3543 894 3606 tripertita
915 3542 1004 3592 tiniam
1027 3542 1153 3591 bonorum
1174 3549 1200 3587 et
1221 3539 1347 3586 malornm
1369 3539 1501 3602 partitioni

135 3625 358 3676 ccaxxxvm
376 3633 459 3674 sectae
481 3626 567 3690 inepte
586 3627 678 3678 effecit.

213 3711 222 3741 ¹
242 3713 310 3763 unde
330 3713 510 3762 Volkmannus
529 3711 575 3774 (N.
589 3714 675 3778 jahrb.
694 3715 712 3766 l.
730 3717 761 3766 ol.
780 3715 843 3780 phil.
865 3714 930 3767 1871
951 3733 976 3780 p.
991 3712 1056 3778 685,
1081 3715 1125 3779 qui
1148 3715 1220 3764 illum
1238 3713 1339 3762 titulum
1357 3713 1390 3761 ad
1410 3713 1502 3760 Arium

134 3802 268 3865 pertinere
288 3799 375 3863 negat)
400 3799 518 3849 didicerit
542 3801 607 3850 tales
629 3801 708 3852 libros
732 3803 855 3853 historica
877 3816 931 3851 non
954 3803 1103 3866 dogmatum
1121 3804 1222 3852 atione
1241 3801 1397 3864 conscriptos
1416 3801 1502 3859 fuisse,

134 3891 221 3940 hasta
239 3901 344 3951 quaero.
364 3887 498 3936 Theodori
517 3887 621 3949 quidem
633 3887 788 3941 Clitomachi
804 3891 925 3940 Panaetii
938 3889 1117 3939 Eratosthenis
1135 3886 1191 3956 περὶ
1209 3885 1327 3956 αἱρέσεων
1345 3901 1430 3938 υιιτιιυ
1448 3903 1502 3936 om·

134 3979 202 4026 nino
222 3973 404 4040 philosophiae
423 3973 557 4023 historiam
577 3989 610 4024 an
628 3977 710 4040 ipsam
728 3977 923 4041 philosophiam
942 3977 1079 4039 tetigerint,
1099 3975 1235 4026 dubitatur.
1256 3975 1287 4026 ci.
1301 3975 1422 4026 Nietsehe
1436 3975 1503 4024 hius.

134 4061 367 4115 auxiliatus.
392 4069 476 4111 exstat
495 4061 587 4112 Galeni
611 4062 667 4130 cept
685 4061 805 4132 αἱρέσεων
825 4063 1006 4128 compendium
1025 4077 1078 4112 ιιοιι
1098 4070 1241 4128 temporum
1259 4063 1359 4112 radone
1378 4063 1505 4125 composi-

134 4160 199 4200 tum.
239 4149 294 4200 Neo
311 4149 527 4201 Pseudo-Galeni
550 4149 609 4198 hist.
634 4149 697 4213 phil.
717 4149 767 4202 cl
787 4151 842 4220 περὶ
865 4149 983 4219 αἱρέσεων
1007 4151 1133 4200 inutiliter
1155 4150 1352 4214 comparabitur.
1380 4149 1503 4210 imprimis

135 4239 266 4289 Varronis
279 4245 367 4287 satura
378 4234 434 4304 cepi
447 4233 565 4303 αἱρέσεων
584 4237 740 4288 conferenda
759 4241 829 4288 euius
848 4235 1048 4302 fragmentumh
1066 4237 1163 4288 Buech.
1182 4233 1208 4297 [l
1229 4235 1311 4298 Ries]
1334 4237 1426 4284 Ariani
1443 4249 1503 4299 pro·

135 4327 216 4374 oemii
236 4325 366 4374 simillima
383 4331 485 4374 mactat.
509 4325 540 4374 oi.
564 4322 711 4374 Sesonlixes
729 4327 759 4375 fr.
773 4322 807 4376 23
820 4323 879 4390 [24]
898 4335 923 4376 et
942 4323 976 4376 25
988 4322 1055 4388 [26].
1088 4325 1119 4375 ci.
1139 4339 1217 4389 supra
1238 4340 1263 4388 p.
1277 4317 1337 4373 78⁴.
1368 4324 1503 4386 praecipue

135 4411 188 4460 hnc
206 4411 270 4460 iacit
288 4411 444 4475 Apollodori
463 4411 585 4474 Epicurei
603 4409 752 4479 nepisina
771 4409 949 4481 φιλοσόφων
972 4409 1123 4479 αἱρέσεων
1149 4409 1192 4474 [cf.
1212 4409 1309 4475 supra]‚
1329 4423 1394 4471 quae
1413 4409 1505 4460 eadem

134 4499 242 4548 videtur
254 4507 331 4562 atque
348 4498 463 4547 eiusdem
481 4497 612 4566 συναγωγὴ
631 4502 683 4549 τῶν
701 4495 842 4567 δογμάτων,
860 4503 946 4552 Laert
961 4501 1014 4550 vu
1030 4498 1087 4551 181.
1117 4501 1160 4562 qui
1178 4515 1236 4549 eum
1252 4497 1357 4561 Epicuri
1377 4503 1403 4546 et
1420 4496 1503 4561 Chry·

133 4587 204 4650 cippi
222 4585 359 4636 memoriae
377 4585 431 4635 iilic
449 4591 564 4646 testetur,
582 4586 705 4650 Leucippi
722 4587 893 4652 patrocinium
910 4586 1008 4650 [Laoc.
1027 4587 1054 4636 X
1074 4579 1124 4652 13]
1141 4585 1256 4636 indidem
1267 4584 1373 4650 petitum
1397 4585 1505 4634 coniecit

135 4673 268 4722 Hiraclius
286 4671 439 4723 Untersuch.
457 4669 559 4734 11841,
580 4675 623 4736 qui
638 4667 789 4738 ‘sophistae'
809 4676 878 4726 illius
896 4675 982 4726 studia
1000 4674 1065 4724 bene
1084 4673 1233 4737 explicarit.
1256 4687 1317 4720 num
1330 4668 1503 4735 Theophrasti

134 4759 257 4822 exemplo
282 4759 405 4823 dogmata
428 4761 542 4810 omnium
565 4759 778 4825 philosophorum
801 4761 1023 4827 comprehenderit
1046 4775 1080 4810 an
1103 4761 1169 4809 Ario
1192 4759 1330 4823 proluserit
1348 4757 1502 4821 principales

136 4853 221 4894 sectas
237 4847 398 4910 potissimum
411 4847 561 4910 exponenti,
579 4849 605 4896 in
624 4847 710 4896 medio
728 4850 881 4912 relinquam,
897 4848 1048 4913 praesertim
1061 4863 1118 4898 cum
1131 4845 1279 4897 Philodami
1292 4848 1345 4896 τῶν
1358 4842 1503 4914 φιλοσόφων

135 4926 250 4990 aiamim
262 4931 361 4994 [Laert.
375 4933 400 4982 ll
413 4930 443 4996 3]
454 4947 545 4997 parum
563 4933 597 4982 sit
614 4941 683 4984 nota.
697 4935 854 4999 Apollodori
867 4937 947 4986 libros
965 4933 1021 5002 πιρλ
1038 4934 1084 4983 τοῦ
1095 4927 1244 5000 Ἐπικουρου
1263 4929 1318 4999 βίου
1336 4930 1434 4993 [Laert.
1448 4929 1503 4982 xi

136 5019 168 5068 oi.
185 5020 211 5068 X
226 5019 257 5070 10
275 5019 398 5071 Nietsohe
417 5019 485 5070 hius.
504 5019 553 5070 Bh.
573 5021 665 5072 XXIV
686 5021 749 5086 lae]
767 5033 834 5074 recte
853 5025 982 5074 iliraelius
1000 5021 1102 5072 ridetur
1119 5021 1262 5072 secluoiese.
