3708 5732
700 425 977 479 raouasoruana
1458 424 1520 488 103

241 597 454 684 Physicomm
476 595 573 680 igitur
588 593 801 682 opinionibus
816 593 1083 683 philosophorum
1099 616 1120 661 a
1140 598 1276 665 Thalete
1291 595 1334 660 ad
1350 595 1520 660 Platonem

154 700 284 768 turham
306 699 353 766 ita
374 699 546 784 recensuit,
568 698 703 784 utquid
725 698 767 764 de
789 697 924 780 singulis
946 702 1065 791 singuli
1088 701 1247 792 capitibus
1262 703 1443 766 statuerent
1457 717 1523 762 nou

154 803 259 870 solnm
282 801 424 868 breviter
446 801 618 886 indicaret,
649 802 708 868 sed
735 801 832 868 etiam
859 805 935 886 quid
958 809 1044 876 male
1066 809 1145 892 quid
1167 811 1256 872 recte
1287 799 1364 886 quid
1393 798 1523 882 proprie

154 903 356 988 cogitassent
383 903 426 970 ad
456 903 685 970 Aristoteleam
712 922 858 970 normam
886 907 1088 978 diiudicaret.
1132 911 1319 996 prinsquam
1347 923 1425 968 vero
1454 907 1521 966 tam

154 1005 350 1074 admirabile
373 1027 455 1092 opus
477 1005 656 1090 susciperet
677 1025 743 1071 non
758 1009 862 1072 solum
877 1009 1062 1078 Aristotelis
1082 1011 1202 1078 iudicia
1224 1006 1356 1089 pellegit
1378 1013 1410 1072 ct
1425 1003 1522 1070 anxie

155 1107 311 1194 respexit,
334 1109 393 1176 sed
415 1107 486 1194 ipse
508 1127 637 1192 quoque
658 1107 702 1172 ad
724 1107 830 1175 fontes
852 1110 933 1176 adiit
952 1119 985 1179 et
999 1114 1193 1180 nobiliorum
1207 1108 1472 1197 philosophorum
1487 1111 1522 1170 ut

154 1213 373 1295 Anaxagorae
394 1209 607 1278 Anaximenis
621 1210 772 1277 Archelai
789 1212 946 1296 Diogenis
961 1216 1168 1301 Empedoclis
1184 1211 1360 1282 Metrodori
1376 1207 1522 1276 Platonis

154 1313 363 1398 Xenocratis,
390 1312 613 1398 copiosissime
637 1314 814 1381 Democriti
836 1316 1001 1384 doctrinas
1023 1318 1241 1403 peculiaribus
1263 1313 1382 1380 libellis
1405 1309 1523 1376 exami-

156 1416 260 1483 narit.
305 1416 363 1483 sed
387 1435 427 1482 ex
451 1417 600 1483 omnibus
622 1416 693 1482 istis
715 1417 843 1502 scriptis
866 1439 964 1486 unum
983 1421 1198 1506 fragmentum
1222 1424 1329 1485 exstat
1351 1435 1392 1481 ex
1420 1413 1523 1478 altero

160 1520 205 1586 de
233 1518 432 1602 Anaxagora
461 1518 543 1586 libro
569 1518 607 1584 tr.
624 1520 666 1585 26
689 1517 803 1605 Usen,
830 1522 916 1604 quod
936 1523 1013 1590 fr.4
1033 1533 1166 1591 noshae
1194 1523 1338 1608 sylloges
1366 1512 1523 1582 subieci.¹

160 1622 239 1689 huic
253 1621 412 1689 materiae
426 1621 568 1706 undique
590 1622 757 1706 collectae,
781 1642 878 1706 quam
900 1627 1076 1694 contuleris
1099 1647 1171 1694 cum
1186 1619 1371 1691 Aristotelis
1388 1616 1524 1700 Potitiis,

161 1723 380 1810 superstruxit
394 1725 537 1810 amplam
552 1722 764 1808 Physicorum
777 1723 971 1809 Opinionum
986 1730 1145 1814 syllogen‚
1161 1747 1245 1812 quae
1258 1726 1324 1791 iam
1335 1719 1524 1788 Alexandri·

157 1847 276 1894 norum
301 1833 411 1894 aetate
437 1827 470 1891 in
493 1826 629 1892 duorum
656 1825 810 1892 librorum
833 1829 997 1913 epitomen
1019 1839 1133 1897 coacta
1154 1837 1204 1898 est
1225 1830 1289 1913 περὶ
1311 1829 1441 1912 φυσικῶν
1464 1823 1522 1886 ἐπι-

155 1935 251 2014 τομῆς
268 1917 294 1994 α
312 1916 338 2015 E
357 1926 474 2015 [Laert.
499 1931 519 1994 l.
536 1949 563 1996 o.
578 1925 643 2015 46].
665 1929 865 2012 epitomandi
887 1953 965 2000 usus
983 1933 1122 2002 fortasse
1137 1933 1201 1999 iam
1216 1927 1399 1997 Aristotelis
1414 1931 1524 1992 aetate

157 2052 229 2098 non
243 2031 409 2098 inauditus
423 2031 434 2062 ²
456 2033 554 2116 paulo
575 2036 649 2115 post
663 2031 709 2097 ita
723 2031 899 2100 increbruit
912 2041 948 2100 nt
962 2037 1123 2120 potiorum
1138 2031 1377 2119 Peripateticae
1391 2028 1524 2095 scholae

155 2134 314 2201 librorum
342 2134 376 2200 in
402 2154 495 2200 usum
525 2133 594 2200 sive
616 2132 882 2218 philosophorum
907 2135 978 2204 sire
999 2137 1163 2206 rhetorum
1185 2134 1377 2221 compendia
1398 2129 1521 2196 fierent.

152 2237 204 2302 ita
217 2235 435 2322 Theophrasti
457 2235 605 2302 feruntur
627 2233 660 2300 in
681 2235 840 2304 indicibus
862 2241 1041 2305 ἀναλυτικῶν
1062 2243 1203 2326 ἐπιτομῆς
1217 2241 1247 2318 ἆ,
1262 2238 1359 2320 νύμυνν
1381 2235 1523 2317 ἐπιτομῆς

153 2327 254 2420 α-Ῑ,
287 2344 417 2425 φυσικῶν
450 2339 591 2424 ἐπιτομῆς
611 2326 637 2404 α
655 2335 707 2426 [σί.
731 2359 762 2423 p.
780 2339 873 2430 102¹]
900 2341 1040 2410 fortasse
1068 2343 1166 2410 etiam
1196 2341 1295 2428 ηδικοὶ
1328 2341 1520 2425 χαρακτῆρες.

155 2449 283 2526 quanta
298 2442 449 2510 libertate
464 2449 650 2526 excerptum
668 2444 712 2510 sit
733 2465 799 2510 non
814 2445 917 2510 solum
933 2464 975 2510 ex
990 2444 1241 2529 characteribus,
1262 2461 1397 2526 quorum
1412 2446 1522 2506 amen

153 2544 230 2610 sata
245 2563 360 2629 parum
375 2546 548 2628 explorata
561 2551 645 2630 aurit,
668 2546 727 2612 sed
742 2545 839 2612 etiam
858 2565 898 2612 ex
912 2545 1141 2632 Aristophanis
1155 2543 1304 2632 Byzantii
1317 2549 1375 2606 τῶν
1387 2540 1521 2626 Ἀριστο-

154 2647 258 2718 τέλους
281 2649 346 2732 περὶ
370 2643 456 2734 ζφίων
480 2647 621 2732 epitome
644 2649 795 2733 cernitur,
817 2647 904 2714 unde
926 2667 1009 2731 quae
1031 2647 1236 2715 Constantini
1251 2645 1522 2731 Porphyrogeniti

160 2750 253 2816 iussu
277 2750 453 2834 compilata
475 2755 551 2815 sunt
566 2769 584 2816 e
600 2750 712 2817 codice
723 2751 871 2817 Parisino
888 2749 989 2816 edidit
1002 2752 1042 2817 V.
1057 2753 1182 2818 Roseus
1198 2749 1319 2817 Anecd.
1335 2749 1474 2832 graecol.
1490 2747 1522 2812 II

157 2852 277 2918 1-40.
322 2850 516 2936 Opinionum
539 2859 647 2918 autem
672 2855 730 2920 illa
751 2853 892 2938 epitome
914 2873 991 2919 usus
1017 2853 1145 2920 videtur
1165 2852 1315 2918 Laertius
1335 2851 1383 2916 IX
1406 2851 1445 2916 21
1471 2846 1520 2935 [fr.

153 2954 198 3018 24
221 2953 294 3036 Ue,
322 2953 361 3020 fr.
381 2957 425 3020 6·
457 2961 589 3020 nostrae
617 2953 703 3042 sylb]
740 2955 922 3040 Ξενοφάνους
952 2957 985 3020 δὲ
1011 2959 1147 3042 διήκουσε
1173 2955 1355 3040 Παρμενίδης
1388 2953 1520 3038 Πύρητος

147 3055 288 3140 Ἐλεάτης
311 3055 424 3141 (τοῦτον
440 3057 625 3142 Θεόφραστος
647 3059 677 3120 ἐν
700 3065 737 3140 τῇ
760 3059 885 3140 ἐπιτομῇ
905 3055 1137 3144 Ἀναξιμάνδρου
1159 3060 1246 3145 φησὶν
1269 3055 1416 3142 οἰκοῦσαι),
1440 3055 1520 3138 ὅμως

151 3161 180 3222 δ’
195 3157 246 3224 ούν
261 3161 389 3230 ἀνιούσας
405 3161 452 3223 καὶ
467 3160 649 3245 Ξενοφάνους
671 3161 725 3225 οὐκ
747 3159 948 3245 ἠκολούθησεν
971 3161 1062 3246 αύτῷ.
1096 3161 1323 3228 Parmenidem
1345 3159 1387 3224 ab
1402 3158 1519 3224 Anaxi-

150 3260 291 3326 mandro
314 3259 457 3345 pendere
473 3259 717 3345 Theophrastus
733 3261 841 3328 dicere
863 3262 919 3327 rix
934 3263 1049 3348 potuit,
1072 3264 1125 3348 qui
1140 3263 1379 3349 Xenophanem
1401 3261 1439 3325 fr.
1452 3263 1481 3326 5.
1499 3263 1520 3326 6

149 3361 358 3429 Parmenidis
381 3367 626 3447 praeceptorem
648 3363 885 3430 nominaverat.
928 3365 1055 3448 pridem
1081 3365 1311 3452 transpositum
1334 3371 1385 3430 est
1406 3365 1519 3448 Παρμε-

150 3468 235 3550 νίδης
257 3513 265 3530 .
284 3508 315 3528 ..
339 3467 476 3550 διήκουσε
497 3466 679 3551 Ξενοφάνους
702 3487 764 3551 quo
787 3472 888 3530 τοῦτον
910 3467 1029 3532 rectius
1044 3469 1226 3537 referretur.
1260 3486 1367 3551 neque
1387 3463 1519 3530 dubium

148 3569 230 3653 qnia
245 3568 327 3634 haec
342 3567 383 3634 sit
398 3567 539 3651 genuina
550 3568 723 3652 sentemia,
738 3569 797 3635 sed
808 3567 980 3650 ambigitur
996 3577 1102 3636 utrum
1114 3572 1278 3655 Diogenes
1292 3566 1520 3654 intempestive

151 3809 252 3878 φύσεως
276 3807 391 3877 ίστορίας.
424 3809 725 3860 Aristotdecael.111
747 3809 757 3860 l
778 3806 921 3875 pazeebe,
944 3809 1049 3860 Platon.
1072 3809 1289 3876 Phaed.p.9tia
1311 3811 1358 3877 τῆς
1382 3807 1469 3876 σοφίας
1487 3805 1518 3876 ἣν
1559 3842 1560 3846 ,

151 3897 186 3966 δὴ
205 3894 310 3948 καλοῦσι
335 3896 390 3964 περὶ
408 3893 505 3964 φύσεως
523 3893 631 3963 ἱστορίαν
649 3911 706 3946 cum
725 3898 917 3961 wyttenbachii
944 3907 1006 3948 ncta
1029 3897 1060 3948 cf.
1079 3899 1198 3950 Torsrrilt
1222 3898 1256 3947 ad
1280 3899 1360 3948 Arist.
1383 3899 1408 3948 d.
1433 3899 1520 3948 anima

153 4005 179 4053 p.
195 3984 255 4037 112.
275 3987 307 4037 G.
326 3986 430 4036 Curtius
449 3985 528 4035 Vcrh.
547 3985 572 4034 d.
591 3983 689 4034 saechs.
710 3985 770 4035 Ges.
792 3984 866 4046 1866,
889 3984 950 4038 146.

225 4071 231 4102 ¹
253 4075 285 4124 dc
294 4074 467 4124 Democritels
480 4073 613 4122 minimum
625 4087 671 4122 sex
685 4071 755 4122 libris
768 4074 799 4124 ei.
810 4073 941 4124 Usenerus
950 4074 967 4122 l.
977 4090 999 4122 ο.
1012 4090 1037 4137 p.
1048 4069 1089 4123 25.
1107 4089 1121 4122 ο
1134 4073 1200 4122 libro
1214 4071 1269 4140 περὶ
1281 4067 1441 4140 Δημοκρίτου
1453 4073 1519 4122 salso

148 4161 300 4212 Aristotelis
323 4163 428 4211 nominc
451 4161 573 4223 inscripto
598 4159 630 4208 V.
649 4159 749 4210 Roseus
767 4157 826 4222 [Ar.
846 4176 884 4224 ps.
902 4175 927 4224 p.
941 4157 1005 4222 813]
1024 4169 1146 4224 excerpta
1163 4169 1236 4225 putat
1259 4175 1325 4223 quae
1344 4161 1420 4210 affert
1439 4163 1518 4211 Alex·

146 4250 230 4299 ander
247 4263 289 4313 ap.
308 4247 422 4312 Simplic.
443 4246 468 4296 d.
490 4247 554 4296 coel.
573 4262 598 4310 p.
611 4243 712 4298 488¹6
731 4247 775 4297 Bt.
801 4255 936 4312 praeterea
953 4253 1062 4312 possunt
1084 4248 1118 4297 ad
1136 4249 1195 4297 illos
1214 4250 1411 4298 commentarios
1429 4249 1518 4300 referri

147 4339 295 4400 hagmenta
314 4335 377 4385 haec
401 4349 467 4397 qnae
486 4334 617 4384 Usenerue
637 4336 704 4384 inter
723 4336 822 4385 incerta
840 4336 1001 4386 enumeravit
1019 4331 1052 4385 27
1071 4336 1158 4384 Laert.
1176 4335 1255 4398 Diog.
1273 4335 1343 4386 lxo
1363 4329 1518 4402 Θεόφραστος

35 4478 37 4484 ,
146 4419 175 4472 δέ
193 4436 269 4490 φησιν
287 4417 335 4472 tet
359 4417 526 4488 μελαγχολίας
544 4419 576 4471 τὰ
594 4419 639 4487 μίν
657 4417 763 4490 ἡμιτελῆ
786 4420 818 4472 τὰ
841 4419 867 4474 tt
891 4419 981 4472 ἄλλοτε
1005 4417 1088 4478 ἄλλως
1111 4419 1203 4489 ἔχοντα
1224 4419 1317 4488 γράψαι
1330 4423 1519 4484 (Heraclitum),

148 4508 184 4562 28
202 4511 266 4560 ibid.
285 4509 326 4560 1x
344 4508 378 4561 46
397 4507 563 4570 (Democriti)
582 4506 659 4576 μίγας
681 4505 824 4574 διάκοσμος,
847 4505 874 4558 δν
898 4507 920 4559 cl
944 4508 1000 4576 περὶ
1018 4503 1175 4577 Θεόφραστον
1194 4504 1340 4560 Λευκίππου
1358 4509 1432 4577 φασὶν
1450 4509 1518 4572 εῖναι,

147 4593 665 4660 tese1.v.1s.1v20(uemocrrtus)
692 4593 739 4663 τὴν
764 4594 832 4664 παρὰ
853 4598 899 4646 τοῖν
922 4591 1088 4662 Δαμασίππου
1111 4598 1156 4647 τοῦ
1180 4593 1272 4664 πατρὸς
1295 4593 1379 4646 οὐσίαν
1402 4596 1436 4654 είς
1462 4595 1518 4664 τρία

144 4683 210 4752 μίρη
234 4678 384 4752 νεμηθεῖσαν
401 4686 453 4738 τοῖς
471 4679 586 4750 ἀδελφοῖς
609 4687 660 4739 τοῖς
678 4681 750 4750 τρισί,
773 4680 902 4750 τάργύριον
921 4681 996 4748 μόνον
1015 4679 1102 4749 λαβὼν
1120 4681 1217 4750 ἐφόδιον
1235 4685 1281 4750 τῆς
1300 4680 1371 4744 lton,
1395 4681 1426 4732 τὰ
1444 4680 1519 4732 λοιπὰ

144 4775 197 4828 τοῖς
216 4766 329 4838 ἀδελφοῖς
347 4767 420 4821 εἴασε.
444 4767 484 4820 διὰ
501 4771 580 4820 ταῦτά
598 4785 637 4820 τοι
655 4769 698 4820 καί
718 4765 874 4840 Θεόφραστος
897 4766 972 4820 αδτδν
990 4767 1074 4837 ἐπῄνει
1093 4765 1130 4820 δτι
1154 4770 1248 4838 περιῄει
1266 4769 1395 4837 κρείττονα
1413 4766 1520 4835 ἀγερμὸν

144 4856 252 4926 ἀγείρων
271 4852 399 4909 Μενελάου
417 4857 461 4908 κοιλ
479 4853 622 4914 Ὀδυσσέως.

219 4943 357 5010 ²epitome
381 4946 537 5010 reipublicae
556 4945 706 4996 Platonicae
729 4955 755 4996 ct
777 4945 911 4996 Aristoteli
938 4951 965 4996 et
983 4945 1163 5012 Theophrasto
1184 4945 1329 4996 attribuitur
1362 4945 1394 4993 cf.
1419 4943 1520 4994 Usener

143 5033 162 5085 l·
181 5047 204 5082 c.
219 5048 245 5106 p.
259 5031 301 5086 19.
334 5033 368 5084 V.
386 5033 456 5086 licta
474 5033 508 5084 da
526 5034 573 5084 Ar.
591 5033 649 5084 libr.
668 5033 724 5084 ord.
743 5049 769 5100 ρ.
782 5031 826 5087 86.
