3756 5736
326 396 389 461 180
592 398 655 447 xvi
693 397 741 446 DE
762 395 863 446 Annrl
883 393 1120 445 Pancrronnn
1140 393 1412 444 COMPOSITIONE

363 566 590 632 AetiusI311
692 561 893 646 Epiphanius
910 563 930 626 l.
943 581 970 627 c.
1063 560 1211 627 Laertius
1227 559 1308 626 ΙΧΊ
1402 557 1534 625 Eusebii
1557 577 1660 642 comp.

354 675 537 761 tiricastro<
580 677 627 738 καὶ
790 663 875 746 §ffl-
1067 671 1162 736 ἐῦὺιιει
1196 670 1221 735 θ’
1255 669 1336 755 αὐτῷ
1381 656 1684 748 XIV38[ei.p.lb9]

321 775 467 848 Ἵππασος.
483 825 490 840 .
506 823 515 840 ι.
533 779 628 863 ἀρχὴν
708 771 983 858 Ἡράκλειτοςὺτυῦ
1036 775 1201 843 καθολικῶς
1224 775 1276 856 μὲν
1290 775 1337 835 τά·
1411 773 1484 836 dhe
1500 769 1685 856 Ἡράκλειτος

326 883 384 943 τῶν
432 881 546 944 πάντων
595 880 628 942 τὸ
682 873 834 944 Βλέσιιινος
853 872 983 960 Ἐφέσιος
1036 877 1077 940 δε.
1115 877 1148 940 ἐκ
1180 876 1269 959 πυρὸς
1301 873 1338 936 τὰ
1381 875 1477 960 ἀρχὴν
1491 879 1550 937 τῶν
1569 874 1684 936 πάντων

326 985 392 1066 πῦρ.
422 982 455 1045 ἐκ
472 983 561 1066 πυρὸς
575 981 628 1064 γὰρ
681 977 714 1042 ἐκ
733 979 822 1062 πυρὸς
845 975 926 1060 ἔλεγε
947 977 984 1038 τὰ
1035 979 1129 1042 πάντα
1170 978 1338 1042 συνεστάναι
1381 975 1439 1062 ἔφη
1455 975 1527 1040 εἶναι
1540 973 1684 1060 strepat

326 1085 362 1148 τὰ
383 1087 477 1149 πάντα
498 1083 628 1166 γίνεσθαι
681 1082 773 1144 ποίντα
789 1079 860 1144 εἶναι
876 1081 924 1142 καὶ
943 1077 984 1148 είς
1009 1124 1010 1137 ι
1036 1082 1084 1144 καὶ
1107 1081 1148 1151 είς
1169 1085 1254 1144 τοῦτο
1273 1081 1338 1144 ἀνα·
1382 1079 1416 1142 οὑ
1438 1079 1474 1142 τὰ
1496 1078 1589 1142 πάντα
1615 1077 1684 1159 γίνε·

327 1189 375 1252 καὶ
398 1189 439 1259 εἰς
460 1190 517 1270 πῦρ
536 1187 629 1249 πάντα
681 1187 738 1268 πῦρ
760 1185 846 1247 παλιν
867 1182 983 1248 ἀναλίιε-
1037 1182 1168 1246 λὺεσθαι.
1381 1205 1428 1245 ται
1450 1182 1498 1246 καὶ
1521 1181 1562 1251 εἰς
1585 1181 1685 1246 θάνα-

327 1293 460 1354 τελευτᾶν
482 1289 606 1373 λέγουσι.
681 1287 761 1349 σθαι.
1009 1256 1012 1365 i
1381 1285 1489 1348 λὺεται.

414 1392 503 1476 atqui
519 1390 640 1458 Laertii
662 1389 827 1458 καθολικῶς
850 1391 1004 1471 excerpta
1017 1385 1214 1470 Eusebiiqne
1236 1387 1427 1471 compendia
1442 1406 1483 1454 ex
1498 1387 1686 1474 biographis

327 1515 477 1562 manasse
499 1493 621 1578 liquido
645 1495 772 1558 constat
798 1496 830 1556 et
853 1489 966 1555 Attius
993 1489 1231 1556 successionum
1245 1488 1445 1573 'scriptorem
1471 1489 1684 1574 capitulorum

327 1599 540 1665 collocatione
555 1595 700 1680 arguitur
721 1597 866 1660 secutum
889 1611 970 1658 esse.
1005 1592 1082 1676 quid
1096 1593 1193 1676 igitur
1208 1596 1395 1658 cunctamur
1409 1589 1548 1660 eundem
1561 1592 1684 1660 ionem

327 1702 425 1768 etiam
453 1700 638 1785 opinionum
665 1696 867 1779 aliquantum
899 1692 1087 1778 praebuisse
1119 1693 1290 1761 arbitrarii
1326 1711 1403 1777 ergo
1432 1693 1545 1761 Attius
1574 1715 1685 1762 rursus

326 1825 347 1870 a
374 1803 570 1870 Placitorum
599 1799 725 1866 sincera
751 1797 906 1864 memoria
933 1795 1079 1864 descivit.
1122 1817 1199 1862 nam
1224 1795 1311 1863 idem
1340 1804 1390 1864 est
1417 1799 1470 1882 qui
1492 1797 1525 1864 in
1548 1797 1611 1865 hoe
1632 1817 1684 1866 oa·

326 1905 393 1991 pite
416 1911 530 1972 contra
550 1923 672 1969 morem
694 1899 906 1986 philosophos
927 1899 1117 1984 impugnare
1139 1905 1275 1966 conatus
1295 1907 1354 1966 est.
1388 1909 1423 1968 ut
1445 1901 1528 1968 122
1547 1901 1683 1970 Thalem

325 2007 468 2092 putidius
489 2005 684 2090 vituperavit
706 2005 862 2089 ἁμαρτάνει
885 2001 935 2066 οῦν
951 2005 967 2066 ὑ
983 2001 1083 2086 Θαλῆς
1105 2008 1247 2089 στοιχεῖον
1262 2004 1311 2066 καὶ
1326 2005 1422 2090 ἀρχὴν
1437 2005 1529 2088 λέγων
1544 2008 1577 2070 τὸ
1593 2007 1683 2092 ὑῦιυρ,

326 2110 372 2175 sic
383 2107 671 2192 Peripateticorum
685 2106 801 2171 iterum
815 2105 914 2172 armis
928 2105 1205 2171 Anaximandrum
1220 2105 1407 2186 aggreditur
1422 2107 1437 2172 Ι
1453 2109 1473 2173 3
1488 2117 1505 2170 ³
1523 2111 1682 2194 ἁμαρτάνει

326 2213 359 2276 δὲ
385 2211 468 2281 οὖτος
491 2213 532 2296 μὴ
555 2211 646 2294 λέγων
672 2209 700 2272 τί
721 2210 835 2274 ἔστιτὸ
858 2208 976 2294 ἄπειρον
998 2208 1118 2292 πότερον
1140 2210 1199 2292 ἀήρ
1221 2208 1296 2272 ἐστιν
1320 2208 1339 2292 ἢ
1364 2209 1441 2295 step
1462 2211 1482 2295 ἢ
1505 2217 1542 2296 γῆ
1564 2213 1585 2298 ἢ
1608 2212 1683 2277 ἀλλα

325 2315 389 2379 τινὰ
416 2317 548 2397 σώματα.
583 2311 669 2394 quod
696 2329 863 2377 commone
889 2309 967 2375 facit
993 2307 1204 2394 Physicorum
1227 2309 1311 2376 1115
1333 2333 1365 2395 p.
1381 2313 1463 2378 nens
1478 2314 1521 2380 24
1547 2315 1602 2379 sici
1628 2317 1683 2400 γάρ

325 2439 398 2486 τινες
421 2417 448 2480 οἳ
463 2420 548 2480 τοῦτο
563 2419 677 2479 ποιοῦσι
692 2416 725 2478 τῦ
741 2413 868 2498 ἄπειρον,
891 2413 957 2476 ἀλλ’
974 2412 1027 2477 οὑκ
1043 2413 1116 2497 ἀέρα
1131 2412 1151 2497 ἢ
1168 2413 1256 2498 ὕδωρ.
1289 2413 1348 2479 sed
1362 2413 1548 2498 ambiguum
1562 2415 1684 2482 Aristo·

325 2518 399 2584 telis
421 2517 462 2583 de
484 2516 727 2582 Anaximandro
750 2515 912 2581 iudicium.
950 2516 1037 2580 clare
1059 2519 1167 2579 autem
1190 2513 1436 2599 Theophrastus
1457 2517 1533 2584 ind
1555 2519 1631 2603 λέγει
1654 2520 1683 2584 δ’

325 2621 415 2706 αὐτὴν
438 2617 494 2707 [se.
515 2621 611 2705 ἀρχὴν
625 2615 878 2704 Anaximander]
902 2619 976 2702 μήτε
991 2617 1069 2700 deep
1084 2618 1159 2700 μήτε
1179 2614 1251 2680 ἀλλο
1274 2640 1300 2680 τι
1322 2623 1380 2682 τῶν
1403 2621 1587 2704 καλουμένων
1610 2619 1682 2686 εἶναι

231 2715 233 2720 ’
325 2721 506 2809 στοιχείων,ι
523 2721 609 2804 quod
624 2741 665 2787 ex
680 2720 858 2805 biographo
875 2739 933 2786 suo
948 2718 1084 2802 sumpsit
1099 2716 1153 2801 [cf.
1168 2717 1263 2802 Diog.
1274 2719 1306 2786 II
1319 2722 1351 2804 1]
1366 2721 1488 2788 Aetius.
1512 2729 1547 2788 at
1561 2722 1683 2789 Aristo·

324 2827 445 2892 telenm
473 2829 537 2907 est,
565 2823 652 2906 qued
680 2823 846 2906 praecedit
867 2823 901 2887 in
922 2822 979 2887 ille
1001 2821 1077 2905 λέγει
1101 2824 1169 2903 γοῦν
1189 2821 1260 2885 διότι
1281 2822 1440 2908 ἀπέραντόν
1463 2825 1539 2890 ἐστιν
1561 2826 1608 2891 ἵνα
1629 2851 1683 2910 μη·

325 2928 372 2991 δέν
404 2926 525 3008 ἐλλείπῃ
553 2927 573 3010 ἡ
596 2926 703 3010 γένεσις
730 2927 749 3010 ἡ
777 2924 966 3012 ὑφισταμένη.
993 2941 1068 2988 narn
1091 2921 1223 2987 dubium
1250 2944 1315 2988 non
1338 2932 1387 2991 est
1410 2925 1487 3009 quin
1516 2947 1557 2994 ex
1582 2927 1681 3012 Phys.

324 3028 408 3094 1118
431 3049 462 3112 p.
479 3027 596 3094 20818
620 3027 755 3112 οὔτεγὰρ
777 3029 824 3093 ἵνα
846 3031 865 3113 ἡ
888 3028 995 3112 γένεσις
1017 3027 1059 3109 μὴ
1082 3025 1217 3109 ἐπιλείπῃ
1240 3027 1394 3109 ἀναγκαῖον
1417 3029 1544 3115 ἐνεργείᾳ
1566 3029 1683 3116 ἄπειρον

324 3129 396 3194 εἶναι
419 3134 507 3213 σῶμα
529 3129 669 3213 αἰσθητόν
691 3129 868 3196 delibatum
890 3129 939 3195 sit.
978 3128 1162 3210 ibidemque
1185 3129 1250 3193 c.4
1273 3149 1303 3212 p.
1321 3129 1402 3196 203b
1419 3131 1459 3196 lb
1481 3136 1533 3197 τοῦ
1556 3131 1581 3196 δ’
1609 3131 1684 3197 εἷναί

324 3255 350 3296 τι
365 3232 482 3317 ἄπειρον
497 3233 517 3314 ἡ
533 3230 625 3301 πίστις
640 3232 673 3295 ἐκ
689 3232 773 3295 πέντε
789 3230 902 3314 μαλιστ’
921 3231 955 3296 ἀν
972 3229 1122 3315 συμβαίνοι
1138 3234 1314 3295 σκοποῦσιν.
1328 3277 1335 3294 .
1349 3233 1521 3318 Aspadana<
1536 3233 1571 3298 ἀν
1587 3235 1683 3318 μόναις

325 3336 366 3419 μὴ
390 3334 554 3398 ὑπολείπειν
577 3333 685 3417 γένεσιν
708 3335 755 3397 καὶ
778 3335 902 3418 φθοράν,
924 3334 949 3397 εί
973 3332 1090 3416 ἄπειρον
1113 3331 1159 3416 εἴη
1176 3333 1245 3398 ὅθεν
1266 3334 1429 3418 ἀφαιρεῖται
1451 3338 1484 3400 τὸ
1507 3337 1682 3422 γιγνόμενον.

406 3436 489 3503 Item
519 3435 605 3518 quod
626 3433 867 3501 Anaximandro
888 3435 1001 3501 Actus
1023 3433 1165 3502 seeundo
1187 3435 1259 3500 loco
1282 3433 1431 3520 obiurgat
1453 3438 1610 3524 ἁμαρτάνει
1632 3439 1682 3505 οῦν

322 3539 375 3623 τὴν
399 3539 451 3622 μὲν
475 3537 545 3620 ῦλην
568 3536 864 3622 ἀποφαινόμενος,τὺ
887 3539 920 3602 δὲ
941 3543 1042 3602 ποιοῦν
1064 3535 1154 3602 α’ίτιον
1176 3537 1302 3621 ἀναιρῶν
1325 3541 1401 3616 κτλ,
1430 3559 1470 3606 ex
1493 3541 1683 3625 Peripateti·

321 3659 430 3705 corum
456 3645 565 3705 mente
591 3638 711 3704 dictum
739 3645 797 3705 est
841 3639 928 3706 idem
955 3639 1024 3706 fere
1045 3639 1087 3705 dc
1108 3636 1311 3706 Anaximene
1332 3639 1485 3708 iudicium
1505 3644 1522 3709 I
1541 3645 1561 3710 3
1581 3657 1598 3708 4
1620 3644 1683 3710 nisi

320 3739 406 3823 qued
433 3740 747 3806 additamenta
776 3747 875 3806 ποιοῦν
898 3741 989 3806 αίτιον
1012 3741 1071 3827 χρὴ
1094 3739 1276 3824 ὑποτιθέναι,
1299 3741 1360 3806 οίυν
1382 3742 1502 3829 ἄργυρος
1524 3744 1578 3811 οῦκ
1601 3748 1685 3832 ἀρκεῖ

319 3844 391 3926 πρὸς
412 3844 446 3906 τὸ
469 3840 594 3925 ἔκπωμα
615 3843 749 3924 γενέσθαι
773 3845 822 3908 ἐὰν
846 3847 887 3929 μὴ
910 3846 943 3908 τὸ
966 3847 1066 3907 ποιοῦν
1089 3840 1122 3926 ᾗ,
1145 3841 1290 3906 τουτέστιν
1312 3845 1550 3931 ὑάργυρακὺπος,
1574 3851 1682 3932 ὁμοίως

319 3945 366 4008 καί
390 3944 436 4007 ἐπὶ
459 3948 510 4007 τοῦ
533 3946 646 4028 χαλκοῦ
663 3946 711 4008 καὶ
726 3949 777 4009 τοῦ
793 3945 876 4015 Εὑλου
892 3949 940 4011 καὶ
957 3953 1009 4032 τῆς
1023 3945 1113 4029 ἄλλης
1130 3945 1211 4028 ὅλης·
1245 3943 1327 4011 haee
1348 3945 1553 4015 liberioribus
1575 3949 1683 4017 verbis

318 4045 433 4112 eadem
463 4045 647 4129 exprimunt
675 4065 758 4129 quac
785 4047 923 4132 praeivit
950 4048 1083 4114 Aristot.
1105 4043 1288 4130 metaphys.
1309 4047 1338 4112 A
1360 4049 1379 4113 3
1409 4071 1440 4134 p.
1457 4051 1537 4126 9842
1558 4053 1598 4118 21
1612 4071 1681 4136 sqq.

317 4147 372 4214 ubi
396 4148 478 4218 Εῦλον
509 4154 542 4214 et
572 4151 682 4235 χαλκός
705 4149 855 4234 exempla
877 4149 1030 4234 reperies.
1074 4149 1195 4215 ibidem
1217 4148 1259 4214 de
1281 4147 1480 4236 Anaxagora
1508 4154 1599 4220 locus
1632 4161 1683 4222 cst

316 4271 347 4335 p.
364 4252 446 4316 984¹»
468 4249 519 4334 15,
542 4269 637 4332 quem
660 4252 726 4318 suis
748 4248 882 4318 verbis*
903 4251 1000 4318 iterat
1021 4252 1134 4319 Attius
1156 4251 1262 4335 135,
1288 4252 1342 4319 ubi
1370 4254 1457 4338 quod
1482 4254 1560 4322 dicit
1586 4255 1682 4322 ἐδόκει

315 4353 369 4436 γὰρ
392 4353 473 4438 αὑτῷ
498 4353 685 4436 ἀπορώτατον
708 4353 780 4418 εἶναι
803 4357 866 4425 πῶς
888 4355 922 4419 ἐκ
944 4359 996 4419 τοῦ
1020 4356 1061 4439 μὴ
1085 4354 1166 4424 ὄντος
1188 4354 1308 4418 δὺναταί
1328 4379 1354 4418 τι
1376 4356 1511 4441 γενέσθαι
1533 4357 1682 4444 ἢρθείρε-

316 4455 385 4518 σθαι
413 4454 454 4523 εἰς
482 4455 515 4517 τὸ
545 4455 587 4539 μὴ
610 4453 642 4519 ὅν
670 4476 736 4522 non
763 4456 830 4522 suis
855 4456 967 4523 nititur
993 4455 1172 4540 radicibus,
1206 4457 1266 4523 sed
1294 4457 1480 4525 Aristotelis
1506 4458 1600 4545 phys.
1621 4460 1683 4526 14

315 4575 345 4638 p.
363 4555 442 4621 187·
458 4555 500 4621 26
523 4554 602 4620 έοικε
623 4558 657 4620 δὲ
668 4555 859 4644 Ἀναξαγόρας
881 4559 987 4645 ἄπειρα
1009 4561 1102 4631 οὑτως
1124 4559 1262 4644 οἰηθῆναι
1284 4560 1332 4624 διὰ
1350 4561 1383 4624 τὸ
1400 4561 1614 4650 ὑπολαμβάνειν
1628 4564 1681 4649 τὴν

388 4709 395 4741 ¹
415 4711 613 4776 Theophrastes
625 4715 679 4763 sine
693 4713 773 4766 dubio
788 4719 890 4784 repetiit
902 4717 1018 4784 (prester
1030 4719 1109 4785 Diog.
1123 4721 1151 4770 Π
1167 4718 1179 4770 l
1201 4721 1232 4770 ct.
1252 4727 1381 4785 eonspect.
1400 4736 1425 4785 p.
1441 4717 1503 4784 133)
1521 4721 1682 4787 Porphyrius

314 4799 432 4861 (fortasse
451 4803 529 4851 etiam
547 4799 683 4861 Nicotaus)
703 4802 771 4866 apud
790 4802 905 4870 Simplic.
924 4807 950 4856 in
969 4807 1043 4872 phys.
1062 4807 1078 4856 i.
1093 4803 1145 4856 32¹
1160 4801 1202 4857 35.
1223 4806 1251 4856 cr.
1272 4807 1357 4858 Zellcr·
1375 4803 1406 4857 1⁴
1418 4803 1469 4859 202
1489 4816 1513 4858 et
1535 4807 1565 4859 F.
1585 4809 1682 4859 Luetze

315 4889 396 4938 ueber
414 4888 460 4939 das
479 4879 636 4939 AnEtPON
654 4887 865 4942 Anaximandars
884 4893 973 4958 Leipc.
993 4890 1061 4945 1878
1081 4909 1105 4956 ρ.
1118 4889 1151 4943 tn
1164 4906 1219 4955 sqq.

383 4972 481 5026 'Aethi
500 4982 539 5025 cst
560 4969 627 5042 λόγῳ
647 4969 766 5043 θεωρητά
785 4979 826 5028 hic
845 4987 871 5028 st
889 4979 902 5028 1
920 4979 936 5030 θ
955 4989 986 5028 ra
