3756 5736
340 373 403 439 256
629 379 721 427 xvrrr
759 378 807 427 nn
827 378 967 428 casaur
986 377 1154 428 ursionis
1176 375 1407 428 rarzosorrrs

342 549 428 608 σιίιιιι
450 565 616 628 numquam
637 548 705 608 sine
726 547 792 608 rien
816 547 848 606 ιἰι
870 544 994 626 publico
1016 543 1130 622 surbac:
1156 543 1236 606 adeo
1255 544 1333 606 aba
1346 544 1394 606 tut
1407 543 1570 606 uidebatur
1584 546 1701 606 seriam

341 667 455 723 aarum,
479 668 558 729 quaa
578 649 661 709 sario
684 648 878 728 parabantur.
917 647 980 708 abi
1002 647 1090 708 istic
1112 649 1195 708 troc
1219 647 1323 708 locas
1346 648 1424 709 art?
1457 657 1520 708 αιιι
1541 647 1701 712 ridenda

341 752 462 812 omniu
484 757 547 812 σαι
568 749 701 829 flendo
723 760 815 812 οιιαι.
850 768 888 813 ao
904 767 946 814 ne
961 767 1111 830 graecum
1127 747 1294 830 exemplar
1313 746 1488 832 desideres,
1508 747 1618 814 confer
1636 747 1702 814 So·

340 851 459 916 tionis
480 856 689 934 praeceptum
715 852 748 915 ἐκ
770 855 822 914 τοῦ
845 850 908 934 περὶ
933 851 1020 934 ὀργῆς
1042 845 1068 936 β’
1091 847 1192 936 [Stob.
1209 846 1276 914 flor.
1294 851 1336 914 20
1354 858 1437 912 53:
1451 849 1582 916 Maxim.
1604 871 1698 916 serm.

343 955 382 1018 19
396 951 443 1040 35]
458 958 518 1023 τοῖς
533 953 565 1016 δὲ
581 958 681 1038 σοφοῖς
697 954 758 1018 ἀντὶ
775 955 862 1038 ὀργῆς
873 951 1052 1038 Ἡρακλείτῳ
1070 953 1122 1035 μὲν
1135 953 1256 1036 δοίκρυα,
1271 951 1445 1038 Δημοκρίτῳ
1457 954 1490 1017 δὲ
1500 953 1592 1036 γέλως
1603 947 1700 1036 ἐπῄει.

341 1055 427 1121 unde
442 1055 612 1139 probatum
628 1055 720 1121 vides
743 1055 830 1138 quod
845 1055 1062 1140 coniecerunt,
1079 1053 1217 1120 eundem
1240 1074 1313 1120 esse
1328 1053 1494 1120 Sotionem
1511 1055 1564 1138 qui
1586 1055 1630 1122 de
1651 1055 1701 1121 ira

215 1215 219 1223 ,
341 1157 469 1241 scripsit
483 1163 515 1223 et
526 1157 613 1241 apud
625 1176 720 1239 quem
730 1179 809 1239 pacr
821 1159 901 1222 sedit
913 1158 1038 1224 Seneca
1049 1177 1100 1240 ep.
1109 1157 1177 1221 492
1195 1155 1247 1238 [cl.
1260 1156 1415 1223 Nietsohe
1428 1157 1701 1224 hius.Rh.XXlIl

342 1261 428 1341 639}
454 1267 596 1324 aeterum
613 1259 776 1325 contrario
791 1259 847 1324 illo
862 1259 1129 1344 philosophorum
1143 1258 1213 1342 pari
1229 1259 1325 1324 valde
1340 1258 1586 1326 delectabantur
1602 1259 1702 1325 Grae·

342 1363 403 1427 culi
421 1362 474 1445 [cf.
489 1362 567 1428 Luc.
579 1362 635 1427 vit.
651 1369 736 1427 auct.
751 1365 791 1428 13
808 1363 938 1447 Hippoi.
951 1361 1045 1427 reiut.
1058 1361 1073 1424 I
1084 1362 1114 1425 4.
1129 1362 1169 1426 13
1184 1361 1293 1428 Herm.
1303 1360 1386 1428 inis.
1400 1363 1441 1426 13
1456 1363 1562 1428 Tzetz.
1578 1362 1699 1446 11722]

341 1472 376 1529 ut
401 1465 454 1530 vel
478 1469 565 1529 tecta
588 1463 790 1550 significatio,
819 1464 924 1547 qualis
948 1462 1155 1547 mitialem,
1182 1463 1291 1530 statim
1320 1463 1572 1547 intellegeretur.
1607 1465 1700 1531 testis

341 1571 390 1632 est
405 1565 582 1648 Gregorius
598 1566 823 1632 Nazianzenus
839 1569 898 1650 [or.
912 1566 1054 1632 xxvia
1071 1571 1092 1630 t.
1106 1566 1121 1630 Ι
1137 1586 1168 1649 p.
1179 1567 1243 1632 478
1259 1566 1309 1632 ed.
1320 1565 1458 1632 Maurin.
1482 1566 1585 1632 Paris.
1602 1569 1699 1651 1778]

341 1717 348 1732 .
366 1717 374 1733 .
392 1669 478 1733 ,ὅσοι
501 1668 654 1754 φιλοσόφῳ
677 1671 825 1753 χρώμενοι
847 1669 927 1753 λόγῳ
948 1671 996 1733 καὶ
1012 1669 1295 1754 ὑπεραναβεβηκότες
1310 1670 1363 1753 τὴν
1384 1673 1443 1732 τῶν
1466 1671 1582 1734 πολλῶν
1604 1693 1700 1734 ταπει-

341 1770 447 1854 νότητα
462 1773 555 1836 πάντα
570 1771 706 1856 φέρουσιν
722 1772 863 1842 ἀσείστως
878 1772 926 1835 καὶ
942 1772 1101 1838 ottocaro<
1116 1771 1164 1834 καί
1180 1773 1376 1854 διαγελῶσι
1400 1773 1508 1854 μᾶλλον
1532 1771 1591 1853 [sia
1613 1778 1701 1838 reete

341 1873 405 1938 duo
429 1873 536 1957 codd,
560 1874 657 1956 vulgo
681 1875 747 1956 μὲν]
770 1875 789 1958 ἢ
813 1875 953 1938 ἐλεοῦσι
977 1874 1044 1943 τοὺς
1066 1871 1240 1954 σειορένοος,
1263 1874 1296 1937 τδ
1319 1875 1371 1957 μὲν
1395 1875 1700 1959 propraeceptam

341 1977 374 2040 δὲ
401 1977 458 2040 ὑπὸ
484 1976 714 2061 φιλανθρωπίας.
759 1996 840 2059 quos
868 1974 1080 2060 philosophos
1106 1973 1290 2040 intellectos
1319 1976 1431 2060 vellet,
1465 1985 1700 2059 perspexerunt
1814 2031 1820 2044 .
1859 2011 1860 2018 .

339 2077 514 2143 auditores.
549 2077 639 2144 Elias
661 2077 790 2161 quidem
808 2077 974 2143 Cretensis
995 2075 1039 2140 ad
1062 2077 1216 2157 διαγελῶσι
1239 2076 1418 2143 rectissime
1440 2075 1612 2144 adnotavit
1633 2079 1699 2162 [ed.

339 2179 378 2244 Α.
394 2180 480 2245 Iahn'
494 2180 533 2245 'in
548 2180 668 2262 Miguei
692 2187 774 2263 patr.
799 2202 847 2264 gr.
863 2180 1005 2246 XXXIV
1021 2177 1130 2260 887⁸J:
1152 2181 1227 2244 κατὰ
1248 2182 1297 2244 τὸν
1319 2179 1500 2264 Δημόκριτον
1519 2178 1700 2266 Ἀβδηρίτην.

342 2288 469 2364 poterat
484 2281 583 2348 etiam
600 2282 797 2348 Heraclitum
821 2283 922 2349 citare
944 2280 1050 2364 quode
1072 2280 1196 2346 monuit
1217 2281 1254 2344 Α.
1270 2279 1412 2346 Iahnius.
1446 2281 1629 2348 accuratius
1643 2283 1699 2347 illo

342 2383 480 2448 Nonnus
502 2382 605 2448 abbas
620 2384 663 2449 ad
683 2384 816 2468 Gregor.
834 2406 880 2451 or.
897 2387 913 2450 Ι
935 2390 1037 2450 contr.
1052 2382 1111 2446 Iul.
1128 2383 1170 2446 36
1193 2381 1314 2465 [Migne
1328 2390 1351 2447 t.
1363 2382 1505 2448 XXXVI
1521 2404 1552 2467 p.
1563 2385 1676 2468 100r].
1691 2385 1699 2416 ¹

341 2483 504 2551 sufficiunt
527 2484 609 2551 haec
632 2493 667 2551 ut
689 2507 710 2552 a
731 2487 901 2552 sanissimo
924 2484 1042 2551 Galeni
1065 2485 1134 2550 loco
1153 2482 1355 2550 coniectandi
1371 2483 1537 2550 temeritas
1552 2495 1701 2552 arceatur

342 2593 374 2652 et
396 2593 432 2652 ut
454 2586 651 2654 christianae
674 2588 807 2671 originis
829 2587 968 2673 suspicio
989 2585 1094 2652 omnis
1108 2585 1308 2670 dispellatur.
1342 2605 1532 2651 revocamur
1545 2586 1644 2670 igitur
1658 2589 1700 2654 ad

342 2688 485 2755 Stoicum
507 2689 588 2754 illud
610 2691 835 2774 compendium
858 2711 921 2774 quo
943 2689 977 2754 in
1000 2685 1162 2772 prioribus
1183 2708 1260 2754 usus
1276 2693 1325 2754 est
1340 2685 1404 2753 ille.
1439 2688 1481 2754 de
1496 2693 1605 2756 aetate
1619 2690 1700 2754 nihil

341 2791 519 2877 lucramur,
549 2791 612 2857 nisi
640 2793 727 2875 quod
757 2792 920 2860 ethnicum
950 2791 1138 2876 scriptorem
1169 2809 1235 2856 non
1264 2789 1349 2856 ultra
1380 2797 1506 2858 sextum
1536 2792 1700 2858 saeculum

341 2913 453 2976 pones.

428 2995 498 3061 Nec
520 2995 659 3062 certiora
680 2996 809 3064 docebit
832 2995 987 3063 orationis
1010 2993 1206 3079 observatio,
1229 3013 1313 3078 quae
1330 2995 1419 3061 nullo
1435 2997 1584 3081 exemplo
1600 2999 1702 3064 nulla-

341 3117 404 3180 que
426 3097 558 3164 scholae
581 3097 813 3166 exercitatione
836 3097 963 3166 erudita
984 3097 1150 3164 horridam
1177 3103 1275 3181 atque
1302 3097 1457 3164 incultam
1480 3119 1560 3184 prae
1582 3119 1617 3165 se
1640 3099 1702 3166 fert

341 3199 496 3285 speciem,
526 3219 623 3283 quam
653 3199 751 3265 etiam
779 3200 895 3267 alienis
918 3198 1079 3268 obducere
1101 3205 1244 3266 conatur.
1289 3219 1354 3264 non
1376 3199 1456 3266 nihil
1479 3209 1588 3268 autern
1610 3223 1703 3286 squa-

340 3301 418 3368 loris
440 3301 643 3368 librariorum
666 3321 793 3386 quoque
816 3303 932 3387 culpae
954 3302 1097 3368 dandum
1119 3300 1200 3386 est',
1222 3302 1296 3384 plus
1317 3301 1457 3370 fortasse
1479 3303 1581 3388 ipsius
1604 3305 1702 3388 magi-

340 3403 398 3468 stri
420 3403 626 3489 perversitati
649 3412 747 3488 atque
773 3411 809 3470 ut
835 3405 883 3470 ita
905 3403 1011 3470 dicam
1033 3403 1252 3471 obstinationi.
1286 3423 1362 3468 narn
1384 3405 1556 3490 singularis
1578 3413 1629 3472 est
1649 3407 1702 3472 vel

340 3505 429 3590 apud
451 3507 630 3574 Graeculos
654 3526 695 3573 aa
717 3506 930 3591 consuetudo,
959 3525 1043 3590 quae
1070 3513 1251 3590 tempomm
1275 3513 1380 3574 certos
1402 3508 1483 3575 fines
1506 3513 1647 3590 evagata
1668 3508 1701 3572 in

341 3605 507 3690 perfecti
530 3631 590 3674 usu
605 3609 697 3692 quasi
713 3609 865 3676 luxuriat.
899 3629 963 3692 qua
977 3607 1011 3672 in
1026 3628 1062 3674 re
1083 3613 1208 3674 tantum
1224 3609 1284 3675 sibi
1308 3609 1439 3696 placuit,
1462 3614 1498 3675 ut
1517 3610 1615 3675 etiam
1631 3611 1703 3676 Plu·

340 3707 506 3774 tarcheam
538 3711 718 3777 orationem
747 3709 1010 3778 insolentioribus
1039 3710 1091 3776 his
1117 3710 1252 3795 perfecti
1280 3711 1392 3778 formis
1420 3717 1568 3777 ornatam
1594 3713 1701 3778 vellet.

340 3807 388 3873 ita
410 3829 437 3876 c.
453 3813 493 3876 21
518 3814 715 3899 διενηνοχέναι
738 3834 779 3880 ex
801 3813 955 3898 διαφέρειν,
978 3833 1004 3877 ο.
1019 3813 1062 3878 49
1084 3813 1188 3899 ἦρκται
1208 3820 1241 3880 et
1255 3813 1367 3900 ἧρχδαι
1390 3833 1431 3880 ex
1452 3812 1559 3899 ἤρξατο
1574 3821 1607 3882 et
1621 3815 1702 3900 cipiu-

342 3910 414 3976 σθαι
437 3912 607 3981 deflexum.
647 3915 704 3982 sed
727 3934 826 3999 parco
849 3913 1021 3999 exemplis,
1050 3935 1121 3980 cum
1148 3916 1232 3982 adeo
1253 3915 1430 4000 abundent,
1453 3921 1575 3984 utnon
1597 3917 1704 4000 negle-

343 4012 454 4094 gentia
484 4017 642 4103 quadam,
673 4037 737 4102 qua
765 4038 831 4084 non
857 4017 938 4084 nulli
968 4016 1108 4082 labentis
1135 4017 1254 4084 aetatis
1283 4017 1456 4103 scriptores
1478 4017 1554 4084 inde
1575 4039 1597 4086 a
1618 4039 1703 4086 novo

346 4119 540 4184 testamento
564 4119 618 4202 [cf.
640 4120 816 4185 Buttmann
838 4139 971 4204 gramm.
994 4139 1026 4184 n.
1049 4125 1072 4184 t.
1095 4124 1176 4184 orat.
1199 4138 1231 4202 p.
1249 4119 1326 4204 178,
1348 4120 1452 4186 Lehrs
1474 4128 1599 4204 quaest.
1621 4121 1702 4206 epia.

416 4340 423 4372 ¹
442 4343 529 4395 fabula
546 4345 697 4411 Byzantinis
720 4353 759 4394 ert
776 4345 918 4394 notissima.
947 4343 1015 4394 unda
1034 4345 1060 4392 in
1074 4343 1179 4394 scholiis
1192 4343 1225 4394 ad
1237 4343 1371 4396 Plutarchi
1383 4345 1484 4396 Placita
1497 4345 1554 4394 cod.
1568 4345 1702 4395 Marciano

342 4425 391 4480 521
406 4427 451 4496 [B]
470 4431 604 4498 adscriptis
628 4427 1006 4482 haccad'l311notantur:
1030 4425 1188 4498 Ἡράκλειτος
1211 4429 1255 4482 καὶ
1277 4427 1433 4499 Δημόκριτος
1456 4427 1503 4482 oba
1527 4429 1552 4482 ἐν
1573 4435 1611 4500 τῷ
1634 4427 1703 4496 abaci

341 4515 467 4584 γεγονότες
490 4518 572 4588 χρόνῳ
596 4519 696 4588 φυσικοὶ
714 4516 740 4568 δὲ
759 4513 826 4572 ὅντες
844 4513 937 4582 δμοίως
954 4514 1000 4584 τὴν
1018 4518 1063 4566 τοῦ
1075 4513 1246 4576 sllssslsllssh
1265 4517 1310 4586 μὲν
1328 4515 1408 4584 γελῶν
1425 4515 1438 4568 δ
1457 4515 1483 4570 δὲ
1501 4515 1605 4568 κλαίων.
1628 4514 1642 4566 d
1659 4515 1704 4583 μὲν

341 4601 497 4674 Δημόκριτος
516 4605 589 4676 ἐγέλα
607 4603 754 4670 (aradaei)
772 4603 804 4654 τὰ
821 4603 963 4671 πράγματα,
982 4598 1034 4653 ddi
1043 4597 1202 4672 Ἡράκλειτος
1220 4601 1312 4656 ίκλαιτ·
1332 4603 1374 4674 (ἠν
1387 4603 1441 4668 bil)
1460 4603 1473 4656 δ
1492 4604 1537 4673 μὲν
1549 4599 1705 4672 Δημόκριτος

341 4688 502 4763 Ἀβδηρίτης,
521 4691 534 4745 δ
552 4691 578 4745 δὲ
598 4689 716 4763 Ἐφέσιος.
746 4693 864 4756 Gregorii
884 4692 967 4740 locum
987 4705 1019 4740 ex
1038 4691 1148 4742 Usancri
1167 4695 1293 4744 memoria
1310 4692 1407 4744 addidi.

413 4780 479 4832 ²sic
498 4782 677 4846 explicandum
697 4781 817 4842 fortasse,
841 4779 911 4842 quod
929 4773 1006 4826 edroi
1029 4792 1081 4828 non
1105 4794 1244 4844 numquam
1267 4779 1391 4830 reflexiro
1410 4796 1487 4831 sensu
1506 4787 1654 4844 usurpatur,
1678 4787 1706 4828 nt

342 4866 393 4918 αδ
412 4886 437 4934 p.
451 4866 502 4920 226
526 4863 580 4918 ἀντ’
602 4865 679 4918 αὐτοῦ
698 4863 844 4933 acriorque,
864 4864 993 4930 [excusari
1011 4873 1094 4931 potest
1111 4866 1173 4915 ibid.
1193 4882 1218 4931 p.
1232 4863 1283 4917 228
1301 4863 1471 4936 προιστλοατο
1490 4869 1536 4934 τῆς
1554 4861 1609 4916 κατ’
1630 4861 1705 4915 αὑτὸν

341 4953 479 5024 criptarum}
510 4971 569 5006 narn
589 4973 621 5006 na
640 4958 697 5006 aliia
717 4955 832 5019 quidem
852 4955 915 5004 locis
934 4957 1052 5020 aspiratis
1071 4962 1239 5018 temperatum
1257 4961 1296 5003 est
1314 4955 1344 5002 cs.
1363 4971 1387 5018 p.
1402 4952 1461 5004 234.
