3708 5738
335 423 398 486 468
650 419 725 469 Απιι
744 416 878 466 mmm
900 411 1084 466 εειτοοιεσ
1102 412 1155 462 σε.
1175 410 1275 463 Ριικε.
1289 407 1331 460 35.
1345 407 1378 462 36

397 803 483 856 Stob.
502 802 575 852 σολΙ
590 797 621 850 31
642 796 676 860 [Ι.
690 799 766 847 Dum.
785 794 837 846 Ne
855 809 880 856 p.
897 787 953 852 153,
965 686 1056 854 30312]

420 903 627 990 Χρύσιππος
649 897 741 984 ἔφησε
762 896 815 980 τὴν
838 893 964 976 ὁμίχλην
987 890 1072 976 νέφος
1094 889 1302 974 διακεχυμένον
1325 887 1344 971 ἢ
1368 886 1441 971 ἀέρα
1461 885 1558 969 πάχος
1580 882 1704 969 ἔχοντα,

335 1007 437 1092 δρόσον
466 1001 499 1069 δὲ
526 1003 555 1073 ἐξ
583 1003 709 1086 ὁμίχλης
737 996 969 1082 καταφερόμενον
998 993 1099 1078 ὑγρόν,
1129 993 1211 1056 ὑετόν
1239 992 1272 1055 δὲ
1293 990 1386 1076 φοράν
1410 989 1511 1056 ῦδατος
1534 986 1568 1049 ἐκ
1591 989 1704 1071 νεφῶν,

335 1109 442 1196 ὄμβρον
464 1109 497 1172 δὲ
518 1107 626 1192 λάβρον
649 1105 752 1172 ῦδατος
773 1101 822 1164 καὶ
844 1101 953 1162 πολλοῦ
976 1096 1009 1162 ἐκ
1031 1099 1126 1181 νεφῶν
1153 1095 1260 1180 φοράν,
1290 1095 1421 1180 χαλαζαν
1444 1091 1477 1154 δὲ
1500 1089 1585 1152 ὑετοῦ
1609 1112 1704 1170 πεπη-

334 1213 417 1296 γότος
444 1209 611 1294 διάθρυψιν,
638 1206 724 1292 χιόνα
750 1204 783 1267 δὲ
813 1202 899 1286 νέφος
925 1199 1054 1282 πεπηγὸς
1080 1198 1100 1282 ἢ
1130 1196 1233 1282 νέφους
1256 1195 1355 1280 πῆξιν,
1385 1197 1419 1258 τὸ
1445 1189 1470 1256 δ’
1498 1192 1547 1256 ἐπὶ
1569 1195 1626 1275 τῆς
1650 1195 1704 1273 γῆς

305 1315 464 1398 οπεπηγδς
487 1312 565 1396 ῦδωρ
587 1310 774 1395 κρύσταλλον,
796 1305 911 1390 πάχνην
933 1302 966 1365 δὲ
988 1301 1090 1384 δρόσον
1112 1303 1282 1384 πεπηγυῖαν.

395 1709 508 1762 Eusob.
527 1710 557 1760 P.
571 1709 602 1758 E·
616 1707 667 1756 XV
680 1703 711 1756 18
720 1712 779 1750 1-3
992 1592 1034 1657 36

418 1810 504 1870 Ὅπως
522 1809 545 1862 οῖ
564 1805 701 1862 Στωικοὶ
719 1804 775 1874 περὶ
786 1805 832 1871 τῆς
843 1801 889 1852 τοῦ
900 1795 991 1854 παντὸς
1084 1809 1086 1816 ’

334 1901 502 1973 ἐκπυρώσεως
522 1893 671 1956 δοξάζουσιν.

416 2020 546 2106 Ἀρέσκει
568 2018 602 2081 δὲ
622 2016 683 2082 τοῖς
705 2007 911 2096 πρεσβυτάτοις
932 2007 991 2067 τῶν

333 2129 393 2193 άπδ
414 2130 467 2209 τῆς
489 2121 628 2208 αἱρέσεως
650 2115 756 2198 ταύτης
770 2107 991 2194 ἐξαιθερυῦσθαι

295 2255 318 2294 ιο
335 2231 429 2293 πάντα
462 2226 537 2291 κατὰ
568 2220 718 2306 περιόδους
750 2214 828 2284 τινὰς
858 2211 910 2281 τὰς
944 2231 991 2292 με·
1017 2195 1021 2206 ’

332 2333 430 2416 γίστας
456 2329 497 2398 είς
526 2329 583 2410 πῦρ
605 2322 765 2406 αἰθερῶδες
787 2313 991 2397 ἀναλυομένων

333 2437 459 2500 πάντων.

422 2549 475 2606 Καὶ
494 2548 551 2620 ἑξῆς
569 2548 665 2616 έπάγει·

297 2661 317 2724 2
414 2653 464 2720 Ἐκ
492 2652 601 2716 τούτων
633 2649 666 2712 δὲ
693 2649 796 2731 δῆλον,
824 2641 868 2706 ότι
899 2637 990 2724 Χρῦ·

294 2786 317 2825 ου
336 2782 465 2827 σιππος
487 2756 536 2820 ἐπὶ
557 2758 610 2838 τῆς
629 2751 729 2818 οὐσίας
743 2747 777 2810 οδ
793 2745 899 2827 ταύτην
921 2765 991 2826 παρ

28 2871 237 2922 Q
331 2863 434 2946 είληφε
466 2861 518 2944 τὴν
554 2855 692 2940 σόγχυσιν
727 2848 879 2935 (ἀδύνατον
912 2841 991 2928 γάρ),

331 2965 407 3030 ἀλλὰ
428 2964 481 3047 τὴν
497 2959 559 3025 ἀντὶ
575 2961 628 3041 τῆς
643 2954 806 3039 μεταβολῆς
820 2946 991 3031 λεγομένην·

332 3069 365 3132 οὐ
389 3067 444 3152 γὰρ
466 3064 514 3127 ἐπὶ
536 3067 589 3146 τῆς
611 3063 662 3122 τοῦ
685 3056 797 3138 κόσμου
820 3052 894 3115 κατὰ
916 3073 992 3134 περι-

331 3172 416 3239 όδους
448 3168 500 3236 τάς
532 3163 666 3248 μεγίστας
696 3155 847 3243 γινομένης
878 3153 991 3238 φθορᾶς

291 3298 315 3336 ιο
333 3273 439 3358 κυρίως
467 3265 726 3354 παραλαμβάνουσι
754 3259 807 3342 τὴν
828 3255 941 3340 φθοράν
964 3255 991 3317 οἱ

329 3377 383 3460 τὴν
405 3373 446 3442 είς
467 3376 525 3456 πῦρ
548 3371 683 3434 ἀνάλυσιν
705 3366 763 3426 τῶν
786 3361 862 3424 ὅλων
885 3359 988 3439 δογμα.

330 3479 467 3554 σίζοντες,
503 3475 539 3558 ἢν
570 3472 606 3554 δὴ
639 3469 775 3532 καλοῦσιν
814 3459 988 3543 ἐκπύρωσιν·

330 3577 394 3644 ἀλλ’
428 3579 491 3642 ἀντὶ
518 3581 571 3660 τῆς
603 3570 678 3635 κατὰ
704 3568 789 3653 φῦσιν
825 3564 988 3649 μεταβολῆς

290 3713 314 3752 ιι
332 3687 460 3769 χρῶνται
493 3685 532 3762 τῇ
566 3671 745 3760 προσηγορία
777 3673 830 3752 τῆς
865 3667 989 3751 φθορᾶς.
1103 3665 1284 3720 stob.1201
1304 3685 1328 3732 p.
1341 3666 1401 3718 414.
1414 3667 1506 3720 416H.

297 3787 448 3872 θάρέσκει
470 3783 531 3866 γὰρ,
547 3781 606 3845 τοῖς
628 3773 798 3840 Στωικοῖς
821 3768 989 3853 φιλοσόφοις
1005 3799 1029 3835 ιο
1126 3768 1261 3854 Ζήνωνι
1285 3769 1331 3832 καί
1354 3766 1528 3833 Κλεάνθει
1544 3768 1591 3832 καὶ
1607 3765 1697 3852 Χρυ-

328 3891 380 3973 τὴν
408 3888 477 3971 ὅλην
504 3881 604 3946 οῦσίαν
638 3875 679 3944 εἰς
711 3877 769 3957 πῦρ
801 3873 987 3956 μεταβάλλειν
1041 3873 1156 3957 σίππιρ
1179 3871 1294 3956 ἀρέσκει
1316 3872 1369 3953 τὴν
1392 3871 1491 3934 οῦσίαν
1508 3873 1696 3957 μεταβάλλειν

328 3993 388 4054 οἷον
411 3989 452 4058 εἰς
480 3985 611 4068 σπέρμα,
641 3980 689 4042 καὶ
716 3977 802 4038 πάλιν
829 3976 863 4037 ἐκ
883 3974 986 4037 τούτου
1038 3977 1098 4038 οἷον
1121 3975 1161 4045 εἰς
1184 3975 1299 4058 σπέρμα
1321 3973 1355 4035 τδ
1377 3977 1449 4056 πῦρ,
1477 3973 1525 4036 καί
1551 3973 1637 4034 πάλιν
1662 3971 1696 4033 ἐκ

327 4095 419 4178 αὐτὴν
434 4085 639 4154 ἀποτελεῖσθαι
653 4081 706 4164 τὴν
722 4077 922 4160 διακόσμησιν,
938 4077 986 4138 οία
1037 4078 1140 4140 τοῦτου
1166 4077 1301 4159 τοιαῦτην
1329 4075 1534 4138 ἀποτελεῖσθαι
1563 4075 1615 4158 τὴν
1639 4075 1695 4136 δια·

326 4200 360 4261 τὺ
392 4194 530 4280 πρότερον
557 4187 603 4272 ἦν.
640 4184 689 4248 καὶ
718 4185 803 4246 τοῦτο
830 4181 864 4244 τδ
891 4180 985 4264 δόγμα
1037 4181 1190 4265 κόσμησιν,
1213 4181 1260 4242 οἵα
1282 4177 1420 4264 πρότερον
1442 4177 1490 4262 ἧν.

363 4421 376 4472 1
397 4410 808 4476 derr.350f.1>rol.p.74v1.
833 4426 855 4457 ν.
867 4409 985 4458 Laertius
1037 4405 1180 4468 praeteriit,
1205 4406 1318 4469 suppleri
1340 4412 1447 4470 possunt
1469 4419 1503 4454 ex
1526 4403 1557 4452 fr.
1573 4399 1608 4454 28
1629 4395 1642 4468 Η
1663 4397 1694 4450 19

325 4513 378 4562 VII
392 4506 442 4561 153
463 4503 476 4574 Η
497 4504 513 4558 5
532 4497 657 4572 κρόσταλλ
675 4514 801 4563 superscr.
820 4513 836 4544 o
854 4495 879 4544 D
1036 4492 1082 4558 τῆς
1109 4488 1227 4557 μεγίστης
1258 4492 1328 4542 libri:
1360 4493 1445 4556 recepi
1478 4491 1609 4553 vulgatam
1637 4493 1694 4538 ante

262 4623 267 4632 ·
361 4599 377 4651 6
396 4599 428 4648 de
447 4598 566 4646 lemmate
586 4591 617 4638 εί.
636 4588 708 4638 Ptol.
728 4603 752 4650 p.
765 4581 799 4636 47
810 4583 827 4645 ¹,
846 4583 890 4632 ubi
902 4581 984 4630 Ευεε-
1038 4578 1212 4630 Gaisfordium
1225 4580 1361 4629 lectionem
1380 4580 1411 4628 σῖ.
1425 4595 1449 4628 ν.
1464 4576 1495 4628 10
1516 4573 1529 4642 Η
1551 4572 1585 4626 28
1604 4570 1693 4641 σῦκὴντ

326 4690 396 4738 bium
418 4685 512 4735 erroris
531 4677 658 4729 immerito
677 4674 802 4723 incusavi.
832 4685 890 4720 nam
910 4683 984 4732 ρτεο-
1038 4681 1126 4716 verum
1145 4668 1259 4714 servavit
1277 4665 1350 4716 Stob.
1369 4661 1487 4732 τοιαῦπην

324 4785 395 4826 stans
407 4774 451 4823 ille
464 4770 546 4820 codex
558 4767 587 4828 Ο,
601 4777 677 4827 quem
687 4761 796 4824 inspexi,
810 4759 826 4809 ί.
835 4755 886 4808 347
893 4763 902 4790 ¹
919 4750 983 4804 διδῦ-
1072 4751 1129 4804 b25
1142 4752 1214 4804 Stob.
1227 4755 1382 4817 interposuit
1395 4755 1462 4802 inter
1481 4752 1554 4800 ΡΙεο.
1566 4751 1580 4799 I
1592 4747 1627 4800 24
1641 4755 1689 4796 σοι

325 4877 374 4930 μου
391 4860 503 4924 margini
521 4859 594 4907 iuxta
618 4869 638 4903 ο.
653 4848 687 4901 18
705 4849 806 4896 initium
826 4844 983 4907 adscriptum
1035 4841 1062 4890 11
1073 4841 1089 4891 4
1099 4849 1131 4890 ιε.
1142 4841 1173 4890 de
1183 4841 1310 4890 lemmatis
1320 4841 1403 4890 forma
1412 4840 1467 4890 dixi
1478 4839 1549 4890 Prol.
1562 4853 1587 4900 p.
1594 4833 1627 4886 74
1638 4833 1654 4884 ¹.
1667 4836 1691 4882 in

323 4953 409 5002 habet.
428 4948 530 5000 titulum
541 4939 610 4998 όπως
618 4931 798 4995 -δοξάῖουσιν
811 4941 839 4984 ut
850 4932 906 4982 fleri
916 4933 983 4982 solet
1035 4943 1099 4993 πυτς.
1107 4923 1251 4995 (Ζ)ηνωνος
1260 4927 1304 4978 καὶ
1311 4925 1404 4994 ἐτέρων
1414 4933 1440 4976 ετ
1448 4926 1482 4976 ινδ
1492 4942 1517 4989 ρ.
1524 4921 1608 4984 4637
1619 4915 1690 4985 (Πλο-

322 5043 349 5091 in
356 5039 432 5089 codd.
442 5035 551 5103 praefixi
561 5027 573 5098 Η
586 5027 619 5080 13
630 5043 696 5092 quae
707 5021 835 5074 Eusebius
846 5021 885 5070 his
896 5021 981 5070 verbis
1034 5013 1127 5068 ναιτίου
1147 5016 1256 5066 στωικοῦ
1271 5011 1283 5082 Η
1299 5013 1331 5065 θῖ
1345 5011 1379 5069 είς
1395 5010 1424 5062 τὸ
1440 5012 1489 5079 πῦρ
1511 5013 1613 5063 Heeren
1628 5009 1690 5058 male
