3710 5730
315 387 357 453 54
675 449 683 458 ¹
780 389 819 438 ιν
854 387 903 437 nn
923 381 1208 436 anu1rrnaurr1s

315 557 456 640 positum
490 556 635 622 eredens.
680 576 756 622 nam
784 556 871 638 quod
897 553 1091 620 Duebnerus
1120 551 1308 620 Reiskeana
1333 553 1519 620 oonieetura
1546 559 1678 637 reeepta

315 658 558 744 Wyttenbaehii
580 657 684 724 latina
706 657 845 742 repetiit,
868 657 930 723 hoe
951 655 1125 722 admodum
1146 653 1254 720 miror.
1289 660 1430 720 ueterum
1449 655 1591 723 medinm
1606 675 1678 721 nus

317 779 412 843 quam
451 759 615 827 invenitur
646 766 678 826 et
713 759 916 826 seribendum
952 758 1013 824 erit
1045 763 1207 840 uteunque
1237 763 1347 824 uetera
1376 755 1577 832 ordinaveris
1606 760 1680 823 ἀντι-

316 864 507 948 φραττούσης.
538 862 576 928 ef.
593 861 661 926 Arii
677 861 807 946 Didym.
823 859 860 926 fr.
878 863 929 926 10.
962 860 1021 926 sed
1043 860 1186 926 nondum
1207 857 1377 924 dubitandi
1398 857 1481 926 finis.
1515 859 1680 944 tetigimus

316 965 434 1030 vulnus
455 971 677 1049 suppuratum.
711 963 859 1046 quidest
881 963 966 1028 enim
988 966 1097 1047 μᾶλλον
1118 961 1171 1026 tt?
1196 981 1259 1044 quo
1281 980 1350 1027 rem
1372 967 1428 1025 aut
1443 981 1557 1028 vooem
1572 959 1679 1028 minus

317 1071 394 1148 apte
419 1065 578 1131 redditam
605 1065 778 1132 emendare
804 1065 959 1150 solemus,
986 1065 1021 1130 id
1047 1071 1134 1130 stare
1160 1064 1213 1129 hio
1234 1063 1324 1128 nullo
1346 1063 1442 1128 modo
1464 1067 1582 1147 potest,
1602 1063 1679 1146 quia

317 1173 436 1232 terram
459 1168 656 1253 ἀναφράττειν
679 1167 778 1250 plane
800 1167 985 1234 neeessario
1009 1166 1217 1250 consequitur
1231 1185 1272 1232 ex
1288 1185 1328 1231 eo
1349 1165 1435 1248 quod
1458 1163 1563 1248 μεταίὶι
1586 1167 1679 1250 ἀμφο-

317 1269 408 1352 τέρων
429 1273 488 1332 τῶν
511 1269 640 1353 ἀστέρων
672 1265 761 1355 [solis
783 1274 816 1334 et
839 1266 948 1356 lunae]
976 1271 1092 1354 γίνεται.
1134 1269 1201 1334 ianr
1227 1267 1305 1333 mihi
1332 1285 1486 1352 eompara
1509 1265 1678 1350 Hippolyti

317 1371 358 1436 de
380 1371 578 1454 Anaxagora
598 1371 706 1436 locum
727 1371 778 1436 18
798 1382 814 1433 9
836 1371 977 1436 ἐκλείπειν
1001 1373 1034 1436 δὲ
1055 1375 1108 1456 τήν
1131 1373 1255 1457 σελήνην
1276 1375 1330 1455 γῆς
1352 1371 1597 1456 ἀντιφραττούσης
1619 1416 1678 1432 ...

316 1475 365 1537 τὸν
379 1474 412 1536 δὲ
424 1475 506 1558 ήλιον
517 1476 580 1542 ταῖς
592 1473 758 1556 νουμηνίαις
770 1475 894 1558 σελήνης
904 1476 1156 1560 ἀντιφραττούσης.
1169 1471 1316 1539 similiter
1327 1473 1435 1538 Lauri.
1444 1471 1680 1554 Diog.V11145

317 1575 359 1641 da
387 1575 518 1641 Stoicis:
549 1575 689 1640 ἐκλείπειν
715 1577 748 1639 δὲ
776 1577 825 1640 τὸν
855 1577 907 1658 μὲν
935 1577 1017 1660 ἥλιον
1040 1577 1275 1662 ἐπιπροσθούσης
1298 1575 1378 1661 αὐτῷ
1402 1577 1525 1659 σελήνης
1626 1573 1680 1656 τήν

317 1679 350 1740 δέ
365 1681 489 1762 σελήνην
504 1677 701 1759 ἐμπίπτουσαν
717 1678 757 1748 είς
772 1680 805 1742 τὸ
827 1683 944 1762 τήςγής
967 1677 1103 1762 σκίασμα.
1142 1697 1241 1760 quare
1263 1677 1431 1760 probabile
1453 1675 1531 1740 mihi
1553 1673 1682 1740 videtur

319 1779 439 1863 opponi
467 1778 565 1844 etiam
591 1778 658 1844 illio
681 1778 844 1865 (σελήνην
867 1782 918 1850 τὰς
940 1781 1081 1866 ἐκλείψεις
1103 1778 1263 1866 ποιεῖσθαι)
1286 1779 1326 1850 είς
1348 1782 1381 1844 τὸ
1404 1781 1532 1861 σκίασμα
1553 1783 1606 1861 τῆς
1626 1781 1683 1862 γῆς

318 1881 514 1964 ἐμπίπτουσαν
531 1881 636 1964 μεταξύ
653 1879 728 1968 [μὲν]
744 1884 917 1968 ἀμφοτέρων
932 1888 990 1947 τῶν
1006 1885 1135 1968 ἀστέρων
1151 1883 1312 1966 γινομένης,
1327 1885 1425 1968 ήλιον
1441 1883 1474 1944 δὲ
1488 1885 1541 1965 τῆς
1557 1881 1680 1964 σελήνης

318 1983 562 2069 ἀντιφραττούσης
585 2027 619 2046 .·
642 1983 700 2048 sed
725 1991 832 2050 utrum
859 1984 982 2050 librarii
1008 1984 1088 2049 illud
1116 1983 1323 2068 pausaverint
1347 2005 1391 2050 an
1411 1983 1524 2048 Attius
1546 1979 1679 2062 antiquo

318 2084 435 2149 mendo
458 2091 668 2162 ΛΛΑΛΛΟΝ
697 2087 862 2173 deeeptus,
884 2108 950 2153 non
966 2087 1088 2170 liquido
1104 2091 1240 2152 constat.
1267 2087 1331 2152 hoo
1345 2086 1418 2152 ideo
1434 2089 1579 2169 praestat
1594 2081 1681 2166 quod

319 2185 411 2249 solis
434 2185 574 2252 defectio
598 2187 640 2252 ad
665 2207 691 2253 e.
707 2191 749 2255 29
772 2211 838 2255 non
857 2195 1007 2256 aoourate
1030 2189 1177 2272 quadrat.

402 2287 451 2350 ΙΠ
473 2287 495 2350 4
514 2301 529 2355 5
550 2288 821 2370 στρογγυλαίνεσθαι
843 2293 896 2376 τήν
919 2293 1050 2378 χάλαζαν
1072 2292 1121 2354 καὶ
1143 2293 1193 2356 τὸν
1206 2291 1287 2355 ὑετὸν
1304 2291 1362 2355 ἀπὸ
1385 2295 1437 2374 τῆς
1460 2291 1572 2373 μακρᾶς
1594 2309 1680 2350 κατα·

318 2392 409 2472 φορᾶς
441 2389 769 2473 ὑποπεπλασμένον.
808 2411 891 2473 quae
920 2411 1067 2476 propono
1093 2393 1215 2476 pariter
1241 2391 1395 2458 exhibent
1424 2388 1617 2456 Plutarohus
1647 2393 1681 2454 et

319 2488 479 2556 Stohaeus
505 2511 610 2575 neque
642 2491 802 2558 aoousabo
829 2493 957 2558 Attium
984 2492 1176 2560 librariosve
1208 2494 1266 2560 sed
1293 2493 1478 2578 explieabo,
1509 2513 1581 2558 oum
1611 2493 1679 2554 ὑπο-

318 2593 519 2676 πεπλασμένον
545 2585 695 2660 omnihus
717 2593 786 2660 fere
808 2602 992 2678 suspectum
1014 2595 1153 2662 videam.
1177 2595 1361 2680 praeiverat
1377 2595 1522 2662 Galenus
1536 2593 1679 2660 Reiakeo

319 2697 590 2780 ἀποπεπληγμένον·
622 2715 698 2762 nam
724 2698 791 2761 tale
816 2697 893 2780 quid
921 2697 977 2764 ille
1003 2699 1144 2782 legerat,
1172 2697 1199 2762 si
1221 2697 1350 2782 quidem
1372 2699 1477 2765 variat
1499 2697 1680 2781 ἀποπληττύ-

321 2821 415 2881 μενον.
466 2799 618 2865 Budaeus
645 2798 917 2882 compactilem
944 2799 964 2865 i.
997 2820 1026 2865 a.
1055 2801 1307 2883 συμπεπιλημένον
1338 2801 1424 2884 quod
1454 2801 1489 2866 in
1518 2798 1680 2867 Vossiano

320 2901 500 2966 uenientum
529 2908 588 2968 est.
627 2900 774 2966 similiter
801 2907 915 2986 πνεῦμα
942 2905 1092 2967 ἀποτελεῖν
1120 2905 1251 2990 χαλαίαν
1277 2905 1426 2986 πιλῆσαν
1455 2903 1587 2967 11145.
1623 2899 1680 2965 alii

320 3002 415 3068 aliter
438 3023 549 3069 omnes
569 3003 773 3069 sanissimam
788 3006 982 3072 sententium
997 3012 1120 3072 temere
1135 3011 1353 3071 attrectantes.
1391 3010 1499 3070 verte:
1522 3009 1681 3088 propter

320 3102 484 3169 cadendi
507 3105 802 3171 diuturnitatem
825 3107 968 3173 sensim
991 3105 1294 3174 conformatum.¹
1325 3107 1518 3171 ύποπλοὶσσειν
1534 3103 1681 3172 similiter

319 3211 509 3288 usurpatum
531 3205 585 3271 vix
606 3206 766 3273 invenies.
803 3211 933 3276 omnino
955 3213 1153 3276 rarissimum
1175 3217 1225 3276 est
1249 3209 1394 3276 verbum.
1427 3207 1485 3274 sed
1506 3215 1585 3274 nota
1606 3211 1682 3271 sunt

320 3308 559 3392 ύποκαταβαίνειν
581 3308 721 3373 sensim
745 3310 982 3380 descendere
1005 3317 1187 3388 ὑποσκιοὶζειν
1210 3313 1353 3380 sensim
1377 3311 1581 3377 obseurare
1604 3307 1679 3372 alia.

319 3410 562 3495 περικαλύπτεσθαι
585 3409 627 3475 de
650 3415 811 3497 σχημάτων
834 3413 1028 3482 formatione
1050 3417 1133 3484 dixit
1155 3417 1399 3501 Theophrastus
1422 3413 1464 3478 de
1486 3433 1570 3479 sens.
1588 3411 1639 3476 66.

404 3513 454 3577 ΙΠ
477 3511 517 3576 15
540 3521 571 3573 10
594 3512 717 3579 Πλάτων
740 3513 793 3600 [da
816 3523 923 3582 terrae
945 3517 1045 3606 motu]
1066 3568 1074 3584 .
1092 3565 1100 3580 .
1116 3569 1124 3584 .
1141 3521 1193 3607 τὴν
1208 3525 1261 3604 γήν
1278 3565 1286 3582 .
1303 3565 1310 3581 .
1329 3560 1336 3575 ·
1353 3515 1446 3600 μένειν
1470 3517 1521 3598 μέν
1545 3514 1679 3596 ἀκίνητον

319 3617 410 3698 μηδὲν
439 3614 565 3700 ἔχουσαν
592 3613 734 3699 ἐξαίρετον
763 3617 812 3687 εἰς
839 3621 876 3682 τὸ
907 3619 1008 3705 ῥέψαι
1032 3626 1176 3706 μᾶλλον,
1202 3623 1307 3690 τύπους
1329 3617 1355 3683 δ’
1382 3618 1473 3702 αὐτῆς
1495 3614 1555 3680 κατ’
1583 3614 1680 3700 ἀραιό-

319 3740 392 3800 τητα
419 3717 605 3781 σαλεύεσθαι.
637 3717 683 3782 siu
705 3719 898 3786 Plutarchus
922 3727 955 3787 et
980 3723 1104 3790 leviora
1126 3725 1153 3790 si
1176 3725 1305 3789 omittas
1327 3718 1497 3786 Stohaeus.
1528 3719 1681 3782 laounanr

319 3819 462 3902 signavit
483 3825 557 3904 post
580 3822 689 3904 μᾶλλον
712 3821 958 3907 Duebneriana,
985 3825 1072 3906 quod
1099 3823 1302 3910 desperantis
1324 3823 1407 3887 solet
1429 3827 1510 3886 esse.
1544 3825 1579 3883 tu
1602 3837 1680 3883 vero

319 3921 492 3986 videnum
514 3927 602 3987 reete
624 3921 804 3986 restituam:
832 3925 922 4008 μηδὲν
945 3923 1072 4010 ἔχουσαν
1094 3927 1236 4012 ἐξαίρετον
1263 3925 1303 3994 εἰς
1329 3926 1345 3988 ὃ
1370 3923 1454 4008 ῥέψαι
1476 3919 1537 4006 (ἀν)
1560 3922 1678 4003 μᾶλλον.

320 4023 466 4090 similiter
489 4023 617 4106 quidem
641 4043 740 4107 supra
762 4027 782 4105 ξ
803 4026 820 4089 7
845 4026 898 4090 ούκ
920 4025 1047 4113 ἔχουσαν
1070 4029 1162 4093 αἰτίαν
1186 4029 1218 4094 δι’
1247 4031 1282 4114 ἣν
1305 4029 1389 4109 δεῦρο
1413 4026 1521 4108 μᾶλλον
1544 4024 1563 4106 ή
1587 4023 1682 4086 ἐκεῖσε

321 4128 432 4212 ῥέψειεν
458 4126 503 4191 ἄν.
537 4124 706 4191 Platonica
731 4125 832 4194 habes
859 4149 900 4194 ex
925 4128 1102 4196 Phaedone
1129 4153 1159 4214 p.
1183 4133 1270 4196 109r
1302 4129 1359 4214 ούχ
1390 4126 1445 4196 ἕξει
1477 4128 1585 4208 μᾶλλον
1613 4121 1674 4187 οὐδ’

319 4229 408 4313 ήττον
432 4229 579 4311 οὐδαμόσε
601 4231 747 4314 κλιθῆναι,
770 4230 879 4313 ὁμοίως
902 4227 923 4292 δ’
952 4229 1021 4316 ἔχον
1044 4234 1158 4304 ἀκλινές
1181 4237 1269 4316 μενεῖ.
1301 4229 1462 4316 particula
1477 4225 1533 4292 ΑΝ
1550 4233 1624 4310 post
1639 4223 1681 4289 Al

320 4337 356 4394 ut
381 4330 579 4396 sesoentiens
602 4333 721 4398 omissa
742 4331 933 4397 infinitivum
954 4331 1160 4400 intellexerat
1180 4334 1267 4400 Astii
1288 4331 1448 4399 librarius.

404 4433 449 4498 IV
471 4433 491 4497 8
513 4445 524 4495 l
549 4438 707 4520 πολλαχῶς
729 4435 761 4497 δὲ
783 4433 895 4515 λέγεται
918 4435 937 4518 ip
960 4434 1107 4519 αίσθησις.
1134 4439 1154 4522 ή
1177 4461 1209 4499 τε
1229 4439 1283 4521 γὰρ
1306 4434 1362 4506 ἕξις
1384 4434 1432 4497 καὶ
1455 4433 1608 4514 ἡδύναμις
1630 4431 1680 4493 καὶ

319 4539 339 4621 ή
363 4535 490 4621 ἐνέργεια
512 4539 559 4602 καί
582 4541 601 4624 ή
625 4538 768 4624 φαντασία
790 4539 809 4620 ἡ
832 4539 1032 4622 καταληπτικὴ
1055 4537 1086 4602 δι’
1115 4539 1307 4624 αἰσθητηρίου
1333 4537 1455 4620 γίνονται
1478 4533 1526 4596 καί
1552 4531 1623 4596 αὐτὸ
1645 4533 1680 4594 τὸ

391 4797 400 4829 ¹
419 4799 451 4849 et.
468 4797 585 4848 Isidor.
604 4798 630 4846 d.
648 4803 709 4846 nat.
728 4811 786 4846 rer.
805 4791 847 4846 35.
879 4796 961 4859 quod
983 4803 1086 4845 autem
1105 4795 1243 4844 rotunda
1265 4795 1394 4844 videtur
1413 4794 1471 4843 hoe
1488 4796 1567 4845 solis
1591 4795 1683 4844 calor

318 4889 398 4937 tacit
420 4893 451 4934 et
473 4899 559 4934 mora
581 4885 777 4934 refrenantis
805 4886 890 4934 aeris
917 4884 987 4934 duur
1010 4898 1065 4946 per
1084 4883 1215 4946 longum
1233 4883 1372 4946 spatium
1390 4896 1406 4930 a
1424 4881 1562 4932 nubibus
1580 4899 1681 4946 usque

319 4973 357 5022 ad
375 4980 477 5022 terras
496 4971 648 5021 decurrit.
