3708 5732
349 383 391 448 86
760 389 786 437 v
812 388 861 438 nn
882 389 959 440 Amr
978 388 1114 440 nrovnr
1133 387 1297 440 arraona

286 627 290 634 Ι
434 550 590 620 Consulto
613 574 672 639 per
693 559 795 621 totam
817 555 902 622 hane
917 554 1169 640 disputationem
1185 554 1318 622 Suidam
1334 555 1474 642 neglexi,
1497 575 1596 640 aquo
1612 557 1709 640 vulgo
1833 557 1834 570 ²

348 655 515 722 exordium
537 656 669 740 capiunt
690 656 830 742 pessime
853 659 1063 742 auspicatum.
1109 659 1292 740 enipeum:
1833 717 1834 738 ,

433 758 558 842 Δίδυμος
580 757 693 842 Ἀτήιος
720 760 753 844 [ἢ
770 759 893 844 Ἄττιος]
922 760 1106 848 χρηματίσας
1131 760 1290 846 φιλόσοφος
1320 761 1532 846 ἀκαδημαϊκός.
1576 760 1710 825 πιθανῶν
1833 739 1834 790 λ

347 863 396 926 καὶ
419 864 604 946 σοφισμάτων
627 861 722 932 λύσεις
745 863 775 926 ἐν
799 865 919 949 βιβλίοις
941 865 958 948 β
981 863 1029 926 καὶ
1051 861 1127 925 ἄλλα
1148 865 1251 928 πολλά.

433 962 524 1029 Haec
546 961 693 1028 omnibus
715 963 872 1030 machinis
893 965 937 1031 ad
956 963 1069 1029 Arium
1083 963 1219 1046 Augusti
1240 964 1378 1032 amicum
1393 963 1570 1032 hansterre
1592 983 1712 1032 conau-

348 1071 399 1130 tur
413 1063 623 1147 grammatici.
658 1085 697 1131 ac
719 1067 811 1132 multi
826 1067 1042 1134 laudaverunt
1057 1063 1200 1132 Ionsium
1222 1065 1262 1131 H.
1279 1067 1337 1132 Ph.
1354 1069 1438 1134 1111
1461 1067 1587 1150 Δίδυμος
1599 1064 1710 1152 Ἄρειος

348 1165 586 1232 rescribentem.
624 1167 702 1251 quid
722 1167 792 1233 ita‘?
819 1188 929 1236 nonne
949 1174 1037 1235 recte
1058 1165 1196 1233 traditur
1210 1166 1285 1233 Atei
1299 1187 1467 1236 romanum
1481 1169 1625 1236 nomeu?
1655 1169 1712 1234 du-

347 1266 469 1334 bitasse
490 1267 618 1334 videtur
640 1268 738 1335 etiam
753 1270 898 1354 Toupius
920 1269 1020 1340 Αἴσιος
1042 1269 1094 1336 vel
1115 1267 1222 1340 Ἀέτιος
1243 1269 1368 1336 ludens.
1402 1290 1508 1354 neque
1529 1271 1625 1339 aliter
1648 1271 1713 1355 By-

348 1369 496 1436 zantinus
526 1369 555 1436 is
581 1371 635 1454 qui
661 1371 879 1438 coniecturam
907 1374 928 1458 ἢ
951 1370 1060 1440 Ἄττιος
1087 1369 1208 1437 Suidae
1237 1370 1416 1457 inscripsit,
1444 1391 1465 1438 a
1497 1393 1562 1456 qua
1595 1380 1706 1440 tamen

348 1471 493 1538 Dudocia
520 1471 623 1538 libera
650 1480 710 1539 est.
754 1481 802 1558 at,
831 1474 980 1555 obsecro,
1008 1470 1175 1556 quidest,
1203 1492 1259 1538 cur
1286 1494 1352 1540 non
1378 1473 1507 1541 Ateium
1535 1474 1712 1560 Didymum

348 1571 447 1639 tussa
475 1573 646 1657 putemus?
678 1595 774 1658 porro
801 1575 1006 1642 academicus
1027 1572 1088 1639 suit
1109 1573 1166 1640 ille
1187 1574 1410 1660 philosophus.
1454 1577 1531 1660 quid
1553 1575 1616 1642 heo
1637 1594 1712 1640 eum

348 1675 442 1759 Ario,
472 1695 565 1758 quem
594 1675 738 1742 Stoicum
765 1697 805 1743 ex
830 1676 937 1743 indice
964 1675 1138 1742 Laertiano
1165 1675 1479 1744 demonstravimus?
1521 1697 1565 1744 an
1594 1677 1712 1743 iterum

348 1777 475 1861 lapsum
501 1797 574 1843 esse
601 1777 732 1844 Suidam
762 1778 816 1844 vel
840 1777 1040 1862 Hesychium
1070 1777 1224 1844 credent?
1260 1779 1325 1846 iam
1351 1780 1431 1846 cedo
1458 1781 1592 1866 scripta!
1633 1799 1712 1844 num

347 1879 479 1944 πιθανῶν
509 1878 684 1962 [intercidit
705 1881 870 1962 numerus]
899 1879 998 1946 libros
1025 1881 1079 1946 vel
1106 1882 1293 1966 σοφισμάτων
1314 1883 1411 1953 λύσεις
1443 1883 1571 1968 scripsit
1592 1880 1713 1946 Arius?

347 1981 517 2047 nescimus.
551 1988 587 2047 at
608 1983 736 2068 scripsit
757 1983 868 2048 πιθανὰ
889 1983 972 2048 alius
988 1980 1158 2066 Didymus,
1180 1981 1222 2048 de
1241 2003 1304 2066 quo
1323 1982 1410 2050 idem
1430 1983 1561 2050 Suidas:
1584 1983 1713 2066 Δίδυμος

348 2082 410 2153 νέος
429 2081 629 2169 Ἀλεξανδρεὺς
650 2087 863 2170 γραμματικός,
886 2087 917 2156 ὃς
939 2085 1141 2170 ἐσοφίστευσεν
1163 2085 1193 2148 ἐν
1210 2081 1323 2170 Ῥώμῃ.
1368 2084 1475 2173 ἔγραψε
1496 2089 1622 2166 πιθανά,
1643 2086 1712 2171 περὶ

191 2269 236 2282 ...-
348 2185 544 2270 ὀρθογραφίας
572 2189 620 2251 καλ
648 2187 724 2252 ἄλλα
750 2191 872 2252 πλεῖστα
899 2189 947 2252 καὶ
976 2187 1088 2272 ἄριστα.
1133 2184 1209 2252 inde
1236 2185 1417 2254 comestum
1443 2195 1493 2256 est
1519 2190 1648 2256 Ateium
1676 2194 1713 2254 et

347 2287 506 2354 iuniorem
528 2289 705 2375 Didymum
727 2291 822 2357 solito
845 2311 935 2358 more
957 2309 978 2356 a
1000 2288 1102 2356 Suida
1123 2286 1274 2356 confusos
1295 2309 1377 2356 esse.
1421 2297 1509 2358 reete
1535 2310 1578 2357 an
1604 2309 1713 2375 meus,

347 2411 413 2457 non
436 2389 586 2457 diiudioo.
630 2392 727 2458 Arius
749 2400 836 2460 certe
857 2393 1017 2478 Didymus
1038 2391 1073 2456 in
1098 2389 1252 2475 Hesychii
1275 2391 1423 2474 catalogo
1445 2413 1512 2459 non
1536 2392 1711 2460 iuvenitur.

432 2493 480 2560 Eo
503 2493 606 2575 magis
627 2495 775 2561 miranda
798 2501 848 2560 est
870 2493 998 2562 Ottonis
1019 2492 1134 2560 Heinei
1162 2493 1244 2560 ratio
1273 2494 1318 2575 [u.
1337 2492 1446 2577 jahrb.
1468 2494 1490 2560 f.
1514 2495 1609 2562 class.
1629 2494 1712 2579 phil.

350 2597 442 2680 1869,
458 2596 535 2678 613]
557 2595 611 2678 qni
632 2595 743 2682 Suida,
767 2597 844 2680 quid
865 2597 948 2682 dico,
971 2595 1070 2662 Ionsii
1092 2593 1278 2661 coniectura
1299 2594 1388 2660 nisus
1407 2595 1582 2682 Didymum
1597 2595 1714 2662 Arium

347 2697 576 2765 Academicum
597 2697 639 2764 ab
654 2699 732 2765 Ario
755 2699 864 2766 Stoico
879 2698 1016 2782 Augusti
1038 2696 1189 2764 familiari
1211 2715 1343 2780 prorsus
1365 2696 1613 2782 disiungendum
1636 2717 1714 2765 esse

348 2799 559 2869 asseveravit.
604 2819 731 2867 summa
751 2801 981 2886 disputationis
1002 2837 1044 2848 -—
1065 2819 1141 2866 nam
1168 2805 1276 2866 cetera
1301 2799 1426 2866 leviora
1451 2807 1590 2866 sunt-
1612 2799 1645 2866 in
1669 2819 1712 2866 eo

348 2908 512 2985 versatur,
537 2901 623 2985 quod
649 2902 701 2969 hic
728 2903 824 2970 Arius
851 2903 1052 2989 simpliciter,
1080 2902 1246 2986 Epitemes
1273 2902 1410 2986 scriptor
1431 2901 1527 2968 Arius
1548 2903 1714 2988 Didymus

347 3005 540 3089 nominetur,
563 3003 649 3070 unde
670 3005 829 3073 Eusebius
857 3013 890 3074 et
918 3005 1078 3072 Stobaeus
1104 3041 1146 3051 -
1175 3003 1261 3070 addo
1283 3003 1484 3070 Priscianum
1506 3041 1548 3054 -
1570 3004 1712 3088 singulis

348 3106 429 3173 locis
449 3105 581 3190 Didymi
603 3127 722 3175 nomeu
745 3110 910 3194 elegerint.
942 3127 1048 3191 neque
1070 3113 1179 3172 amen
1202 3105 1377 3191 quidquam
1399 3106 1451 3173 hic
1472 3107 1554 3175 latet
1575 3105 1714 3174 difficul-

351 3207 438 3274 tatis.
471 3226 548 3272 nam
569 3208 681 3276 ultimo
704 3231 734 3276 a.
752 3212 827 3279 Chr.
850 3212 980 3280 saeculo
1002 3229 1024 3276 a
1045 3207 1234 3276 Latinorum
1256 3209 1488 3276 consuetudine
1510 3208 1624 3276 similis
1638 3229 1713 3276 mos
1808 3281 1811 3288 ,

347 3310 382 3374 in
404 3309 451 3376 eis
472 3307 650 3376 invaluisse
671 3311 799 3380 videtur
820 3314 935 3398 quibus
956 3311 1155 3397 frequentior
1176 3331 1254 3378 usus
1268 3333 1341 3378 eum
1353 3311 1507 3378 Romanis
1521 3312 1714 3379 intercesse-

348 3417 414 3496 rat,
441 3417 477 3476 ut
504 3410 607 3495 patris
633 3433 753 3481 nomen
776 3436 834 3482 suo
857 3437 916 3500 per
937 3414 1170 3482 nominativum
1193 3413 1351 3480 adderent
1384 3414 1437 3497 [cf.
1459 3415 1563 3482 Lehrs
1584 3420 1713 3498 quaeat.

348 3513 430 3598 opio.
453 3533 486 3598 p.
501 3512 612 3596 23**].
658 3514 732 3582 hino
756 3516 864 3583 Ἀπίων
893 3520 909 3580 ὁ
936 3516 1141 3601 Πλειστονίιιης
1167 3524 1200 3583 et
1222 3515 1414 3588 Ἀπολλώνιος
1442 3519 1457 3582 ὁ
1484 3516 1594 3582 Μόλων
1618 3523 1652 3583 ct
1673 3524 1714 3584 ut
1833 3525 1834 3572 ἶ

348 3614 410 3681 heo
432 3622 505 3681 utar
527 3613 663 3687 Κατίλιος
686 3621 702 3682 t
725 3622 773 3684 καὶ
797 3619 934 3704 Νικάνωρ
957 3621 973 3683 ὁ
997 3617 1166 3704 Νικάνορος.
1212 3619 1274 3686 hoe
1295 3619 1479 3703 exemplum
1502 3627 1613 3686 servat
1631 3621 1713 3704 legi·

347 3717 458 3782 timam
492 3716 639 3785 formam.
683 3721 742 3786 sed
775 3720 906 3786 liberior
936 3741 1023 3788 usus.
1068 3739 1144 3787 nam
1176 3740 1197 3786 a
1229 3721 1403 3788 Plutarcho
1436 3722 1620 3789 nominatur
1652 3723 1712 3789 ille

344 3816 537 3890 Ἀπολλώνιος
565 3823 581 3884 ὁ
612 3819 756 3893 Μόλωνος
789 3821 870 3905 [Oio.
891 3825 922 3888 4.
951 3823 1045 3890 Caes.
1066 3825 1115 3908 3],
1148 3821 1335 3906 alosepho
1362 3824 1436 3892 adv.
1469 3825 1530 3909 Ap.
1553 3827 1586 3892 Π
1609 3827 1651 3892 14
1672 3835 1712 3889 36

344 3918 537 3991 Ἀπολλώνιος
561 3925 577 3986 ὁ
600 3921 710 3987 Μόλων
737 3923 791 4006 [cf.
815 3924 946 4004 Quintil.
961 3925 1011 3990 III
1027 3926 1044 3988 1
1062 3935 1111 4011 16,
1137 3925 1202 3991 XII
1217 3926 1237 3990 6
1253 3925 1300 4012 ll,
1327 3927 1369 3993 ab
1397 3927 1512 3994 eodem
1534 3947 1613 3994 vero
1635 3928 1711 3994 sim-

347 4020 474 4106 pliciter
501 4022 612 4088 Μόλων
640 4025 713 4091 adv.
741 4026 858 4110 Apion.
880 4028 912 4093 II
934 4029 954 4093 2
977 4035 1020 4092 ³4.
1036 4035 1081 4094 41.
1126 4045 1231 4112 neque
1257 4027 1353 4095 aliter
1378 4029 1556 4115 Dionysius
1583 4030 1624 4096 dc
1654 4031 1712 4096 Di-

347 4124 469 4190 nareho
484 4126 505 4190 8
528 4125 667 4193 Μόλωνα.
701 4127 778 4194 item
801 4130 902 4213 patris
922 4129 1053 4198 nomine
1067 4130 1230 4196 Molonem
1246 4136 1432 4197 constanter
1446 4131 1480 4198 in
1496 4131 1595 4198 Bruto
1610 4141 1711 4201 vocat

348 4227 476 4313 Cicero,
505 4229 559 4311 qui
587 4229 620 4294 in
643 4227 726 4294 libro
749 4231 791 4297 de
812 4231 999 4298 inventione
1021 4233 1239 4319 Apollonium.
1284 4231 1327 4298 ad
1352 4232 1437 4300 hanc
1463 4233 1710 4303 similitudinem
1833 4265 1834 4298 ι

346 4329 507 4396 Romani¹
535 4351 576 4397 ex
604 4331 732 4416 gemino
760 4332 904 4418 nomine,
931 4355 1003 4400 cum
1024 4334 1157 4421 Didymi
1179 4333 1318 4402 sescenti
1346 4333 1414 4401 Arii
1440 4335 1560 4420 pauei'
1587 4345 1709 4426 essent,

420 4535 428 4567 ¹
455 4540 515 4590 iude
533 4539 708 4592 Tertullianus
726 4556 848 4592 romanus
870 4542 948 4592 horno
966 4543 1024 4594 Arii
1041 4545 1146 4595 nomine
1165 4545 1202 4594 uti
1220 4543 1310 4594 maluit
1327 4541 1372 4605 [de
1389 4547 1476 4595 anima
1495 4561 1517 4595 e.
1530 4542 1590 4609 5412
1609 4542 1709 4613 Itaque

346 4624 419 4690 apud
430 4623 508 4677 illum
521 4625 679 4690 (Platonem)
691 4627 721 4678 ia
734 4626 863 4678 σσιλσνωο
875 4627 1052 4681 sublimantur
1065 4630 1172 4682 αοιίιιασ
1182 4630 1321 4694 νομίσασαν,
1334 4628 1404 4694 apud
1416 4629 1528 4682 Arium
1540 4631 1575 4682 ιἰι
1586 4647 1707 4696 aerem,
1833 4653 1834 4676 ι

348 4712 421 4779 apud
438 4711 539 4764 Stoicos
558 4713 605 4764 aab
625 4711 710 4765 lanum
728 4713 771 4778 [cf.
790 4731 811 4764 c.
824 4713 879 4781 55],
898 4716 968 4779 qnod
984 4725 1100 4782 speetme
1118 4719 1220 4769 videaur
1238 4719 1271 4768 ad
1288 4718 1395 4784 Didymi
1413 4719 1443 4768 ir.
1456 4717 1490 4771 39
1508 4735 1534 4784 p.
1545 4716 1606 4782 471,
1617 4719 1660 4772 13.

417 4797 428 4832 π
609 4803 615 4816 ο
655 4804 661 4816 ι
785 4805 790 4816 ι
821 4805 826 4816 ι
891 4805 896 4816 ι
1027 4805 1033 4818 ι
1113 4807 1119 4820 ι
1346 4808 1352 4820 ι
1480 4811 1486 4822 ι
1524 4829 1531 4842 ·

381 4887 407 4952 1)
421 4809 755 4958 attt⁰l32bt5t2l
766 4817 851 4941 ll.
861 4804 1220 4956 tttltlltllll.
1238 4821 1308 4945 Ab
1310 4821 1355 4942 ‘15¹
1372 4808 1421 4862 ¹¹⁰⁵
1439 4810 1531 4862 ⁵⁶⁰⁸·

379 4973 407 5042 2)
422 4971 514 5046 Ἄρειος
533 4972 546 5028 ὁ
565 4971 699 5044 Assume,
716 4977 778 5028 Luc.
798 4977 859 5028 Ver.
879 4978 938 5030 hist.
950 4979 979 5029 11
991 4977 1026 5030 22
