3708 5732
695 441 972 492 ruouncouauu
1055 507 1063 522 .
1451 437 1510 500 101

151 612 407 700 imperatoribus,
430 633 493 695 quo
516 619 662 695 tompore
685 609 877 695 Thrasyllus
899 607 1040 694 Tiberio,
1064 610 1155 676 Sulla
1178 608 1364 692 Caligulae,
1388 607 1513 692 Serapa

152 715 386 784 Trimalchioni
408 715 602 782 exstiterunt
624 734 774 781 suasores
788 712 1004 796 Maniliusque
1025 711 1078 796 qui
1100 711 1216 778 dicitur
1237 718 1340 778 artem
1366 695 1514 776 versibus

150 820 293 904 inclusit,
322 817 481 884 inferum
508 816 612 900 magis
634 821 667 882 ot
689 817 852 902 publicam
876 817 981 881 lucem
1003 820 1168 898 protracta
1190 821 1250 900 est,
1273 821 1382 880 tamen
1405 833 1512 896 neque

149 925 238 1009 prius
259 921 348 1007 apud
370 920 515 986 Graecos
537 919 764 1002 Romanosque
787 917 837 1006 [of.
862 917 976 984 (laton.
995 917 1026 983 d.
1042 939 1067 984 r.
1090 915 1216 1004 moth]
1238 937 1344 1001 noque
1364 915 1510 1001 prolecto

149 1033 263 1112 postea
286 1023 348 1090 coli
371 1022 477 1089 desita
498 1029 558 1089 ost.
592 1041 669 1105 ergo
693 1021 767 1087 bino
789 1019 918 1104 quidem
939 1019 1020 1085 nibil
1041 1021 1212 1086 lucramur.
1245 1021 1349 1085 maius
1371 1039 1511 1086 momen·

148 1137 215 1194 tum
244 1147 284 1192 ex
313 1126 469 1193 orationis
496 1125 724 1192 observatione
751 1123 896 1191 efficitur.
941 1122 1020 1188 nihil
1049 1122 1122 1189 dico
1144 1123 1186 1189 de
1208 1123 1404 1189 Placitorum
1427 1141 1511 1206 quac

147 1231 278 1316 proprio
300 1229 373 1296 dico
397 1229 558 1296 brevitate
581 1235 614 1296 et
636 1228 794 1294 siccitate:
828 1229 939 1292 ornari
959 1247 1010 1290 rer
1032 1229 1104 1308 ipra
1125 1237 1207 1292 cetat
1229 1237 1372 1292 contento
1394 1227 1509 1290 doceri.

148 1339 291 1399 ceterum
313 1334 470 1416 pleraque
491 1339 566 1398 sunt
586 1331 694 1398 verbis
716 1331 848 1416 paulum
878 1329 1008 1394 mutatis
1036 1349 1076 1394 ex
1108 1329 1342 1414 antiquioribus
1367 1329 1510 1395 lontibus

149 1436 319 1520 translata,
343 1454 427 1518 quac
448 1433 609 1500 breviavit
630 1433 759 1518 quidem
782 1433 841 1500 sed
860 1453 933 1498 raro
950 1431 1095 1497 mutavit.
1129 1440 1253 1498 restant
1266 1431 1364 1515 igitur
1374 1439 1509 1516 praeter

145 1537 273 1604 Placita
283 1537 457 1622 ampliores
473 1537 607 1620 eclogae
623 1535 803 1602 Stoicorum
821 1541 854 1602 et
866 1536 1099 1620 Epicureorum
1114 1543 1212 1619 atque
1226 1534 1329 1619 ipsius
1344 1535 1509 1619 scriptoris

146 1642 322 1726 prooemia.
357 1647 455 1723 atque
477 1639 510 1703 in
532 1639 590 1704 illo
613 1659 746 1705 numero
770 1639 988 1706 memorabilis
1011 1645 1060 1705 ost
1075 1639 1264 1724 Epicureus,
1287 1639 1328 1704 de
1349 1659 1411 1722 quo
1428 1639 1508 1704 satis

144 1764 244 1830 supra
267 1766 298 1828 p.
317 1744 357 1808 78
379 1741 499 1808 dictum
523 1749 582 1807 cst.
616 1741 670 1808 ubi
692 1742 824 1808 insolita
846 1741 904 1807 illa
926 1742 1063 1816 ἀτενίζων
1086 1744 1182 1828 ἑαυτῷ
1207 1749 1240 1808 ot
1262 1743 1431 1828 μοιχαλίδος
1455 1741 1508 1807 ob

144 1847 291 1930 servavi,
326 1865 410 1930 quae
438 1844 560 1910 bomini
591 1845 754 1930 ceteroqui
783 1843 907 1910 erudite
937 1851 970 1911 et
997 1865 1136 1911 nervose
1165 1844 1317 1911 scribenti
1345 1845 1400 1910 vix
1430 1851 1507 1911 ante

143 1949 283 2034 primurn
299 1970 330 2033 p.
347 1947 422 2014 chr.
439 1947 604 2012 sacculum
620 1945 765 2030 prolerre
780 1947 909 2014 licebat.
936 1947 1144 2013 Philodemus
1159 1947 1289 2032 quidem
1305 1947 1359 2030 qui
1375 1953 1507 2032 propter

142 2050 274 2118 dicendi
295 2048 534 2133 neglegentiam
550 2050 707 2134 vapulare
730 2051 823 2136 solet,
845 2051 926 2116 talia
948 2050 1036 2116 haud
1058 2069 1157 2114 ausus
1181 2055 1239 2116 ost.
1274 2069 1381 2132 nequo
1403 2049 1506 2132 magis

142 2175 183 2220 ea
203 2155 344 2220 alterum
366 2174 397 2237 p.
422 2151 498 2217 Chr.
521 2152 685 2216 saeculum
712 2153 841 2238 decent,
871 2175 934 2238 quo
961 2153 1124 2218 indefesso
1153 2153 1370 2238 sophistarum
1398 2151 1505 2218 studio

142 2264 233 2323 recte
254 2253 415 2322 scribendi
438 2255 510 2319 laus
532 2253 600 2319 lere
622 2255 765 2338 vulgaris
789 2262 868 2321 erat.
912 2277 989 2340 ergo
1011 2255 1249 2340 comparandus
1268 2254 1505 2337 quodammodo

141 2379 215 2424 oum
238 2357 385 2441 Longino
408 2357 499 2422 cuius
520 2355 621 2423 fertur
648 2357 690 2424 de
712 2357 908 2425 sublimitate
935 2359 1065 2425 libellus
1092 2355 1269 2423 cultissimo
1296 2356 1443 2440 scriptori
1473 2364 1505 2423 et

140 2461 279 2546 perinde
300 2459 437 2544 fervido,
461 2459 518 2525 sed
541 2460 575 2524 in
599 2459 789 2543 quibusdam
812 2461 977 2527 mendoso.
1012 2459 1045 2524 in
1068 2459 1247 2526 Stoicorum
1266 2458 1424 2542 capitibus
1439 2479 1504 2524 non

140 2569 207 2628 tam
240 2562 374 2648 aetatis,
405 2582 501 2646 quam
530 2563 592 2628 loci
615 2570 693 2628 nota
718 2564 876 2648 impressa
903 2571 952 2628 est
980 2562 1126 2646 insignis.
1170 2563 1214 2627 IV
1238 2564 1314 2626 115
1341 2563 1439 2646 ὥσπερ
1468 2563 1504 2626 τὰ

140 2667 290 2750 δηνάρια
312 2665 360 2728 καὶ
383 2667 411 2728 ol
434 2671 572 2751 στατῆρες
596 2667 671 2730 αὐτὰ
694 2667 746 2749 μὲν
769 2667 836 2730 καθ’
860 2667 935 2730 αὑτὰ
962 2669 1087 2754 ὑπάρχει
1115 2667 1236 2749 δηνάρια
1258 2663 1332 2749 (καὶ)
1354 2669 1503 2748 στατῆρες,

139 2769 190 2832 ἐὰν
219 2769 252 2831 δὲ
277 2768 318 2837 εἰς
340 2767 448 2830 πλοίων
476 2769 553 2851 δοθῇ
577 2769 736 2852 μίσθωσιν,
762 2773 918 2854 τηνικαῦτα
945 2770 1015 2854 πρὸς
1037 2774 1080 2854 τῷ
1104 2770 1225 2852 δηνάρια
1247 2767 1319 2830 εἶναι
1342 2768 1389 2831 καὶ
1412 2771 1503 2831 ναῦλα

138 2871 263 2953 λέγεται.
308 2869 385 2953 quid
418 2869 599 2937 interfuerit
632 2879 667 2938 ut
700 2871 820 2956 duplex
854 2893 1022 2937 numerum
1060 2891 1162 2954 genus
1194 2869 1377 2954 afferretur,
1416 2869 1503 2934 haud

138 2971 288 3056 dispicio.
326 2973 516 3038 alterutrum
544 2975 641 3040 eredo
669 2974 748 3039 satis
776 2981 854 3040 erat.
903 2995 964 3040 nec
991 2973 1123 3040 dubium
1150 2973 1226 3057 quin
1253 2993 1316 3039 uno
1346 2980 1502 3040 staterum

138 3075 292 3158 exemplo
316 3081 488 3141 contentus
510 3077 607 3142 fucrit
622 3077 802 3161 quicunque
818 3077 998 3145 Stoicorum
1020 3078 1078 3144 illa
1100 3077 1288 3161 composuit.
1322 3077 1502 3142 Romanum

135 3177 236 3260 igitur
258 3198 350 3244 usum
374 3179 543 3262 spectabat
557 3179 670 3245 Aetius
692 3179 754 3244 nisi
769 3181 978 3247 Plutarchum
1000 3181 1215 3266 interpolasse
1231 3179 1371 3245 orodis¹
1402 3186 1503 3245 restat

135 3280 212 3364 ipsa
233 3279 320 3346 Astii
345 3281 458 3347 oratio.
503 3282 545 3347 de
567 3301 631 3365 qua
653 3303 719 3347 non
741 3284 831 3350 nulla
856 3303 955 3369 supra
977 3306 1008 3368 p.
1026 3285 1066 3348 75
1087 3282 1209 3348 notavi.
1246 3287 1333 3348 certe
1355 3281 1502 3365 quamvis

137 3383 278 3466 exiguus
300 3382 342 3447 sit
363 3383 491 3449 illorum
514 3383 671 3467 ambitus,
694 3392 803 3452 tamen
825 3407 867 3453 ne
890 3387 936 3452 sic
958 3385 1087 3470 quidem
1110 3383 1248 3450 eundern
1270 3384 1501 3450 vocabulorum

136 3505 256 3570 gyrum
279 3487 404 3552 vitavit.
440 3488 569 3554 omnino
593 3507 677 3570 quae
699 3489 827 3572 placitis
850 3488 1034 3573 explicandi
1056 3487 1161 3570 gratia
1183 3486 1345 3552 adduntur
1364 3487 1500 3553 velutin

134 3588 304 3670 prooemio
327 3590 383 3670 §3
405 3589 547 3655 taedium
576 3597 702 3674 parant.
746 3590 823 3673 quid
850 3590 891 3656 de
918 3590 1032 3657 ordine
1058 3589 1130 3654 libri
1157 3595 1255 3672 atque
1277 3588 1500 3673 dispositione,

132 3697 298 3773 quatenus
320 3693 414 3758 Actio
436 3692 636 3774 iniungenda
657 3699 716 3778 est,
738 3692 945 3758 iudicandum
970 3700 1066 3778 esset,
1088 3691 1208 3758 ibidem
1231 3691 1376 3775 exposui.
1414 3691 1501 3758 unde

133 3791 159 3856 si
184 3793 228 3858 do
250 3813 370 3877 genere
393 3793 559 3878 scriptoris
582 3793 815 3879 coniciendum,
838 3793 907 3860 fieri
928 3815 994 3860 non
1013 3795 1132 3879 poterit
1146 3793 1222 3878 quin
1244 3795 1500 3858 scholasticorum

133 3901 222 3959 notio
250 3898 378 3961 madero
404 3901 514 3980 ριάρνι·
541 3898 784 3981 adgnoscatur..
819 3917 896 3980 ergo
924 3898 1090 3984 scriptoris
1118 3898 1232 3965 eadem
1260 3903 1309 3963 est
1333 3895 1435 3962 facies
1460 3916 1499 3962 ac

134 3999 333 4084 philosophi,
357 4019 455 4084 quarn
478 3999 569 4064 initio
586 3999 700 4082 capitis
715 4000 838 4084 aperui.
873 4006 1043 4084 utrumque
1058 4001 1183 4084 suadet,
1206 4007 1351 4084 utquam
1368 3998 1500 4064 minimo

133 4101 308 4168 intervallo
330 4101 372 4168 ab
400 4102 503 4168 altero
530 4101 666 4167 termino
689 4101 773 4166 Astii
796 4108 937 4168 aetatem
964 4103 1209 4186 suspendamus.
1254 4101 1369 4185 quodsi
1396 4103 1499 4168 altero

133 4203 204 4270 lere
227 4203 334 4270 medio
358 4205 490 4270 saeculo
508 4203 704 4270 Placitorum
721 4202 827 4268 extitit
848 4205 998 4290 epitome,
1021 4205 1098 4288 quid
1114 4205 1222 4270 obstat
1243 4225 1284 4270 ne
1307 4204 1366 4270 sub
1388 4204 1500 4270 exiens

134 4306 274 4384 primunr
298 4305 367 4372 sive
390 4305 526 4372 alterius
548 4304 673 4370 initium
688 4303 817 4370 Aetium
839 4305 961 4373 vixisse
983 4307 1201 4372 coniciamus?
1226 4327 1339 4373 verum
1355 4326 1416 4389 ego
1440 4305 1499 4371 has

132 4408 344 4493 ratiunculas,
367 4427 451 4492 quae
474 4427 571 4491 quam
593 4408 736 4474 incertae
759 4407 824 4472 sint
846 4409 961 4493 sentio,
984 4410 1060 4475 nolo
1084 4408 1234 4494 persequi
1257 4408 1448 4473 laudaturus
1471 4408 1498 4472 si

133 4509 206 4592 quis
229 4509 367 4576 meliora
388 4509 526 4576 docebit.
572 4527 633 4574 neo
654 4507 799 4594 prolecto
823 4530 863 4577 ex
886 4517 1030 4578 aetatum
1052 4511 1235 4578 discrimine
1258 4509 1311 4576 vel
1333 4507 1498 4576 nominum

206 4775 213 4806 ¹
233 4779 320 4827 omisit
342 4777 408 4827 hanc
430 4793 483 4828 rem
502 4777 632 4838 Bechius,
652 4779 696 4842 qui
714 4779 740 4827 in
760 4777 892 4828 Plutarchi
911 4793 1029 4828 sermone
1051 4779 1155 4829 latinam
1176 4780 1290 4842 linguam
1309 4778 1431 4827 odoratus
1450 4787 1497 4838 est,

130 4863 204 4913 cuiue
222 4879 277 4913 ιωνι
301 4863 452 4928 imperitum
468 4863 558 4928 saissa
582 4871 715 4914 auctorem
727 4861 812 4928 facilc
828 4873 909 4928 potet.
934 4883 995 4916 num
1018 4867 1098 4916 latine
1121 4867 1198 4917 fucrit
1216 4867 1307 4916 doctus
1327 4866 1427 4924 Aetius,
1446 4879 1496 4927 ogo

131 4953 230 5000 nescio.
249 4953 334 5015 graeci
355 4959 422 5001 certe
441 4953 550 5016 peritior
567 4953 615 5001 fuit
633 4951 730 5001 Beclrio
750 4953 793 5014 qui
816 4955 914 5003 scilicet
937 4955 985 5004 hos
1009 4956 1110 5004 notavit
1132 4952 1278 5004 idiotismus
1297 4951 1410 5002 latinos:
1434 4947 1494 5008 ἰδίας

130 5035 225 5107 ἑκάστη
245 5053 307 5089 auur
326 5051 446 5104 quaeque
465 5039 504 5088 1v
527 5037 561 5090 10
578 5047 590 5086 ν
608 5047 634 5089 ct
652 5037 761 5107 συνάγειν
779 5041 793 5091 1
811 5037 828 5091 3
845 5051 858 5089 a
875 5055 965 5106 cogere
982 5046 999 5096 i.
1019 5059 1042 5094 e.
1062 5041 1222 5093 concludere.
