3756 5736
315 375 378 438 204
583 380 648 428 xv1
684 379 733 428 DE
755 379 857 428 AETII
878 380 1113 430 PLACITORUM
1134 379 1407 432 COMPOSITIONE

358 567 414 610 nec
435 549 469 610 in
491 548 708 612 membranulis
730 559 763 611 ut
786 548 970 626 [Stratost]
1064 545 1191 614 Ivee
1223 543 1497 635 Ἐρασίστρατος
1529 551 1594 635 περὶ
1626 553 1680 636 τῆν

315 650 580 712 Erasistratus
1023 653 1146 736 μήνιγγα
1175 653 1228 715 τοῦ
1259 649 1420 737 ἐγκιφσλου
1446 654 1482 737 ἣν
1511 653 1680 739 ἐπικρανίδα

1022 752 1098 834 λέγει

359 873 415 916 uec
436 856 469 918 in
491 855 731 936 superciliorum
751 855 921 920 meditullio
936 865 970 920 ut
1064 853 1144 920 ive
1163 863 1180 916 2
1201 855 1368 940 Στράτων
1393 857 1424 921 ἐν
1447 860 1605 945 μεσοφρύῳ

316 955 445 1019 Strata
466 959 612 1040 physicus

358 1078 415 1121 nec
436 1061 469 1122 iu
483 1069 549 1124 toto
564 1062 666 1124 lorica
678 1063 814 1141 pectoris
828 1072 862 1124 ut
876 1062 970 1143 Epi·
1063 1059 1144 1124 1v5
1163 1067 1179 1122 5
1217 1103 1225 1118 .
1253 1103 1261 1118 .
1288 1103 1296 1118 ·
1319 1057 1526 1147 Ἐπίκουρος
1556 1065 1587 1128 ἐν
1618 1063 1679 1150 ὅλιρ

317 1181 434 1226 curus
1021 1165 1063 1245 τῷ
1088 1159 1203 1246 θώρακι

358 1267 414 1328 red
445 1267 528 1348 quod
555 1275 583 1328 et
605 1266 748 1348 Acyyptii
768 1267 970 1330 renuntiare-

316 1376 389 1429 runt
410 1376 440 1430 et
455 1371 507 1450 pai
522 1369 699 1432 diuinarum
717 1377 971 1432 commentatores

315 1473 568 1535 renuntiauerant
590 1470 632 1553 [P]
660 1480 693 1534 ut
721 1479 750 1534 et
779 1473 832 1534 ille
862 1491 970 1534 uersas

316 1572 453 1653 Orphei
484 1575 533 1636 cel
559 1574 796 1655 Empedoclis
824 1572 971 1656 ‘namque
1064 1570 1144 1636 lve
1163 1580 1180 1632 8
1201 1571 1439 1658 Ἐμπεδοκλῆς
1461 1575 1544 1658 ἐντῆ
1566 1580 1617 1639 τοῦ
1637 1579 1679 1640 al-

315 1677 431 1739 bumini
461 1678 591 1758 sanquis
624 1675 892 1740 circumcordialis
926 1685 971 1740 est
1022 1697 1112 1757 ματος
1134 1677 1270 1740 συστάσει

315 1779 441 1842 sensus'.

351 1883 444 1944 etiam
455 1881 686 1964 Protayoros
700 1879 735 1966 (i)
747 1881 839 1944 etiam
849 1881 970 1962 Apol·
1064 1879 1109 1943 IV
1124 1879 1145 1944 5
1163 1888 1194 1940 10
1218 1878 1424 1966 Πυθαγόρας
1436 1883 1469 1945 τὸ
1485 1883 1537 1964 μὲν
1554 1887 1676 1955 ζωτικὸν

317 1983 472 2046 lodarus
503 1993 531 2048 et
560 1985 787 2066 Chrysippus
813 1985 891 2046 boec
912 2003 970 2047 sa·
1022 1982 1086 2066 σερὶ
1108 1983 1161 2067 τῆν
1183 1983 1302 2066 καρδίαν

315 2087 404 2166 piant
425 2095 458 2149 ut
480 2088 529 2150 oel
550 2088 589 2149 ab
611 2089 680 2150 istis
693 2093 816 2150 retrusus
839 2087 969 2150 Ascle·
1063 2084 1178 2149 lvec
1211 2087 1238 2148 οἱ
1260 2085 1412 2149 Στωικοὶ
1435 2087 1538 2158 πάντες
1564 2087 1595 2152 ἐν
1621 2089 1678 2172 ὅλῃ

314 2189 446 2268 piados
485 2209 601 2271 capros
631 2209 708 2254 suos
741 2198 873 2270 quamat
902 2190 970 2252 sine
1021 2192 1058 2269 τῆ
1082 2189 1187 2272 καρδία

317 2290 410 2353 corde
442 2291 583 2356 balantes
618 2288 671 2378 [de
703 2288 898 2374 Asclepiade
928 2289 967 2356 cf.

317 2391 473 2480 albin]

403 2494 530 2562 Graeca
550 2515 634 2580 quae
651 2493 773 2562 contuli
789 2499 856 2558 tam
872 2493 1019 2578 speciose
1034 2495 1232 2561 conveniunt
1245 2501 1281 2560 ut
1295 2495 1398 2580 primo
1414 2496 1549 2580 quisque
1565 2497 1678 2564 obtutu

316 2617 412 2680 quam
428 2605 499 2665 arte
514 2599 712 2665 cohaereant
727 2595 915 2682 perspiciat.
949 2616 1011 2662 nec
1025 2603 1135 2662 tamen
1157 2604 1244 2664 recte
1267 2597 1428 2682 quispiam
1443 2599 1678 2666 Tertullianum

316 2700 411 2766 Aetio
439 2723 531 2767 usum
559 2699 784 2786 suspicabitur.
829 2699 920 2764 cuius
951 2698 1065 2783 copiae
1102 2719 1175 2764 cum
1203 2720 1269 2766 non
1301 2701 1404 2765 solum
1436 2721 1477 2766 ex
1503 2701 1679 2769 Plutarcho

316 2802 373 2868 sed
397 2803 493 2869 etiam
517 2825 558 2870 ex
573 2804 778 2871 Theodoreto
802 2801 952 2884 cognitae
975 2799 1049 2884 sint,
1071 2800 1185 2866 mirum
1209 2807 1307 2888 esset,
1330 2802 1357 2866 si
1379 2803 1549 2869 Moschion
1571 2805 1679 2872 Xeno·
1717 2807 1720 2812 '

316 2911 421 2971 crates
455 2907 607 2992 Aegyptii
637 2905 855 2990 Apollodorus
885 2909 918 2968 et
947 2902 1148 2988 Chrysippus
1175 2911 1232 2970 aut
1259 2903 1369 2969 omissi
1398 2905 1487 2989 apud
1514 2907 1588 2973 illos
1621 2913 1678 2974 aut

316 3009 519 3089 generaliore
549 3009 701 3074 lemmate
730 3004 956 3090 comprehensi
986 3011 1104 3071 essent.
1155 3005 1241 3072 adde
1269 3005 1356 3089 quod
1382 3007 1540 3076 Heracliti
1569 3009 1679 3094 opinio

316 3108 415 3174 distat
436 3117 469 3175 et
492 3111 698 3196 Empedoclis
718 3111 844 3192 integer
865 3129 979 3175 versus
1002 3107 1119 3174 citatur
1141 3109 1227 3175 idem
1250 3129 1346 3192 quem
1365 3109 1515 3177 (liceret.
1531 3131 1557 3177 c.
1582 3111 1678 3196 signi·

316 3211 391 3277 ficol
417 3213 490 3296 oripo
511 3217 565 3300 γὰρ
588 3216 754 3299 ἀνθρώποις
778 3211 960 3296 παρικάρδιόν
983 3212 1044 3274 ἐστι
1067 3212 1164 3295 νόημα
1185 3209 1259 3298 [329
1277 3209 1347 3299 Sty,
1369 3211 1424 3295 qui
1446 3211 1479 3278 in
1493 3211 1588 3280 Aetio
1611 3213 1681 3281 bro·

315 3315 399 3380 riter
418 3315 570 3400 tangitur.
595 3317 832 3400 Protagoras
860 3333 940 3379 sane
961 3333 1002 3379 ex
1031 3313 1094 3379 ista
1115 3313 1200 3380 serie
1222 3314 1434 3399 expellendus
1457 3322 1516 3382 est.
1561 3317 1680 3382 Praxa-

316 3437 412 3500 goras
434 3418 579 3484 Pamelic
602 3417 784 3500 videbatur,
808 3437 869 3482 nos
891 3417 988 3500 paulo
1011 3415 1210 3501 probabilius
1230 3415 1497 3501 Pythagoram
1520 3439 1561 3485 ex
1583 3419 1678 3486 Aetio

316 3521 516 3587 reducemus.
561 3520 618 3586 sed
645 3521 706 3586 fuit
732 3518 824 3585 latini
851 3518 1016 3603 scriptoris
1044 3517 1119 3583 ions
1149 3517 1247 3584 etiam
1273 3517 1411 3586 uberior.
1457 3519 1602 3587 eiusdem
1625 3541 1675 3588 aa·

316 3623 392 3706 pitis
415 3623 506 3688 initio
522 3630 693 3708 postquam
710 3621 943 3688 Dicaearchi
958 3619 1153 3705 philosophi,
1176 3621 1355 3689 Andreae
1374 3628 1408 3688 et
1421 3621 1678 3707 Asclepiadis

317 3726 513 3791 medicorum
540 3723 719 3808 principale
753 3723 934 3790 tollentium
963 3721 1133 3806 opiniones
1158 3721 1300 3790 reiectae
1326 3731 1417 3809 sunt,
1447 3723 1517 3792 iere
1545 3727 1675 3794 eosdem

317 3827 539 3912 philosophos,
562 3845 643 3908 quos
658 3825 799 3912 exhibui,
827 3823 918 3890 brevi
933 3823 1075 3889 indiculo
1091 3827 1278 3910 complexus
1294 3827 1482 3911 praemittit:
1504 3832 1561 3893 scd
1572 3833 1680 3912 plures

316 3932 491 4012 philosophi
513 3930 663 3992 aduersus
686 3930 929 3992 Dicaearchum:
955 3927 1045 3990 Plato
1072 3929 1179 3993 Strato
1206 3931 1364 4010 Epicurus
1386 3933 1581 3997 Democritus
1603 3935 1679 3996 Em-

315 4035 459 4114 pedocles
481 4033 627 4095 Socrates
658 4028 689 4118 [l.
713 4027 912 4116 Xenocrates]
945 4031 1126 4094 Aristoteles
1155 4042 1183 4094 et
1211 4034 1322 4098 medici
1352 4035 1503 4098 adversm
1529 4036 1679 4100 Andrean

317 4149 344 4200 et
367 4137 598 4218 Asclepiadem:
627 4135 812 4218 Heropbilus
844 4135 1057 4232 Erasistratus
1086 4134 1212 4198 Diocles
1237 4137 1444 4216 Hippocrates
1471 4146 1500 4200 et
1527 4141 1595 4220 ipse
1616 4140 1680 4202 So-

316 4260 422 4303 ranus.
467 4257 554 4304 nova
575 4239 730 4304 lemmata
753 4242 930 4320 exsurgunt
954 4235 1036 4300 haec
1063 4237 1258 4302 Democritus
1280 4238 1382 4320 [Plac.
1398 4239 1479 4304 [Vb
1501 4243 1528 4325 1]
1552 4243 1680 4306 Aristo-

317 4345 389 4406 tcles
412 4339 559 4407 Diocles¹
583 4347 681 4423 atque
711 4341 870 4416 Soranus,
893 4338 947 4423 qui
977 4358 1053 4403 mcx
1083 4338 1118 4403 in
1148 4344 1313 4406 certamen
1337 4339 1522 4428 vocabitur,
1544 4343 1679 4409 simulac
1778 4416 1781 4420 ,

317 4465 342 4511 c.
358 4447 409 4510 43.
426 4447 478 4510 54.
496 4447 536 4509 14
558 4443 724 4510 contulero
747 4462 819 4508 eum
841 4441 987 4508 Placitis.

389 4617 394 4648 ¹
415 4619 484 4683 apud
496 4617 690 4668 Theodoretum
703 4619 796 4681 legitur
809 4617 900 4667 Placit.
914 4617 953 4666 IV
967 4613 983 4667 5
995 4625 1055 4664 e--e
1072 4611 1287 4684 Ἐμπεδοκλῆς
1305 4613 1331 4666 δὲ
1350 4617 1394 4668 καὶ
1411 4613 1617 4688 Ἀριστοκλῆς
1636 4621 1680 4672 καὶ

315 4711 367 4756 τῶν
385 4701 537 4756 Στωικῶν
560 4703 577 4771 ῆ
601 4700 724 4771 ξυμμορία
746 4701 792 4772 τὴν
815 4700 919 4770 καρδίαν
938 4702 990 4754 urb.
1019 4705 1161 4755 Aristocles
1183 4705 1268 4754 nullus
1287 4713 1327 4753 cst
1348 4707 1375 4755 in
1394 4708 1509 4758 Placitis.
1546 4709 1680 4759 restituunt

316 4797 394 4859 vulgo
413 4794 581 4859 probabiliter
597 4787 782 4860 Ἀριστοτέλης.
811 4808 898 4842 nonne
917 4793 1079 4842 Tertulliano
1099 4795 1136 4842 uti
1155 4793 1214 4842 licet
1234 4793 1267 4842 ad
1285 4792 1475 4843 recumbendum
1493 4790 1680 4862 Ἀριστο<τέλης

315 4876 451 4949 Διο>κλῆςῗ
473 4883 521 4932 init
539 4895 596 4929 cnm
615 4880 692 4928 etiam
711 4882 737 4930 in
756 4880 897 4931 Plutarcho
909 4880 949 4929 IV
962 4877 1002 4930 bt
1019 4873 1136 4946 Διογένης
1155 4895 1188 4930 ex
1206 4873 1315 4946 Διοκλῆς
1334 4889 1482 4946 comuptum
1501 4895 1616 4947 putarem
1634 4880 1679 4944 [cf.

315 4969 384 5018 Rosa
403 4971 436 5018 A.
450 4970 493 5019 Ps.
513 4965 609 5032 aare,
624 4966 716 5030 tia.i.].
737 4975 804 5017 certe
825 4968 896 5017 nulla
914 4977 953 5017 est
975 4970 1152 5018 controversia
1175 4969 1237 5031 quin
1255 4965 1369 5018 Stoicam
1388 4985 1492 5020 manum
1513 4983 1589 5036 passa
1607 4971 1640 5019 sit
1657 4970 1678 5019 si
