3708 5732
730 363 1006 416 raonxaouxux
1483 359 1542 425 167

185 541 307 600 matum
328 531 544 616 recensiones,
567 549 651 615 quae
666 529 862 597 confusaene
877 549 920 595 an
942 549 983 596 ex
1004 530 1160 596 alterutro
1183 527 1377 612 compilatae
1391 529 1456 595 sint
1476 549 1543 595 non

168 635 309 720 ‚liquido
324 639 461 700 constat.
484 633 572 716 quod
586 653 689 717 genus
703 631 949 699 Democritea
964 639 1038 698 sunt
1052 632 1101 697 IX
1111 633 1163 698 44.
1186 629 1345 716 principia
1360 651 1401 696 ex
1418 631 1542 696 ordine:

184 740 393 820 elementa,
416 734 545 800 mundi
567 736 751 819 origines,
774 734 869 800 solis
889 735 1003 801 lunae
1025 733 1188 818 labrica,
1210 739 1277 798 turn
1300 735 1348 796 καὶ
1369 733 1421 817 τὴν
1444 736 1542 819 ψυχὴν

184 840 305 922 ὁμοίως,
335 839 371 922 ἣν
386 840 442 903 ,καὶ
464 843 530 902 νοῦν
552 839 656 902 ταῦτδν
679 837 761 915 εἶναι,
782 835 922 918 denique
944 836 1057 903 visus.
1102 836 1184 902 baec
1205 857 1224 902 e
1246 833 1471 919 Theophrasto
1493 856 1543 903 ar-

183 942 391 1010 assuesce
406 946 551 1025 possunt.
584 939 649 1006 iarn
664 959 743 1005 vero
759 945 852 1005 extra
868 936 1012 1003 ordinem
1034 937 1262 1004 necessitatem
1276 945 1444 1023 memorat,
1465 940 1542 1024 quin

183 1045 283 1112 etiam
305 1041 457 1127 moralia,
480 1047 516 1107 ut
536 1041 690 1107 aliorsum
717 1061 778 1106 uos
798 1038 955 1106 deductos
977 1059 1050 1105 esse
1071 1040 1258 1106 sentiamus.
1302 1049 1447 1106 extrema
1468 1047 1542 1106 sunt

182 1147 278 1214 baec:
300 1146 455 1230 ποιότητας
467 1146 501 1209 δὲ
516 1146 599 1230 νόμῳ
614 1141 697 1223 εἶναι,
712 1144 797 1230 φύσει
812 1144 846 1206 δὲ
859 1141 955 1224 ἄτομα
970 1143 1066 1206 καὶτὸ
1082 1143 1173 1220 κενόν,
1189 1161 1272 1226 quae
1285 1143 1351 1208 iam
1366 1143 1540 1209 Nieischeo

182 1255 220 1314 ut
247 1247 409 1333 prioribus
437 1265 581 1312 consona
610 1245 744 1311 alterius
775 1244 878 1328 partis
907 1245 982 1310 κατὰ
1010 1244 1096 1328 μέρος
1121 1242 1336 1328 fragmentum
1365 1245 1437 1310 visa
1467 1252 1541 1311 sunt

182 1349 293 1438 [Beitr.
316 1370 347 1434 p.
365 1345 427 1434 19].
450 1366 644 1432 quamquam
659 1354 718 1432 est,
742 1347 829 1432 quod
844 1347 920 1413 huic
941 1346 1060 1412 rationi
1077 1345 1192 1412 obstet.
1225 1347 1283 1413 sed
1298 1346 1437 1431 priorem
1453 1355 1540 1414 certe

181 1451 304 1519 fonwm
331 1451 374 1516 ad
400 1469 531 1516 manum
556 1451 656 1517 tuisse
681 1451 749 1516 uoli
775 1447 934 1514 dubitare.
979 1457 1093 1514 contra
1120 1450 1191 1514 sola
1216 1449 1464 1533 Theophrastea
1485 1451 1540 1516 ad-

182 1553 349 1638 gnorerim
371 1553 405 1619 in
426 1551 611 1635 Diogenis
633 1551 911 1638 Apolloniatae
932 1551 1071 1619 decretis
1091 1552 1140 1616 lX
1154 1552 1194 1616 57
1218 1551 1313 1614 ἐδόκει
1335 1552 1367 1614 δὲ
1389 1553 1469 1638 αὐτῷ
1492 1557 1549 1628 τοὶ-Ι

181 1660 214 1722 δε
225 1695 266 1706 -
279 1659 335 1721 ὑπὸ
352 1661 403 1720 τοῦ
418 1660 542 1742 ψυχροῦ.
569 1675 644 1720 nam
661 1655 740 1720 ordo
756 1659 807 1720 est
821 1673 929 1738 sanus,
945 1653 1099 1736 dogmata
1113 1652 1366 1736 Theophrasteis
1381 1654 1539 1720 concinna

181 1759 235 1842 [ci
251 1759 395 1844 censp.8
410 1779 441 1842 p.
456 1759 540 1841 1441.
568 1759 705 1824 eandem
720 1756 856 1822 sormam
871 1755 1029 1840 praebent
1047 1754 1216 1820 Zenonis
1234 1755 1371 1820 Eleatae
1386 1755 1539 1840 dogmata

181 1861 229 1926 lX
244 1860 297 1945 29,
319 1879 404 1944 quae
430 1865 539 1926 tamen
569 1879 640 1925 cum
667 1858 803 1944 physica
828 1859 893 1924 siut
918 1866 951 1924 et
977 1855 1183 1942 Empedoclis
1210 1875 1307 1938 qnam
1336 1858 1539 1925 Parmenidis

180 1961 337 2029 similiora
358 1962 570 2044 gravissimae
592 1960 785 2027 dubitationi
807 1959 949 2026 obnoxia
970 1966 1045 2025 sunt
1066 1958 1106 2025 cf.
1121 1957 1234 2023 Aetius
1249 1957 1265 2021 I
1282 1960 1298 2022 7
1316 1967 1359 2022 28.
1387 1961 1538 2044 antiquus

180 2083 271 2130 error
292 2063 396 2131 lutere
418 2063 556 2149 videtur,
579 2064 637 2130 sed
659 2063 803 2129 nondum
825 2063 904 2128 satis
926 2061 1115 2146 explicatus.
1133 2061 1140 2092 ¹
1173 2066 1352 2126 ceterorum
1374 2069 1538 2148 excerpto

180 2185 250 2231 rum
272 2165 368 2250 copia
388 2187 448 2232 nos
469 2166 577 2233 deficit
598 2166 632 2231 in
654 2164 924 2250 Empedocleis
937 2163 1015 2229 VIlI
1031 2165 1072 2230 76
1093 2164 1188 2228 ἐδόκει
1210 2163 1239 2226 δ’
1257 2163 1338 2249 αὐτῷ
1354 2167 1479 2228 τάδε-
1496 2168 1535 2232 77

181 2269 278 2355 igtur,
300 2287 384 2352 quae
399 2267 677 2353 Theophrasteam
700 2267 829 2350 quidem
851 2267 992 2351 speciem
1012 2266 1162 2350 produnt.
1196 2264 1253 2331 sed
1268 2285 1311 2332 ne
1325 2267 1537 2335 confidentius

179 2369 357 2438 iudicemus
380 2368 488 2436 obstat
508 2369 645 2452 insignis
667 2369 941 2455 interpretationis
963 2389 1061 2452 error,
1084 2386 1178 2450 quem
1197 2386 1296 2452 supra
1310 2369 1535 2453 allegoriarum
1643 2438 1649 2448 ,

179 2471 390 2558 scriptoribus
417 2471 582 2557 proprium
612 2471 679 2536 dixi
714 2495 746 2558 p.
766 2473 818 2537 90.
866 2491 944 2554 ergo
979 2468 1166 2536 inferiorum
1201 2470 1312 2554 utique
1342 2472 1535 2540 adulterium

179 2591 298 2660 passae
321 2580 405 2658 sunt,
428 2574 573 2641 simodo
595 2573 735 2660 luerunt,
758 2572 974 2659 Theophrasti
995 2570 1165 2654 eclogae.’

264 2679 370 2760 Pergo
399 2675 556 2742 brevioris
584 2675 683 2742 fontis
715 2675 853 2758 vestigia
880 2675 1041 2758 colligere.
1086 2675 1268 2740 summatim
1293 2677 1466 2760 exponitur
1494 2680 1536 2745 de

176 2777 455 2844 Anaximandri
473 2777 602 2861 placitis
616 2776 649 2842 Π
665 2779 682 2841 1
700 2777 782 2847 οὖτος
797 2775 922 2862 ἔφασκεν
936 2813 975 2824 -
987 2776 1195 2860 καθαρώτατον
1210 2781 1278 2861 πῦρ.
1303 2775 1533 2862 imperitiorem

176 2898 307 2946 manum
330 2879 412 2946 haec
434 2897 533 2963 passa
554 2884 638 2943 sunt.
684 2897 824 2962 namque
846 2886 1015 2962 excerptor
1037 2897 1108 2942 cum
1131 2879 1327 2962 singularem
1349 2880 1532 2964 philosophi

176 2981 355 3049 doctrinam
377 3001 443 3047 non
465 2983 606 3064 caperet,
628 2979 833 3064 impudenter
855 2981 967 3046 Stoica
988 2979 1131 3045 subdidit
1153 2986 1207 3065 γῆν
1229 2983 1347 3068 κέντρου
1369 2983 1446 3053 τάξιν
1469 2986 1533 3048 ἐπέ-

176 3107 287 3172 χουσαν
309 3083 398 3150 οὖσαν
421 3085 601 3168 σφαιροειδῆ.
634 3101 695 3148 neo
717 3083 822 3148 minue
843 3081 961 3147 falsum
984 3087 1107 3168 σελήνην
1130 3086 1280 3169 ψευδοφαῆ
1304 3086 1352 3148 καὶ
1375 3087 1434 3150 ἀπὸ
1450 3089 1535 3172 ἡλίου

175 3187 364 3274 φωτίζεσθαι,
392 3183 479 3268 quod
507 3183 691 3250 nominibus
718 3183 858 3250 confusis
889 3184 931 3249 ab
959 3184 1156 3266 Anaxagora
1185 3185 1228 3250 ad
1256 3187 1532 3255 Anaximandrum

175 3289 367 3354 translatum
389 3303 462 3352 esse
484 3285 630 3369 suspicor
652 3283 703 3372 [ci.
727 3287 954 3353 Plao.11302
976 3287 1124 3370 112851.
1163 3286 1291 3354 Stoicus
1312 3287 1427 3354 iterum
1450 3309 1534 3355 com-

174 3396 270 3474 paret
296 3409 367 3454 cum
394 3387 455 3454 soli
483 3388 692 3473 καθαρώτατον
721 3395 778 3474 πῦρ
806 3387 969 3454 adscribit.
1007 3407 1067 3455 nec
1094 3395 1203 3455 tamen
1225 3389 1371 3454 Vitarum
1398 3390 1534 3474 scriptor

174 3491 230 3576 qui
252 3491 334 3558 haec
356 3489 507 3557 conflavit
522 3489 739 3574 Theophrasti
761 3489 822 3556 luit
836 3491 979 3574 ignarus,
1002 3490 1087 3574 quod
1109 3496 1143 3556 et
1159 3491 1193 3554 iu
1208 3498 1383 3574 conspectu
1397 3492 1533 3576 probavi

174 3615 206 3678 p.
224 3595 287 3660 133
313 3599 347 3661 et
373 3594 562 3658 lemmatum
586 3591 774 3658 confusione
800 3594 854 3658 vel
883 3591 1022 3658 maxime
1045 3591 1266 3658 confirmatum
1288 3593 1437 3660 arbitror.
1481 3615 1534 3662 ne-

172 3715 236 3780 que
270 3695 355 3761 enim
386 3693 491 3759 facilis
524 3700 573 3758 est
607 3713 696 3760 error
729 3693 792 3759 nisi
827 3693 861 3758 in
889 3691 1101 3779 doxograpbo
1137 3691 1276 3778 quodam
1309 3695 1401 3762 libro.
1446 3697 1533 3764 idem

175 3797 314 3882 scriptor
333 3797 597 3862 Anaximenes
619 3795 687 3860 113
711 3796 794 3866 οὗτος
817 3797 912 3882 ἀρχὴν
935 3795 1008 3881 ἀέρα
1030 3795 1093 3860 εἶπε
1115 3799 1163 3862 καὶ
1186 3800 1219 3861 τδ
1242 3797 1369 3884 ἄπειρον,
1392 3800 1533 3864 κινεῖσθαι

175 3901 209 3963 δὲ
231 3899 267 3964 τὰ
288 3897 380 3983 ἄστρα
403 3899 460 3984 οῦχ
482 3899 538 3962 ὑπὸ
561 3903 615 3982 γῆν
638 3897 712 3961 ἀλλὰ
739 3899 803 3982 περὶ
829 3903 883 3980 γῆν
911 3917 951 3964 ex
978 3897 1192 3983 Opiniouibus
1217 3899 1412 3984 compilarit.
1457 3921 1534 3966 nam

174 4021 219 4068 ne
240 4000 432 4068 brevissima
460 3999 589 4083 quidem
613 3998 694 4065 baec
714 3997 793 4065 vitio
816 4007 936 4066 carent.
973 4000 1125 4085 scriptum
1148 4000 1290 4086 oportuit
1311 4003 1385 4087 ἀέρα
1406 4003 1534 4087 ἄπειρον,

174 4103 234 4169 sed
252 4103 295 4170 ad
310 4100 558 4188 Theophrastea
579 4100 788 4169 redeuntibus
804 4103 855 4186 [ir.
871 4099 902 4190 2]
917 4105 1159 4188 παρακούσματος
1174 4103 1247 4169 fons
1262 4109 1360 4187 patet.
1394 4111 1535 4188 cognata

174 4223 248 4272 euru
269 4203 321 4272 bis
343 4205 504 4289 excerptis
526 4211 601 4270 sunt
622 4205 664 4270 de
686 4203 853 4272 Thalete
875 4204 957 4271 haec
971 4208 988 4271 Ι
1002 4207 1042 4272 xl
1067 4208 1162 4293 ἀρχὴν
1184 4209 1217 4271 δὲ
1238 4211 1296 4270 τῶν
1318 4211 1433 4271 τάντυν
1456 4208 1535 4292 ῦδυρ

174 4309 358 4393 ὑπεστήσατο
380 4309 429 4372 καὶ
451 4309 500 4372 τδν
522 4307 632 4390 κόσμον
654 4306 786 4394 ἔμψυχον
804 4309 852 4372 καὶ
869 4309 1013 4391 δαιμόνων
1030 4311 1139 4394 πλήρη.
1171 4328 1247 4374 nam
1269 4309 1383 4374 ultima
1405 4309 1447 4375 de
1469 4309 1536 4394 qui·

245 4495 251 4526 ¹
272 4515 330 4548 cum
347 4499 454 4550 Zenone
474 4498 564 4551 Stoico
586 4502 720 4550 confusum
739 4515 794 4550 esee
813 4501 931 4550 Eleatem
951 4515 1004 4552 non
1023 4501 1139 4551 concedo
1153 4500 1259 4552 ,Zellere
1272 4496 1301 4550 1⁴
1315 4497 1374 4552 538.
1394 4516 1454 4552 narn
1473 4516 1495 4550 a.
1509 4517 1534 4565 g.

171 4586 204 4635 da
224 4587 311 4636 anima
329 4601 396 4650 quae
415 4588 478 4638 dleit
494 4588 628 4652 Diogenes
652 4587 800 4638 abhorrent.
837 4588 908 4637 Aetli
932 4589 1052 4652 placitum
1076 4589 1154 4636 etism
1177 4587 1334 4637 dissimilius.
1371 4603 1455 4652 neque
1478 4583 1534 4654 ἐξή·

171 4685 243 4740 murt
262 4665 470 4740 Ἐμπεδοκλόονς,
496 4689 573 4738 quam
591 4674 690 4724 Zenord
709 4674 802 4724 Suidas
823 4674 923 4734 tribuit,
946 4675 1021 4724 aliter
1044 4682 1129 4740 potest
1147 4677 1174 4724 in
1193 4690 1296 4724 censum
1314 4677 1416 4735 venire,
1439 4676 1489 4723 uisi
1507 4681 1536 4722 ut

172 4765 274 4810 setene
293 4762 472 4811 commenticio
491 4761 561 4812 libro
580 4761 659 4813 falsos
678 4761 801 4811 dicamus.

245 4841 256 4876 ²
275 4847 440 4899 conserantur
461 4855 548 4898 tamen
573 4863 661 4898 versus
686 4843 775 4899 iidata
798 4847 843 4914 μὲν
861 4845 975 4918 φιλότητι
995 4875 1026 4884 -
1045 4847 1138 4904 νιόκτος
1156 4843 1226 4918 Ιχδτι
1244 4847 1306 4913 §76
1325 4863 1382 4898 cum
1400 4847 1534 4913 Theophr.

174 4934 204 4984 ir.
223 4931 248 4986 3.
