3708 5732
239 339 242 344 ’
324 371 387 436 loo
646 371 687 420 ιιι
721 369 771 420 nn
790 367 987 420 nmrourrr
1006 362 1353 420 ramosoreunmnm

409 539 652 606 Memorabilem
679 537 768 604 nauti
794 555 904 604 sumus
932 533 1135 618 memoriam,
1165 531 1224 598 sed
1245 550 1330 616 quae
1351 549 1455 597 noras
1476 532 1684 615 quaestiones
1744 559 1756 576 ·

325 642 453 710 enoitet.
490 641 673 710 Heraelidis
695 639 808 708 Lembi
831 637 994 722 epitomen
1016 656 1083 703 non
1103 634 1357 716 intellegendam
1383 652 1456 700 esse
1477 633 1625 717 quamvis
1647 633 1686 700 ti-

325 746 412 812 tulus
434 743 597 830 disorepet
618 749 705 810 reete
720 747 811 808 vetat
827 738 1001 808 Usenerus.
1034 757 1111 804 nam
1131 734 1232 802 mirus
1253 742 1339 802 esset
1361 755 1466 822 assus,
1488 736 1517 802 si
1537 733 1684 804 eiusdem

326 846 465 915 nominis
486 846 616 930 ignotus
638 845 774 930 scriptor
795 843 830 908 in
852 841 990 908 eandem
1010 838 1180 908 materiam
1200 836 1381 922 ineidisset,
1408 857 1473 922 qua
1494 837 1687 906 Heraclides

325 948 467 1016 Lembus
482 949 619 1032 gloriam
634 947 696 1014 sibi
710 945 846 1032 peperit.
873 943 931 1010 sed
947 941 1185 1028 Pythagorious
1199 939 1259 1006 suit
1272 939 1335 1008 iste
1349 940 1549 1010 Heraolides.
1575 941 1687 1010 itane?

326 1071 387 1118 nos
408 1051 558 1118 Heekero
580 1050 718 1118 libenter
747 1046 987 1114 eredideramus
1008 1043 1260 1130 Peripatetieum
1286 1061 1360 1110 esse
1381 1041 1562 1111 eonioienti.
1606 1045 1687 1129 quid

327 1153 424 1237 igitur
446 1153 480 1220 in
494 1153 625 1238 Ioseppi
647 1148 803 1220 memoria
816 1147 918 1216 latet?
940 1153 1068 1214 eonstat
1081 1146 1302 1216 Alexandriae
1319 1145 1551 1214 intermortuae
1565 1147 1689 1234 Pytha·

328 1275 448 1340 goreao
469 1253 697 1340 philosophiae
719 1252 809 1318 velut
830 1249 989 1334 ignieulos
1012 1269 1084 1318 esse
1105 1255 1261 1318 servatos.
1303 1267 1410 1332 pausa
1431 1254 1465 1316 et
1486 1248 1624 1318 obseura
1644 1249 1689 1318 de

327 1357 378 1424 his
400 1363 478 1424 nota
500 1364 575 1424 sunt
597 1354 647 1443 [of.
670 1355 777 1424 Zeller
798 1354 847 1420 III
869 1354 900 1437 2,
923 1353 964 1418 83
986 1351 1100 1420 Rohde
1122 1352 1178 1418 Gr.
1200 1351 1293 1418 Rom.
1314 1347 1377 1438 67].
1418 1355 1517 1435 atque
1538 1353 1688 1420 oonsulte

327 1460 389 1546 ipsi
412 1481 471 1526 sua
493 1459 601 1526 studia
623 1458 749 1526 oelasse
771 1455 931 1522 ridentur.
964 1473 1040 1520 nam
1062 1453 1215 1522 librorum
1238 1452 1364 1520 labriea
1384 1473 1444 1538 per
1462 1453 1611 1520 haudem
1625 1455 1690 1540 Py-

329 1562 487 1644 thagorae
513 1561 713 1628 subditorum
741 1565 816 1624 tune
844 1557 957 1640 vigere
984 1556 1100 1642 eoepit
1145 1563 1233 1624 eerte
1257 1555 1369 1623 ultimo
1395 1575 1427 1623 a.
1450 1555 1526 1624 Ohr.
1556 1557 1689 1625 saeeulo

329 1681 413 1748 qnae
435 1661 541 1729 subito
563 1668 733 1745 emergunt
754 1658 1039 1746 pseudepigrapha
1061 1659 1341 1746 Pythagoreorum
1363 1659 1484 1744 seripta
1505 1659 1689 1726 Stoioorum

331 1773 365 1832 et
379 1763 669 1848 Peripatetioorum
690 1762 837 1831 doetrina
858 1761 997 1845 differta,
1019 1761 1137 1846 partim
1158 1761 1223 1828 ism
1245 1767 1345 1828 antea
1366 1761 1533 1846 aliquanto
1547 1761 1691 1830 Alexan-

332 1867 423 1932 driae
446 1865 633 1932 oireumlata
654 1885 727 1932 esse
748 1864 818 1930 veri
840 1869 890 1930 est
914 1863 1120 1930 imillimum.
1137 1861 1144 1896 ¹
1189 1863 1223 1930 in
1245 1884 1285 1930 eo
1306 1863 1531 1930 tenebrionum
1551 1885 1691 1932 numero

329 1968 535 2034 Heraolidem
558 1967 671 2034 habuit
685 1967 851 2036 Usenerua
865 1965 1030 2032 Laertium
1045 1967 1122 2034 VIII
1139 1968 1155 2032 i
1179 1964 1427 2032 malevolentius
1440 1964 1691 2052 interpretatus:

328 2072 400 2156 φησὶ
420 2070 445 2134 δ’
469 2069 657 2156 Ἡρακλείδης
680 2073 696 2136 b
718 2075 769 2134 τοῦ
785 2069 974 2154 Σαραπίωνος
988 2069 1018 2132 ἐν
1034 2074 1071 2152 τῇ
1087 2068 1239 2140 Σωτίωνος
1260 2070 1385 2153 ἐπιτομῇ
1407 2071 1578 2156 γεγραφέναι
1599 2070 1690 2136 αὐτὸν

329 2175 377 2238 ael
406 2175 470 2257 περὶ
497 2177 549 2237 τοῦ
571 2175 641 2238 θλου
661 2174 691 2238 ἐν
714 2172 810 2238 ἔπεσι·
840 2173 971 2256 δεύτερον
994 2173 1042 2236 τδν
1066 2172 1141 2255 ίερδν
1163 2173 1248 2254 λόγον
1269 2171 1304 2236 οὔ
1327 2173 1346 2256 ἡ
1369 2173 1450 2258 ἀρχή
1467 2172 1509 2238 ‘oi
1531 2173 1590 2238 νέοι
1612 2174 1691 2238 ἀλλὰ

329 2275 453 2360 σέβεσθε
480 2274 547 2357 μεθ’
575 2275 701 2360 ἡσυχίης
723 2278 792 2340 τάδε
822 2273 936 2352 πάντά,
958 2274 1051 2358 τρίτον
1073 2274 1138 2358 περὶ
1160 2278 1274 2359 ψυχῆς,
1299 2272 1433 2356 τέταρτον
1454 2276 1520 2360 περὶ
1540 2274 1692 2361 τδαιβείας

329 2377 460 2459 πέμπτον
477 2375 627 2461 Ἡλοθαλῆ
649 2379 698 2442 τδν
718 2376 906 2462 Ἐπιχάρμου
929 2381 980 2440 τοῦ
996 2374 1086 2440 Κάνου
1108 2376 1229 2460 πατέρα,
1252 2375 1335 2440 ἕκτον
1351 2373 1494 2461 Κρότωνα
1509 2378 1557 2442 καὶ
1572 2377 1689 2450 άλλους.

328 2481 377 2544 τδν
401 2479 433 2542 δὲ
456 2481 591 2561 μυστικὸν
614 2481 698 2563 λάχον
716 2479 854 2544 Ἱππάσου
875 2481 962 2565 φασίν
984 2477 1056 2542 εἶναι
1077 2477 1272 2562 γεγραμμένον
1294 2479 1342 2544 ἐπὶ
1364 2479 1487 2564 διαβολῇ
1503 2480 1691 2566 Πυθαγόρου,

329 2583 454 2652 πολλοὺς
476 2583 509 2646 δὲ
530 2584 579 2648 καὶ
602 2585 658 2647 ὑπὸ
675 2579 819 2652 Ἄστωνος
840 2587 892 2647 τοῦ
914 2580 1118 2667 Κροτωνιάτου
1139 2580 1298 2666 γραφέντας
1320 2582 1496 2668 ἀνατεθῆναι
1517 2583 1691 2668 Πυθαγόρα.

330 2682 521 2750 ‘vaferrime’
544 2684 591 2749 ait
612 2683 757 2768 ‘perfidia
778 2686 936 2752 nonnulla
956 2682 1164 2770 Pythagorae
1186 2689 1466 2752 monumentorum
1493 2705 1567 2753 eum
1588 2687 1692 2754 addu-

329 2785 450 2852 bitasse
472 2807 535 2870 quo
558 2785 684 2852 laoilius
706 2807 782 2854 suos
803 2786 889 2854 setus
916 2785 1074 2871 genuinos
1101 2785 1306 2870 praedioaret
1329 2786 1590 2874 Ptolomaeisqua
1611 2810 1690 2858 ven·

329 2886 464 2953 deret.'¹
498 2887 615 2955 indiois
635 2887 783 2957 fraudem
805 2889 941 2956 forsitan
962 2895 1050 2956 reete
1066 2887 1268 2974 perspexerit
1282 2887 1420 2973 Usener,
1440 2896 1607 2958 auetorem
1620 2913 1690 2960 non

329 2991 502 3075 perspexit.
548 2990 626 3075 quid
655 2991 740 3058 enim
766 2990 972 3058 Heraolidem
998 2991 1086 3076 apud
1112 3010 1223 3074 regem
1246 3011 1371 3058 summa
1391 2991 1499 3074 gratia
1519 2991 1690 3062 florentem

329 3101 362 3159 et
382 3093 521 3175 negotiis
541 3093 590 3160 ito
611 3101 812 3180 oeeupatum,
834 3101 870 3162 ut
891 3093 1167 3178 Agatharohidem
1188 3114 1210 3160 a
1231 3093 1347 3161 litteris
1370 3093 1520 3180 haberet,
1546 3097 1691 3164 movisse

329 3195 448 3280 eredis,
476 3201 512 3260 ut
533 3195 616 3262 tristi
639 3196 752 3262 mallet
773 3195 909 3262 fallendi
932 3197 1038 3264 studio
1060 3197 1242 3264 nummulos
1264 3197 1325 3264 sibi
1347 3195 1477 3264 faeere?
1509 3197 1587 3280 quid
1608 3217 1689 3266 rero

328 3297 415 3381 eogit
439 3303 475 3362 ut
500 3297 669 3364 falsarium
695 3315 793 3380 quam
818 3296 936 3364 salsum
958 3299 1067 3383 potius
1088 3299 1279 3366 credamus?
1310 3298 1407 3366 immo
1429 3299 1534 3366 forms
1554 3301 1689 3369 indiouli

328 3401 520 3485 scriptorum
542 3399 641 3466 initiis
663 3400 810 3466 instruoti
833 3401 949 3467 suadet
964 3409 999 3466 ut
1014 3402 1256 3472 Alexandrinae
1270 3403 1488 3470 bibliothecae
1503 3404 1689 3486 catalogum

328 3507 515 3585 enoerptum
537 3501 738 3569 arbitremur.
772 3501 834 3568 boo
856 3503 898 3568 ad
914 3503 1125 3589 Hermippum
1141 3505 1388 3572 Gallimaohium
1409 3504 1544 3588 digitum
1559 3505 1691 3573 videtur

327 3603 505 3689 intendere,
518 3604 572 3688 eni
584 3604 803 3689 praeeeptoris
814 3605 1036 3692 Pythagorica
1046 3607 1154 3674 studia
1166 3606 1216 3695 [oi.
1228 3608 1371 3676 Heokeri
1382 3628 1496 3674 eornm.
1509 3607 1551 3674 de
1562 3607 1688 3675 anthol.

327 3832 463 3896 scripserit.
491 3831 617 3894 reliquam
635 3831 833 3896 discrepantiam
852 3832 950 3881 omitto.
970 3832 1060 3882 ultima
1076 3833 1113 3881 sie
1126 3836 1237 3884 correxit
1249 3833 1380 3885 Usenerus
1399 3831 1425 3884 ίν
1442 3837 1480 3902 τῷ
1497 3835 1544 3902 τῆς
1562 3830 1616 3900 περὶ
1634 3837 1690 3884 τῶν

327 3918 353 3970 ὲν
372 3915 515 3986 φιλοσόφοις
533 3915 652 3986 αίρίοιων
670 3914 839 3986 πραγματείας
857 3913 935 3968 uitreis
954 3914 1049 3986 βιβλίῳ.
1087 3919 1176 3969 videro
1195 3919 1227 3970 de
1245 3921 1286 3970 bis
1304 3922 1371 3972 intra
1388 3939 1413 3987 p.
1429 3919 1487 3974 152.

400 4003 408 4035 ¹
428 4008 480 4056 slis
507 4021 569 4056 sane
598 4008 676 4056 etiam
698 4013 790 4072 postes
811 4005 845 4058 ad
867 4006 958 4056 Iubam
980 4020 1068 4070 regem
1090 4006 1231 4058 msseudum
1254 4009 1315 4060 deta
1339 4009 1459 4059 ridentur
1495 4010 1526 4060 ei.
1549 4008 1636 4060 David
1658 4011 1688 4060 ln

326 4095 406 4144 sehol.
424 4093 521 4144 Brund.
540 4108 565 4157 p.
578 4091 630 4144 28·
645 4091 686 4144 13.

396 4177 407 4212 ²
425 4181 498 4231 addit
514 4182 532 4230 l.
552 4197 573 4232 e.
592 4197 617 4246 p.
631 4177 683 4231 433
701 4177 742 4230 tet
760 4178 858 4242 ἄοπλα,
886 4179 936 4231 teir
960 4179 1045 4231 batert
1063 4179 1122 4232 bier
1140 4180 1218 4232 αιίιοιι
1237 4179 1285 4232 der
1303 4180 1529 4234 duobetmsenner
1547 4181 1614 4234 beist
1628 4180 1688 4234 Ns-

325 4282 393 4330 οιαιι,
412 4265 457 4317 die
474 4283 521 4318 σοι·
534 4265 688 4318 Alexander
703 4265 856 4333 Polyir'stor
875 4266 957 4319 derret
976 4267 1020 4318 die
1037 4266 1208 4336 sermeltruay
1225 4267 1275 4320 der
1291 4267 1531 4337 Pythagoreirelten
1554 4268 1689 4322 litteratae·

325 4354 383 4406 siole
400 4354 515 4421 meaiper
534 4354 655 4406 serdieat
673 4353 715 4404 οίι
733 4353 865 4405 serdieust
884 4370 917 4404 οιι
934 4354 1042 4406 machere
1060 4353 1172 4406 batredt
1189 4371 1287 4408 marea.
1319 4365 1431 4409 osterum
1448 4359 1613 4409 Heraclidem
1632 4360 1687 4410 lur-

325 4451 392 4494 tasse
411 4449 512 4492 secutus
531 4451 571 4494 est
588 4443 739 4494 Alexander
757 4443 784 4492 in
803 4443 866 4492 Vita
884 4443 1010 4504 Platonis,
1028 4444 1050 4493 si
1069 4443 1147 4494 modo
1165 4453 1234 4495 reete
1251 4445 1349 4496 bsertii
1367 4443 1442 4498 1115
1460 4447 1584 4498 eruendo:
1603 4443 1688 4514 ίριλο-

325 4529 394 4600 σόριι
412 4528 439 4582 dl
456 4527 503 4598 τὴν
521 4527 602 4600 ἀρχὴν
620 4529 646 4582 tv
664 4525 802 4598 Ἀκαδημίᾳ
819 4526 872 4580 sira
890 4527 916 4580 ίν
933 4533 971 4596 τῷ
989 4527 1066 4598 κήπῳ
1084 4533 1121 4598 τῷ
1144 4529 1212 4599 παρὰ
1229 4529 1271 4582 eds
1290 4526 1411 4585 Κολωνόν
1429 4530 1465 4592 ὥς
1484 4547 1559 4602 φησιν
1575 4529 1688 4594 Ἀλέξαν-

321 4613 379 4685 δρος
403 4614 428 4668 ίν
453 4613 583 4687 Διαδοχαῖς
606 4617 673 4668 κατὰ
691 4611 854 4686 Ἡρακλείδην
872 4616 963 4682 [vulgo
978 4611 1157 4685 Ἡράιιλτιτον]Ι
1194 4635 1349 4684 quamquam
1365 4623 1530 4674 Heraclidem
1548 4625 1688 4676 Ponticum

325 4707 452 4770 quispiam
470 4707 620 4770 intellegere
640 4708 729 4772 possit.
754 4707 843 4756 eadem
862 4705 988 4756 dubitatio
1007 4707 1039 4756 de
1058 4709 1233 4759 Heraclide
1252 4724 1327 4773 quem
1346 4710 1377 4760 de
1395 4711 1512 4762 iubarum
1530 4711 1688 4763 abstinentis

323 4793 549 4858 Pythagoreorum
572 4794 714 4844 tabulatum
738 4793 799 4843 dicit
817 4794 882 4858 Lyd.
902 4793 926 4843 d.
945 4809 1025 4844 mens.
1044 4797 1084 4846 IV
1101 4794 1182 4863 pet,
1198 4795 1239 4848 19.
1275 4811 1352 4861 quam
1374 4813 1428 4848 rem
1450 4815 1508 4849 eum
1533 4801 1688 4852 Alexander

323 4884 406 4946 tangit
423 4883 510 4933 Laert.
528 4882 608 4944 Diog.
626 4881 694 4932 VIII
713 4877 755 4942 34,
774 4881 941 4931 Aristotelem
961 4884 1030 4932 citat.
1058 4885 1174 4947 sequitur
1191 4885 1260 4951 apud
1278 4885 1378 4951 Lydum
1396 4885 1523 4952 Diogenis
1542 4887 1575 4939 de
1593 4888 1686 4939 eadem

324 4983 350 5018 re
370 4971 468 5032 opinio,
488 4969 520 5018 de
540 4981 592 5032 qua
609 4969 640 5018 ei·
660 4968 785 5019 adnotata
802 4970 835 5020 ad
853 4970 987 5036 Hippolyt.
1005 4969 1019 5020 1
1038 4967 1054 5020 θ
1073 4979 1104 5022 tt.
