3756 5736
644 429 743 478 κυπιι
762 427 864 479 PLAc.
879 430 891 478 1
911 427 1031 480 prooem.
1045 437 1102 475 ι-ι
1480 429 1542 493 273

253 531 461 583 Ρουτκιιοιιι
482 495 1325 586 Effiffiffsffimm

325 833 699 901 ΠΛΟΥΤ-ΑΡΧΟΥ

181 951 377 1007 mmmmm
401 951 482 1007 ΠΕΡΙ
506 951 576 1008 ΤΩΝ
599 952 834 1009 ΑΡΕΣΠΠΝΤΩΝ

214 1053 420 1110 ΦΙΑΠΣΠΦΠΙΣ
439 1055 591 1112 ΦΥΣΙΠΩΝ
612 1057 800 1114 ΔΟΓΜΑῚῺΝ

333 1141 513 1200 ΕΠΙΤΠΠΠΣ
531 1144 650 1202 ΒΙΒΛΙΑ
664 1143 686 1200 Ε

408 1290 609 1298 ————-

201 1400 213 1436 σ
351 1387 494 1444 ΒΙΒΛΙΠΝ
514 1388 655 1445 ΠΡΩΤΟΝ

269 1527 433 1600 Μέλλοντες
453 1532 502 1594 τὸν
517 1533 639 1616 φυσικὸν
653 1535 837 1618 παραδώσειν
859 1547 871 1598 1

223 1631 308 1717 λόγον
336 1635 491 1716 ἀναγκαῖον
518 1635 671 1718 ἡγούμεθα
698 1637 785 1708 εὐθὺς
808 1639 838 1702 ἐν

223 1735 329 1819 ἀρχαῖς
350 1736 496 1800 διελέσθαι
518 1738 571 1822 τὴν
592 1742 645 1822 τῆς
667 1741 839 1826 φιλοσοφίας

223 1839 429 1920 πραγματείαν,
452 1837 483 1904 ἵν’
511 1839 646 1924 εἰδῶμεν,
667 1842 695 1905 τί
713 1843 837 1908 ἐστικαὶ

189 1957 214 1995 ιο
226 1938 332 2004 πόστον
346 1940 433 2025 μέρος
444 1942 535 2027 αὐτῆς
546 1945 566 2028 η
578 1946 686 2030 φυσικὴ
703 1945 837 2017 διέξοδος.

268 2039 305 2106 Οἱ
328 2042 380 2124 μὲν
403 2041 454 2108 οὖν
475 2045 625 2112 Στωικοὶ
652 2048 764 2135 ἔφασαν
785 2052 871 2136 τὴνν

225 2144 277 2226 μὲν
300 2144 403 2230 σοφίαν
423 2145 495 2210 εἶναι
510 2148 600 2214 θείων
614 2173 646 2214 τε
660 2151 710 2216 καὶ
725 2153 837 2238 ἀνδρω

224 2244 314 2309 πίνων
336 2247 514 2333 ἐπιστήμην,
535 2251 588 2336 τὴν
611 2253 643 2316 δὲ
665 2255 837 2340 φιλοσοφίαν

224 2347 346 2432 ἄσκησιν
361 2349 525 2434 ἐπιτηδείου
539 2352 658 2440 τέχνης·
674 2355 837 2442 ἐπιτήδειον

188 2469 213 2507 ιο
225 2451 258 2514 δὲ
273 2450 344 2515 εἶναι
361 2453 427 2536 μίαν
443 2453 492 2516 καὶ
505 2453 646 2520 ἀνωτάτω
656 2457 709 2542 τῆν
720 2459 837 2544 ἀρετήν,

225 2553 329 2637 ἀρετὰς
351 2555 453 2626 δὲτὰς
473 2559 664 2638 γενικωτάτας
678 2563 764 2645 τρεῖς,
785 2585 836 2647 φιν

225 2655 308 2738 σικὴν
331 2656 438 2741 ἠθικὴν
461 2660 591 2746 λογικήν·
621 2659 656 2725 δι’
684 2663 720 2746 ἣν
743 2662 835 2728 αἰτίαν

223 2756 271 2820 καὶ
297 2760 433 2844 τριμερής
456 2759 537 2851 ’ἑστιν
559 2763 579 2846 η
602 2765 775 2850 φιλοσοφία,
799 2766 837 2851 ἧς

224 2859 258 2921 τδ
288 2859 340 2942 μὲν
368 2861 488 2945 φυσικὸν
510 2863 544 2926 τὸ
567 2864 600 2927 δὲ
622 2865 727 2950 ἠθικὸν
747 2869 781 2931 τό
804 2869 837 2932 δὲ

188 2961 352 3044 ωλογικόν·
379 2963 428 3027 καὶ
453 2966 574 3050 φυσικδν
598 2969 650 3051 μὲν
677 2968 745 3033 όταν
771 2971 836 3055 περὶ

224 3062 336 3146 κόσμου
359 3067 492 3149 ζητῶμεν
519 3068 647 3134 καὶτῶν
670 3072 700 3136 ἐν
722 3072 836 3158 κόσμιμ,

222 3165 328 3250 ήδικδν
343 3167 424 3230 δὲτὸ
439 3171 698 3256 κατησχολημένον
710 3175 775 3260 περὶ
786 3176 836 3239 τδν

223 3267 404 3352 ἀνθρώπινον
427 3271 499 3356 βίον,
524 3275 638 3357 λογικὸν
661 3276 694 3338 δὲ
715 3277 749 3339 τδ
770 3277 835 3360 περὶ

223 3370 272 3434 τδν
286 3369 382 3453 λόγον,
402 3371 418 3435 ὃ
433 3372 482 3436 καλ
497 3375 674 3440 διαλεκτικὸν
690 3380 834 3442 καλοῦσιν.

189 3488 214 3527 ω
257 3469 602 3558 Ἀριστοτέληςδὲκαλ
615 3477 835 3566 Θεόφραστος
853 3488 869 3540 3

218 3623 228 3674 l
251 3619 412 3697 Πλοίνταρχος
435 3629 461 3682 όν
486 3629 522 3690 οίς
546 3633 671 3705 ἀπέγραψε
696 3632 757 3706 Περὶ
783 3643 836 3690 τῶν

179 3707 335 3778 ἀρεσκόντων
362 3721 413 3774 τοῖς
436 3716 500 3781 [τοῖς
522 3736 573 3772 om.
593 3724 671 3788 cre]
695 3723 836 3798 φιλοσόφοις

179 3803 293 3864 φυσικῶν
302 3797 466 3868 δογμάτωνΕ
478 3806 544 3859 xlv
556 3806 595 3872 13,
607 3809 623 3862 9
636 3809 753 3876 [Proleg.
763 3815 835 3879 p.6]:

180 3879 344 3956 Πλουτάρχου
362 3887 408 3957 τὴν
426 3891 482 3960 περὶ
499 3897 552 3945 τῶν
569 3900 621 3954 τοῖς
636 3895 779 3968 φιλοσόφοις
796 3899 836 3952 δο-

179 3968 275 4030 ξάντων
284 3972 405 4044 ἐπιτομήν
414 3979 573 4034 Theodoret.
583 3985 628 4036 Gr.
638 3987 681 4036 aff.
692 4003 745 4038 eur.
752 3990 792 4038 IV
801 3988 833 4041 31

178 4057 261 4121 [Prol.
281 4079 306 4126 p.
322 4060 378 4127 10]:
404 4059 566 4138 Πλοίιταρχος
582 4107 588 4120 .
603 4107 609 4121 ·
624 4071 668 4123 ,ἀν
686 4079 723 4142 τῷ
741 4072 835 4144 πρόιτιμ

180 4143 267 4215 βιβλίῳ
291 4153 405 4216 φυσικῶν
428 4149 560 4221 δογμάτων
583 4163 728 4229 συναγωγῆς
746 4163 834 4228 cyrill.

178 4249 200 4282 ο.
222 4234 272 4284 Iul.
284 4235 313 4285 11
325 4232 383 4288 511>
400 4239 469 4292 Aub.
486 4245 517 4294 es.
534 4245 622 4309 μέθυ
640 4245 723 4308 [Ρτοί.
740 4265 765 4315 p.
779 4248 834 4314 101:

178 4319 233 4388 περὶ
250 4325 303 4372 τῶν
321 4321 478 4390 ἀρεσκόντων
496 4327 638 4401 φιλοσόφοις
657 4337 764 4404 φυσικῆς
782 4335 833 4388 ίπι-

177 4409 258 4476 τομῆς
280 4407 394 4477 βιβλίαῑ
414 4417 494 4468 index
517 4417 679 4486 [Lampriae]
698 4439 724 4473 n.
738 4423 770 4476 61
794 4427 835 4475 ed.

177 4495 246 4544 Treu
274 4495 358 4558 [Ptol.
378 4516 403 4564 p.
416 4500 476 4567 35]2
508 4500 672 4576 Πλουτάρχου
699 4505 835 4578 φιλοσόφου

176 4580 232 4649 περὶ
249 4586 302 4632 τῶν
320 4582 477 4653 ἀρεσκόντων
495 4590 638 4663 φιλοσόφοις
652 4599 767 4664 φυσικῶν
779 4593 834 4665 δογ-

178 4668 266 4734 μάτων
290 4667 403 4738 βιβλίαῖ
421 4679 487 4730 ΔΒι
515 4675 678 4750 Πλουτάρχου
704 4679 760 4750 περὶ
782 4688 834 4735 τῶν

179 4753 335 4824 ἀρεσκόντων
361 4765 413 4820 τοῖς
439 4763 582 4836 φιλοσόφοις
611 4763 727 4836 βιβλίαῖ
755 4772 833 4835 vulgo

176 4845 289 4908 itemque
306 4850 407 4898 omissis
426 4847 533 4919 βιβλίαῑ
550 4855 572 4906 Ο
591 4850 604 4922 Η
628 4855 660 4907 10
677 4853 768 4906 πόστον
787 4857 833 4921 (Α)

176 4929 209 4981 O:
231 4929 347 4984 τόσονΒ
372 4931 385 5004 ΙΙ
412 4937 445 4990 14
465 4936 603 5008 ἐπιτηδείου
626 4941 717 5010 τίχνης
738 4944 830 4996 ABG:

176 5022 279 5070 inverso
303 5023 394 5073 ordine
417 5026 496 5090 vulgo

227 5131 320 5180 Diels.
341 5135 483 5186 Doxognpm
503 5141 584 5187 graeci.
