3710 5730
331 383 371 446 76
737 387 761 434 V
798 386 846 435 DE
866 385 943 436 ARIl
962 383 1097 434 DlDYbll
1116 383 1280 435 EPITOME

414 553 481 619 Sed
503 553 634 618 aliunde
657 551 750 616 nobis
772 551 940 634 insperata
961 551 1121 634 quaedam
1144 551 1199 616 lux
1221 551 1354 616 affulsit.
1387 571 1462 616 uam
1484 550 1571 616 idem
1594 561 1693 636 capnt

333 657 420 740 quod
437 662 470 722 et
484 655 643 722 Eusebius
659 661 691 722 et
707 654 868 720 Stobaeus
890 655 993 720 solum
1009 673 1050 718 ex
1065 652 1122 718 illa
1137 661 1230 738 porte
1253 659 1495 739 excerpserunt,
1518 653 1551 718 in
1566 653 1693 720 Alcinoi

330 763 455 842 ἐπιτομῇ
476 765 534 822 τῶν
551 758 706 828 Πλάτωνος
722 759 871 840 δογμάτων
893 777 920 821 e.
934 757 974 820 12
997 752 1101 841 [Pluto
1118 756 1168 820 ed.
1185 756 1294 822 Herm.
1313 757 1358 822 VI
1373 777 1404 841 p.
1418 753 1492 842 166]
1510 763 1667 822 servatur.
1683 758 1690 789 ¹

331 863 384 944 qui
401 881 465 945 qua
481 861 608 928 ratione
623 861 655 926 in
669 859 872 943 excerpendo
885 864 1034 923 versatus
1049 857 1090 922 sit
1110 857 1181 924 cfr.
1197 861 1213 923 1
1231 859 1347 943 elucet,
1363 859 1418 924 ubi
1433 867 1587 943 excerpta
1601 859 1694 925 iuxta

330 963 432 1047 posui.
478 969 615 1047 apparet
638 961 740 1028 tribus
761 961 917 1044 exemplis
940 959 1104 1026 minimum
1128 981 1225 1026 unum
1247 962 1399 1028 mendum
1415 981 1584 1028 commune
1608 981 1692 1045 esse,

330 1063 504 1130 Eusebium
520 1066 771 1147 accuratissime,
788 1063 963 1130 Stobaeum
980 1065 1077 1148 paulo
1090 1063 1326 1148 neglegentius,
1342 1065 1505 1130 liberrime
1520 1063 1692 1130 Alcinoum

330 1168 497 1250 exemplar
524 1167 734 1251 expressisse.
778 1167 836 1234 sed
868 1188 924 1231 cur·
956 1166 1007 1232 hic
1042 1165 1223 1232 substitisse
1255 1165 1425 1232 credamus
1453 1165 1693 1232 breviatorem?

330 1269 440 1352 quidni
464 1271 574 1354 plura,
602 1269 741 1336 fortasse
763 1269 872 1336 omnia
894 1269 1089 1352 transcripta
1111 1269 1283 1352 putamus?
1317 1289 1423 1352 neque
1449 1269 1582 1352 desunt,
1608 1288 1693 1351 quae

331 1371 404 1436 huic
426 1372 633 1438 coniecturae
655 1373 798 1438 faveant.
844 1393 910 1436 nou
937 1372 1008 1438 dieo
1031 1372 1119 1436 illam
1143 1376 1303 1436 sectarum
1327 1371 1548 1438 confusionem
1571 1369 1694 1436 Stoico

332 1495 399 1538 rum
424 1475 665 1540 Platonicorum
682 1475 981 1559 Peripateticorum,
1004 1493 1101 1558 quam
1123 1494 1189 1540 non
1211 1473 1318 1540 minus
1340 1474 1374 1540 in
1389 1472 1516 1539 Alcinoi
1538 1491 1634 1554 quarn
1658 1473 1693 1537 in

329 1576 397 1641 Arii
427 1577 576 1660 Epitome
604 1577 751 1644 obtinere
777 1577 868 1642 vides
896 1574 947 1662 [of.
970 1576 1077 1642 Zeller
1098 1576 1147 1640 111
1171 1579 1186 1641 1
1212 1598 1242 1660 p.
1260 1577 1332 1642 120.
1379 1576 1492 1640 Prantl
1519 1574 1629 1657 gesob.
1661 1575 1692 1638 d.

330 1682 393 1762 log.
410 1677 525 1764 16101.
560 1679 617 1744 sed
640 1687 779 1763 apparet
801 1685 916 1762 aperta
932 1679 1031 1744 Stoici
1055 1677 1215 1744 consessio
1239 1699 1265 1743 c.
1284 1680 1305 1742 4
1329 1699 1359 1762 ρ.
1378 1679 1449 1760 155,
1465 1678 1507 1742 23
1520 1676 1559 1740 Η.
1584 1679 1603 1759 ἡ
1627 1678 1694 1740 τότε

330 1783 471 1865 λεγομένη
499 1783 596 1864 νόησις
625 1787 681 1846 νῦν
708 1781 843 1866 ἐλέχθη
871 1784 978 1866 φυσικὴ
1006 1781 1139 1858 ἔννοια,
1168 1780 1262 1846 simili
1290 1780 1448 1846 vocabule
1478 1778 1577 1843 utitur
1597 1777 1695 1842 Arius

329 1885 366 1950 fr.
384 1887 403 1950 2
427 1883 485 1948 κατ’
513 1884 641 1947 ἐπίνοιαν
657 1883 884 1950 Aristotelearn
901 1883 1092 1950 senteutiam
1109 1883 1275 1967 explicans
1298 1880 1337 1946 cf.
1354 1879 1392 1945 fr.
1408 1883 1461 1946 40.
1486 1881 1615 1946 omnino
1630 1881 1694 1946 ista

330 1987 530 2054 consuetudo
554 1993 589 2050 ut
612 1986 792 2053 Stoicorum
814 1987 968 2052 tonnulae
991 1991 1136 2068 apponat
1156 1983 1223 2048 Arii
1248 1991 1307 2050 est.
1331 1983 1377 2049 sio
1398 1983 1436 2048 fr.
1455 1985 1492 2048 17
1517 1983 1550 2048 in
1573 1982 1694 2048 Aristo-

330 2089 404 2154 telis
432 2088 596 2172 opinione:
630 2095 681 2152 τοῦ
715 2091 748 2152 δὲ
780 2095 925 2172 κινητικοῦ
957 2089 1031 2152 κατὰ
1063 2087 1151 2150 τόπον
1183 2087 1199 2150 ὃ
1231 2087 1267 2169 δὴ
1298 2086 1490 2170 προσείπομεν
1525 2087 1692 2170 ὁρμητικὸν.

330 2211 370 2256 ex
387 2189 561 2275 Chrysippi
587 2191 766 2258 imitatione
789 2197 956 2274 poetarum
979 2209 1093 2256 versus
1115 2187 1278 2254 adduntur
1300 2209 1327 2253 c.
1343 2190 1385 2254 24
1408 2195 1440 2255 et
1456 2190 1498 2254 26
1520 2189 1558 2254 cs.
1576 2189 1692 2254 Galen.

329 2293 371 2357 de
384 2293 465 2375 plac.
479 2291 576 2376 Hipp.
589 2299 622 2359 et
634 2295 717 2358 Plat.
731 2315 761 2377 p.
769 2295 840 2360 307.
857 2292 968 2358 408Κ.
991 2292 1136 2356 similiter
1148 2289 1244 2354 Arius
1256 2291 1315 2356 eol.
1324 2291 1356 2356 lI
1370 2312 1402 2375 p.
1412 2293 1483 2357 170.
1498 2291 1569 2356 220.
1583 2291 1692 2357 netu.

329 2394 448 2458 deinde
463 2394 702 2477 Peripateticae
717 2395 883 2479 partitioni
906 2393 1133 2478 philosophiae
1155 2393 1337 2478 θεωρητικῆς
1361 2400 1393 2460 et
1415 2399 1573 2478 προκοπῆς
1595 2393 1694 2458 tertia

329 2516 406 2580 pars
421 2499 586 2580 διαλεκτική
609 2497 739 2562 additur
762 2519 788 2564 c.
805 2496 853 2580 3¹,
877 2519 940 2581 quo
957 2497 1138 2562 Stoicorum
1161 2495 1323 2578 tripartita
1343 2497 1451 2580 φυσικὴ
1475 2496 1567 2580 ἠθικὴ
1590 2498 1692 2579 λογική

329 2605 538 2681 exaequetur.
583 2600 721 2666 eandem
751 2601 942 2666 divisionem
972 2599 1128 2682 sequitur,
1142 2598 1247 2662 Arius.
1296 2596 1355 2662 sed
1382 2595 1443 2661 hoc
1470 2597 1605 2679 vulgare
1631 2605 1692 2662 est

329 2701 570 2766 memorabilius
594 2703 680 2784 quod
704 2703 835 2768 moralis
858 2706 947 2768 loeus
962 2701 994 2766 in
1011 2703 1114 2785 ἠθικὸν
1131 2702 1312 2782 οἰκονομικὸν
1335 2700 1481 2764 πολιτικὸν
1497 2698 1540 2763 ab
1555 2697 1692 2763 Alcinoo

328 2802 481 2866 dividitur
505 2823 530 2866 o.
548 2804 576 2868 3.
624 2803 775 2870 videlicet
802 2805 872 2888 ipse
899 2811 1013 2889 postea
1040 2803 1158 2868 oblitus
1188 2822 1272 2886 quae
1294 2799 1488 2884 promiserat
1509 2802 1690 2882 οἰκονομικὸν

328 2905 443 2970 emisit.
490 2905 548 2970 sed
584 2905 733 2971 adhibuit
767 2927 838 2972 eam
872 2907 1077 2991 partitionem
1108 2905 1204 2970 Arios
1236 2905 1269 2969 in
1297 2901 1481 2967 Aristotelis
1507 2901 1622 2967 ethicis
1650 2901 1689 2966 cf.

328 3027 358 3089 p.
375 3007 447 3071 322.
482 3013 580 3088 atque
608 3007 722 3073 similis
753 3011 892 3093 capitum
918 3009 997 3075 ordo
1020 3009 1052 3074 in
1075 3006 1237 3072 Alcinoo
1260 3027 1286 3071 o.
1304 3004 1343 3070 27
1369 3005 1480 3086 ἀγαθόν
1503 3024 1529 3068 c.
1546 3004 1588 3069 28
1610 3005 1690 3074 τέλος

329 3129 355 3172 ο.
368 3109 409 3172 29
425 3110 512 3191 ἀρετή
530 3128 555 3172 c.
569 3110 611 3172 30
627 3111 670 3173 ὅτι
686 3112 843 3194 μεσότητες
858 3112 892 3176 ἂν
909 3112 965 3174 εἶεν
989 3133 1014 3176 c.
1029 3112 1068 3174 31
1094 3110 1137 3172 ὅτι
1153 3109 1288 3172 ἀκούσιον
1311 3109 1344 3170 τὸ
1367 3108 1477 3188 ἀγαθόν
1499 3127 1527 3171 o.
1543 3107 1584 3172 32
1608 3109 1689 3190 πάθη

329 3231 354 3273 o.
379 3211 420 3274 33
448 3211 545 3294 φιλία,
574 3210 605 3274 in
635 3211 735 3276 Ario
765 3214 824 3278 ccl.
853 3215 917 3279 eth.
942 3235 971 3297 p.
988 3214 1051 3278 262
1079 3213 1143 3296 τρία
1173 3213 1242 3296 γένη
1269 3215 1327 3274 τῶν
1350 3211 1469 3292 ἀγαθῶν
1493 3230 1522 3292 p.
1541 3210 1603 3274 272
1626 3211 1689 3293 περὶ

328 3313 432 3394 ἀρετῆς
455 3319 514 3376 cic.
539 3333 569 3394 p.
586 3314 648 3378 276
670 3315 747 3378 πόσα
763 3315 837 3398 μέρη
860 3321 911 3378 τοῦ
934 3317 1047 3397 ἀγαθοῦ
1071 3315 1118 3376 καὶ
1141 3316 1206 3398 περὶ
1229 3318 1339 3378 σκοποῦ
1363 3333 1394 3395 γι.
1410 3311 1473 3378 286
1496 3317 1637 3397 ποσαχῶς
1657 3313 1689 3376 τὸ

328 3415 438 3496 ἀγαθόν
461 3435 491 3496 p.
509 3415 571 3478 292
601 3416 644 3479 ότι
676 3417 832 3499 μεσότητες
856 3439 885 3501 p.
902 3419 965 3483 306
988 3417 1051 3500 περὶ
1075 3417 1180 3480 παθῶν
1202 3437 1232 3500 p.
1246 3416 1309 3482 308
1332 3415 1396 3498 περὶ
1419 3415 1524 3498 φιλίας.
1570 3413 1689 3480 deindo

327 3515 436 3599 capita
459 3521 585 3582 tantum
608 3538 643 3582 se
666 3525 801 3601 tangere
824 3519 963 3586 inculcat
985 3517 1101 3582 Arius

369 3639 399 3700 p.
436 3619 536 3681 90τά
559 3623 704 3703 κεφαλαια
726 3627 783 3684 τῶν
807 3622 969 3702 ἀναγκαίων
993 3623 1144 3703 δογμάτων
1166 3621 1320 3705 ἀναλαβών

369 3741 399 3802 p.
417 3721 478 3784 242
501 3721 559 3802 ἐγὼ
582 3720 607 3783 δ’
636 3724 731 3786 όπόσα
754 3723 925 3806 προύθέμην
948 3723 1080 3786 ἐπελθεῖν
1104 3723 1134 3786 ἐν
1157 3724 1324 3806 κεφαλαίοις

369 3843 399 3903 p.
417 3823 479 3886 322
502 3827 559 3886 τῶν
584 3824 727 3888 πλείστων
752 3825 970 3908 ἀνειλημμένων
993 3827 1137 3909 κεφάλαια

369 3945 398 4007 p.
417 3925 479 3989 326
502 3927 569 4009 περὶ
593 3928 625 3989 δὲ
648 3931 797 4010 πολιτικῆς
819 3925 894 3990 ταῦτ’
923 3926 957 3989 ἀν
980 3925 1026 4010 εἴη
1051 3929 1195 4009 κεφάλαια

367 4048 398 4110 p.
415 4029 478 4093 334
501 4031 549 4092 καὶ
572 4035 631 4091 τῶν
656 4031 708 4110 μὲν
731 4033 885 4093 πολιτικῶν
908 4031 944 4092 τά
966 4029 1110 4112 κεφαλαια
1133 4034 1223 4093 ταῦτα

327 4127 411 4192 idem
428 4137 538 4196 monet
559 4131 743 4196 Alcinous
766 4151 792 4196 c.
810 4133 826 4195 7
852 4153 881 4214 p.
900 4133 958 4196 161
984 4130 1152 4214 προκείσθω
1173 4135 1192 4216 ἡ
1216 4138 1267 4195 τοῦ
1284 4135 1490 4215 μαθηματικοῦ
1508 4135 1617 4216 θεωρία
1641 4134 1687 4196 ἐπὶ

325 4232 491 4314 κεφαλαίων

370 4353 397 4399 ο.
414 4335 453 4397 27
480 4355 510 4417 γι.
528 4335 590 4400 179
612 4336 679 4419 ἑξῆς
703 4335 728 4398 δ’
756 4337 803 4400 ἐπὶ
827 4337 992 4420 κεφαλαίων
1016 4337 1080 4421 περὶ
1103 4341 1161 4400 τῶν
1185 4339 1323 4421 ἠθικῶς.
1343 4380 1350 4394 ·
1368 4337 1560 4422 .είρημένων.
1579 4339 1589 4369 ³

399 4523 404 4554 ¹
425 4527 525 4575 titulum
543 4541 637 4589 sequor
656 4543 739 4591 neque
758 4529 890 4591 vulgarem
908 4521 1032 4576 Ἀλκινόου
1051 4523 1186 4594 φιλοσόφου
1205 4521 1329 4594 εἰσαγωγὴ
1341 4533 1393 4578 τῶν
1407 4525 1539 4594 δογμάτων
1554 4523 1688 4584 Πλάτωνος

326 4628 409 4674 neque
428 4628 503 4676 quem
521 4613 596 4662 linxit
609 4614 638 4664 C.
651 4616 681 4664 F.
696 4617 828 4666 Hermann
843 4618 858 4664 l.
873 4631 892 4662 o.
908 4616 1009 4676 XVlIl,
1028 4615 1073 4664 sed
1086 4630 1161 4676 quom
1181 4616 1348 4680 subscriptum
1369 4616 1446 4666 babet
1464 4617 1521 4665 cod.
1537 4617 1687 4666 Vindobon.

326 4697 359 4750 87
379 4698 511 4762 [Lambec.
526 4701 578 4750 Vll
598 4719 621 4766 p.
639 4701 681 4766 17]
700 4719 723 4753 a.
743 4700 794 4756 925
813 4706 929 4768 scriptus.

370 4823 373 4828 -
398 4785 501 4838 ¹·'aliter
514 4791 599 4840 Laert.
619 4790 713 4842 11149
737 4785 891 4858 θεωρητικόν
914 4805 940 4837 τε
963 4787 1006 4838 καὶ
1025 4786 1170 4854 πρακτικόν.
1194 4787 1237 4838 καλ
1255 4793 1307 4840 τῶν
1326 4787 1339 4840 b
1358 4790 1403 4858 μὲν
1421 4786 1576 4858 θεωρητικός
1594 4787 1627 4844 είς
1646 4787 1690 4839 τόν

326 4872 428 4942 φυσικὸν
446 4877 489 4926 καὶ
508 4873 615 4942 λογικόν,
634 4874 647 4927 ὁ
666 4875 692 4928 δὲ
711 4875 847 4944 πρακτικός
865 4873 899 4932 τίς
916 4872 958 4924 τὸν
977 4871 1066 4942 ἠθικὸν
1085 4875 1128 4925 καὶ
1146 4873 1281 4926 πολιτικόν.
1318 4880 1378 4928 item
1393 4876 1470 4930 1128.

396 4959 582 5014 ²trausitionis
601 4967 659 5014 Arii
677 4983 702 5030 p.
717 4965 750 5017 90
774 4965 828 5032 περὶ
851 4962 876 5014 δὲ
900 4967 952 5012 τῶν
975 4957 1074 5029 ἠθικῶν
1094 4959 1151 5032 ίξῆς
1169 4961 1304 5031 ποιήσομαι
1322 4961 1363 5014 τόν
1383 4961 1607 5032 ῦπομνηματισμόν
1627 5001 1632 5012 .
1653 4999 1683 5012 ..

1849 4389 1851 4434 l

1850 4443 1851 4486 l
