3768 5736
328 331 393 394 440
750 327 849 375 ιετιι
868 324 969 375 νιιιο.
985 324 1007 370 ν
1028 321 1086 374 εει
1105 318 1137 370 ιι
1149 327 1189 368 ιι
1207 314 1260 368 εει

413 432 621 486 νουνειιυιιι
640 393 974 482 mm
975 387 1335 474 ΛῆΛεῖἷιῖλῖι
1344 401 1432 470 ιευι.
1448 419 1460 467 ι
1480 419 1515 470 ιε

369 575 510 650 ποιοῦσιν,
532 567 597 634 ἀλλ’
625 571 655 633 αἱ
678 574 729 634 τοὺ
749 567 901 653 τρέφοντος
917 564 980 628 ἐδαί-

370 695 451 758 φους.

369 896 417 983 {st-
449 910 532 996 Περὶ
555 915 687 997 τροφῆς
708 911 765 974 καὶ
788 909 981 994 αὐξήσεως.
1236 911 1319 996 Περὶ
1345 916 1487 996 τροφῆς.

411 1044 647 1132 Ἐμπεδοκλῆς
677 1047 835 1133 τρέφεσθαι
866 1049 917 1130 μὲν
945 1049 1013 1112 τὺι

354 1148 439 1232 ιζήία
461 1149 509 1214 διὰ
529 1151 581 1234 τὴν
604 1150 760 1214 ὑπόστασιν
786 1154 838 1213 τοῦ
865 1150 983 1226 οἰκείου,

373 1249 511 1319 αὔξεσθαι
540 1253 573 1315 δὲ
599 1253 647 1316 διὰ
676 1253 729 1336 τὴν
751 1253 910 1337 παρουσίαν
931 1256 983 1314 τοὺ

374 1353 496 1438 θερμοῦ,
519 1355 672 1437 μειοῦσθαι
695 1356 728 1418 δὲ
744 1357 792 1419 καὶ
808 1355 919 1439 φθίνειν
936 1355 984 1418 διὰ

374 1457 427 1540 τήν
450 1454 575 1542 ἔκλειψιν
602 1459 760 1542 ἑκατέρων·
792 1457 858 1528 τοὺς
881 1458 913 1520 δὲ
935 1462 983 1520 νὺν

375 1557 549 1643 ἀνθρώπους
577 1564 637 1629 τοῖς
667 1563 792 1643 πρώτοις
825 1561 984 1644 συμβαλλο·

341 1680 365 1718 ιο
378 1660 481 1742 μένους
503 1661 618 1746 βρεφῶν
640 1662 756 1747 ἐπέχειν
777 1661 864 1731 τάξιν.

415 1760 648 1849 Ἀναξαγόρας
670 1764 827 1849 τρέφεσθαι
849 1765 901 1848 μὲν
924 1809 932 1824 .
977 1783 1020 1836 ·2
1103 1796 1105 1800 ¹

379 2192 427 2271 ἦ·
472 2187 588 2252 Πόθεν
611 2159 647 2253 αὑ
671 2191 809 2275 ὀρέξεις
831 2194 989 2276 γίνονται
1127 2183 1211 2269 Περὶ
1234 2182 1386 2268 ὀρέξεως
1408 2184 1474 2243 τῶν
1498 2177 1608 2264 ζῴων.

345 2311 369 2350 lb
437 2295 512 2360 τοῖς
535 2291 642 2376 ζῴοις
664 2295 721 2356 καὶ
744 2295 779 2356 αί
803 2297 936 2379 ήδοναί.

419 2425 655 2513 Ἐμπεδοκλῆς
677 2429 728 2499 τὰς
751 2431 803 2512 μὲν
827 2429 931 2514 ὀρέξεις
951 2433 989 2514 γί-
1010 2441 1023 2492 1

380 2531 481 2595 νεσθαι
503 2535 563 2601 τοῖς
586 2530 673 2617 ζῴοις
695 2531 769 2595 κατὰ
787 2531 838 2600 τὰς
853 2531 991 2616 ἐλλείψεις

380 2635 439 2696 τῶν
460 2632 676 2697 ἀποτελούντων
692 2632 813 2697 ἕκαστον
829 2634 992 2719 στοιχείων,

382 2734 432 2803 τὰς
452 2735 485 2798 δὲ
500 2735 606 2819 ήὺονολς
629 2735 659 2804 ἐξ
669 2734 691 2818 †
703 2736 791 2820 ὑγροῦ
806 2737 854 2800 καλ
869 2737 920 2806 τὰς
935 2742 993 2801 τῶν

347 2837 521 2900 εοκινδὺνων
543 2837 593 2901 καὶ
615 2839 725 2920 ὁμοίων
740 2839 875 2924 κινήσεις,
896 2839 947 2910 τὰς
962 2839 994 2902 δὲ

383 2939 522 3025 ὀχλήσεις
545 2939 593 3004 καὶ
615 2940 667 3010 τὰς
718 2987 991 3007 ......

379 3197 390 3246 1
421 3191 473 3245 ἀλλ’
507 3191 536 3246 ίκ
562 3201 608 3250 τοῦ
634 3195 767 3268 τρέφεσθαι
794 3201 899 3263 (A)Bc:
928 3217 994 3251 corr.

342 3281 514 3348 Wyttenbach
533 3287 564 3337 εί.
584 3287 619 3350 (33
637 3286 662 3338 αἱ
682 3287 794 3352 (se'rvato
813 3285 853 3350 ἐκ)
871 3288 995 3338 Βυεὺιιεε

377 3368 394 3422 5
412 3369 506 3423 οἰκείου
524 3369 601 3441 ὑγροῦ
619 3378 686 3426 coni.
705 3376 805 3426 Usener

378 3457 410 3510 ll
430 3467 529 3512 tuntum
551 3471 635 3514 exstat
651 3465 679 3513 in
698 3461 746 3512 AB
766 3479 780 3512 ε
802 3463 897 3513 lacuna
919 3477 996 3527 quam

342 3561 424 3597 νοοοο
446 3551 530 3612 spatio
554 3549 664 3600 duorum
682 3566 801 3601 versuum
820 3551 945 3601 indicavit
961 3551 995 3611 Α,

342 3635 533 3697 εειοιιίεΙιειίιιο
545 3636 581 3686 Βι
598 3631 849 3706 Ἀναξαγόρας-μὶν
865 3638 951 3689 οεοῦ

380 3723 412 3777 15
431 3721 456 3775 αἱ
474 3735 535 3775 ante
553 3721 639 3791 ήὺονοιλ
651 3729 676 3776 Α
689 3725 762 3791 [ind.,
782 3729 809 3778 in
829 3736 897 3778 cont.
916 3735 998 3778 totum

344 3821 421 3878 caput
441 3811 562 3876 excidit],
581 3813 638 3864 CB:
661 3812 687 3864 αὑ
706 3829 756 3864 om.
776 3815 854 3880 vulgo

381 3903 413 3956 18
432 3901 577 3962 ἕκαστοςΟ

384 3990 415 4044 19
447 3999 568 4057 corrupta
601 3991 740 4058 archetypo
777 3993 924 4044 oblitterato
956 3995 1000 4044 vix

344 4082 444 4130 restitui
462 4089 578 4144 possunt.
606 4080 638 4130 do
662 4095 689 4129 re
708 4081 740 4130 οί.
758 4081 797 4130 IV
811 4079 827 4132 9
840 4089 870 4130 1ο.
889 4081 1001 4130 Karsten

346 4175 428 4219 tentat
448 4164 493 4224 τὰς
515 4165 541 4218 ὑὲ
563 4165 653 4236 ήόονὺς
677 4164 846 4238 ἐξεργάζεσθαι
868 4167 934 4218 κατὰ
956 4166 1001 4225 τὰς

346 4259 398 4304 τῶν
429 4251 528 4304 οἰκείων
560 4253 604 4305 καὶ
631 4251 725 4322 ὁμοίων
753 4254 873 4323 κινήσεις,
906 4253 950 4312 τὰς
974 4251 998 4305 θ’

346 4339 461 4410 ὀχλήσεις
492 4341 535 4393 καλ
561 4340 606 4399 τὰς
637 4338 773 4410 ἀλγηὺὀνας
803 4347 854 4400 τοῖς
877 4339 1002 4399 ἐναντίοις.

346 4432 489 4486 Schneider
512 4433 641 4498 Theophr.
661 4433 689 4482 11
709 4431 759 4484 617
788 4430 832 4488 τὰς
859 4425 885 4479 ὑὲ
913 4427 1002 4496 ἡδονὰς

346 4521 386 4574 διὰ
402 4521 447 4578 τὰς
464 4527 517 4573 τῶν
535 4518 628 4588 ὑμείων
647 4519 763 4589 κινήσεις,
784 4521 829 4578 τὰς
846 4519 865 4572 θ’
887 4517 1001 4588 ὀχλήσεις

347 4613 386 4670 διὰ
403 4612 448 4670 τὰς
465 4617 517 4664 τῶν
536 4609 661 4664 ἐναντίων.
681 4613 786 4676 propius
804 4627 820 4661 a
838 4614 938 4663 traditis
957 4614 1001 4662 ab·
1047 4627 1053 4642 ·

347 4714 433 4757 essent
455 4705 531 4754 haec:
554 4700 598 4758 τὰς
621 4699 647 4750 δὲ
670 4695 759 4765 ἡδονὰς
782 4694 807 4757 ἐξ
826 4696 918 4750 οἰκείου
937 4699 1004 4750 κατὰ

347 4792 391 4850 τὰς
403 4795 455 4843 τῶν
469 4792 591 4858 συγγενῶν
604 4787 648 4838 καὶ
660 4783 754 4853 ὑμοίων
768 4785 874 4854 κροίσεις,
891 4785 935 4843 τὰς
947 4784 1002 4837 κτλ.

384 4877 416 4930 21
448 4880 559 4944 spatium
585 4876 777 4939 sesquialterius
806 4891 893 4926 versus
925 4877 1002 4928 reliu-

348 4976 430 5034 quunt
446 4967 491 5020 Bc
