3768 5736
341 426 406 488 404
831 424 931 472 κοτιι
950 421 1052 472 mc.
1066 421 1104 470 ιν
1123 417 1153 470 13
1165 427 1237 466 ι-ιι

495 528 703 579 Ρυτκιιιοιιι
724 487 1402 578 hffi-”ffiffi
1416 524 1429 572 1
1446 522 1480 574 ευ
1494 519 1554 585 [ιι]
1571 530 1579 568 ι

1014 675 1030 727 8
1088 659 1338 746 Ἀρισταγόρας
1376 660 1516 744 σχήματα
1552 659 1662 724 συνδια-

1046 765 1191 827 τυποὸντά
1212 787 1276 832 πως
1297 764 1395 831 αὑτοῖς
1417 763 1466 824 τόν
1489 759 1572 845 ἀέρα.

421 865 614 954 Ἵππαρχος
658 870 774 938 ἀκτῖνάς
814 890 900 954 φησιν
937 867 1030 954 ἀφ’9
1085 863 1274 952 Ἵππαρχος
1292 863 1434 950 (ἀκτῖνας)
1448 861 1495 948 ἀφ’
1523 863 1661 947 ἑκατέρου

384 971 522 1056 ἑκατέρου
560 977 618 1034 τῶν
652 973 814 1057 ὀφθαλμῶν
852 973 996 1036 ἀποτεινο-
1048 970 1119 1053 φησὶ
1152 973 1210 1032 τῶν
1238 967 1401 1052 ὀφθαλμῶν
1438 964 1661 1048 ἀποτεινομένας

385 1073 473 1156 μένας
490 1079 549 1144 τοῖς
564 1074 683 1160 πέρασιν
699 1077 796 1138 αὸτῶν
812 1075 872 1138 οἷον
888 1079 995 1160 χειρῶν
1047 1076 1107 1140 τοῖς
1140 1071 1260 1154 πέρασιν
1297 1071 1394 1134 αύτῶν
1430 1069 1517 1132 οἱονελ
1552 1071 1685 1152 χειρῶνν

384 1177 510 1261 ἐπαφαῖς
533 1179 804 1262 περικαθαπτούσας
832 1182 891 1247 τοῖς
913 1177 995 1246 ἐκτὸς
1048 1175 1173 1258 ἐπαφαῖς
1199 1171 1471 1258 περικαθαπτούσας
1497 1175 1556 1240 τοῖς
1578 1170 1661 1239 έκτὸς

362 1281 500 1360 σσιύμασι
533 1281 586 1364 τὴν
618 1280 767 1365 ἀντίληψιν
798 1279 894 1343 αὐτῶν
924 1281 995 1362 πρὸς
1049 1277 1164 1358 σῶμασι
1185 1276 1237 1358 τὴν
1261 1275 1409 1360 ἀντιληψιν
1429 1273 1526 1338 αὐτῶν
1542 1273 1613 1356 πρὸς
1627 1272 1661 1334 τὸ

383 1383 416 1445 τὸ
440 1384 573 1466 ὁρατικόν
597 1384 775 1447 ἀποδιδόναι.
1048 1379 1181 1462 ὁρατικὸν
1204 1377 1379 1442 ἀναδιδόναι.

1007 1482 1039 1533 ¹⁰
1085 1477 1177 1544 Ἔνιοι
1206 1479 1254 1542 καλ
1286 1479 1497 1563 Πυθαγόραν
1523 1483 1561 1561 τῇ
1589 1477 1661 1562 δόξῃ

1046 1582 1138 1666 ταύτη
1151 1581 1407 1666 συνεπιγράφουσιν
1424 1581 1476 1645 ἀτε
1486 1583 1523 1666 δὴ
1540 1582 1660 1667 βεβαιω-
1674 1603 1697 1642 ιο

1046 1686 1098 1768 τὴν
1121 1689 1180 1747 τῶν
1204 1683 1387 1766 μαθημάτων
1410 1685 1458 1747 καὶ
1477 1685 1550 1769 πρὸς
1564 1684 1660 1769 τούτιρ

1047 1785 1271 1872 Παρμενίδην
1302 1785 1478 1872 ἐμφαίνοντα
1504 1786 1660 1850 τοῦτοδιὰ

1045 1894 1103 1952 τῶν
1126 1889 1306 1974 ποιημάτων.

425 1989 572 2056 Πλάτων
610 1991 684 2054 κατὰ
721 1990 905 2072 συναύγειαν,
941 1993 1035 2056 τού11
1091 1993 1238 2058 Πλάτων
1266 1989 1447 2074 συναύγειαν,
1474 1995 1525 2055 τοῦ
1553 1994 1605 2076 μὲν
1627 1991 1661 2056 ἐκ

384 2093 436 2174 μὲν
469 2095 502 2156 ἐκ
528 2097 586 2156 τῶν
620 2091 783 2177 ὀφθαλμῶν
816 2093 913 2178 φωτδς
946 2092 994 2155 ἐπλ
1045 2102 1104 2160 τῶν
1145 2094 1308 2180 ὀφθαλμῶν
1350 2094 1448 2178 φωτός
1483 2093 1531 2158 ἐπὶ
1568 2095 1690 2159 ποσόνιν

382 2194 473 2256 ποσὸν
504 2193 694 2279 ἀπορρέοντος
721 2195 762 2264 εἰς
788 2197 837 2259 τὸν
869 2197 993 2278 ὁμογενῆ
1046 2199 1237 2283 ἀπορρέοντος
1270 2194 1311 2264 εἰς
1337 2195 1386 2258 τὸν
1417 2198 1541 2280 ὁμογενῆ
1576 2197 1659 2282 ἀέρα,

351 2313 375 2350 1⁰
384 2294 473 2379 ἀέρα,
502 2301 553 2360 τού
583 2297 615 2359 δὲ
637 2296 697 2359 ἀπὸ
719 2293 794 2382 [μὲν]
816 2301 875 2359 τῶν
898 2299 994 2378 σωμά·
1046 2305 1098 2366 τοῦ
1121 2301 1154 2364 δὲ
1183 2298 1242 2362 ἀπὸ
1264 2300 1324 2359 τῶν
1346 2298 1491 2380 σωμάτων
1514 2300 1660 2384 ἀντιφερο·

382 2419 439 2459 των
474 2399 653 2482 φερομένου,
685 2397 749 2480 (τοῦ
777 2399 809 2461 δὲ
834 2395 913 2482 περλ>
944 2399 994 2460 τὸν
1047 2403 1149 2487 μένου,
1178 2403 1229 2463 τοῦ
1252 2399 1286 2462 δὲ
1308 2399 1372 2484 περὶ
1395 2401 1444 2464 τὸν
1467 2400 1572 2483 μεταξύ
1587 2402 1660 2486 ἀέρα

383 2497 487 2580 μεταξὺ
525 2498 598 2583 ἀέρα
632 2498 803 2584 εὐδιάχυτον
841 2499 910 2563 ὄντα
946 2499 994 2562 καλ
1046 2505 1216 2590 εὐδιάχυτον
1243 2499 1312 2565 ὄντα
1338 2502 1386 2566 καλ
1413 2501 1567 2588 εὔτρεπτον
1597 2526 1659 2568 συν-

381 2599 533 2685 εύτρεπτον
557 2601 807 2684 συνεκτεινομένου
833 2607 877 2688 τῷ
900 2604 995 2686 πυρῶ-
1046 2605 1239 2688 εντεινομένου
1266 2607 1308 2688 τῷ
1331 2606 1457 2688 πυρῶδει
1476 2611 1529 2692 τῆς
1552 2603 1694 2692 ὅψεως.εο

380 2705 423 2766 δει
450 2709 503 2787 τῆς
534 2701 639 2788 ὄψεως.
675 2704 750 2788 αὕτη
776 2703 889 2787 λέγεται
919 2704 995 2768 Πλα-
1047 2709 1121 2792 αύτη
1144 2706 1256 2790 λέγεται
1280 2702 1454 2792 Πλατωνικὴ
1478 2709 1640 2792 συναύγεια.

346 2805 489 2888 ιστωνικὴ
513 2805 674 2889 συναύγεια.
942 2836 946 2846 ·

1007 2927 1038 2980 11
1088 2912 1286 2996 Ἀλκμαίων
1323 2911 1397 2974 κατὰ
1429 2913 1482 2996 τὴν
1519 2917 1570 2977 τοῦ
1601 2915 1659 2978 δια·

1045 3021 1154 3102 φανούς
1175 3015 1334 3098 ἀντίληψιν.

374 3202 390 3255 θ
409 3201 529 3272 έκατέρου
543 3205 578 3256 (ἴε
598 3204 725 3275 έκατέρων
739 3206 833 3270 (11)Βο
847 3201 891 3274 Ιλθ
911 3203 995 3257 αότῶν
1080 3204 1096 3258 3
1115 3205 1216 3262 ἀκτῖνας
1234 3221 1284 3255 om.
1304 3205 1329 3254 D
1349 3201 1361 3272 11
1381 3204 1398 3256 5
1416 3203 1501 3258 αότῶν
1519 3208 1544 3258 D
1567 3203 1579 3274 11
1600 3207 1616 3260 6
1635 3223 1702 3276 περι-

339 3289 445 3354 (Α)ΒΟι
474 3295 575 3342 οοττεπί
601 3294 631 3343 σέ.
657 3295 751 3344 Nemes
777 3289 789 3360 Ιλ
815 3291 831 3344 4
859 3289 994 3361 περικαθα-
1046 3287 1223 3350 καθαπτυύσες
1237 3295 1274 3342 εἰσ
1287 3293 1391 3343 τευλεΙ)
1408 3290 1421 3361 Η
1437 3293 1451 3346 θ
1465 3297 1495 3345 σέ.
1508 3295 1580 3346 Prol.
1599 3311 1624 3359 p.
1638 3293 1672 3346 70
1687 3291 1700 3360 ΙΙ

339 3375 457 3435 πτούσαις
468 3379 600 3442 (1(Α1Βοι
613 3395 678 3430 corr.
691 3381 785 3431 Reiske
801 3377 814 3446 Η
829 3379 862 3431 10
875 3381 919 3430 τοῦ
931 3376 951 3430 δ’
961 3407 993 3416 -
1048 3379 1078 3430 ll
1099 3380 1211 3430 τοῦτοῦ
1233 3375 1245 3444 λλ
1268 3377 1300 3430 12
1319 3381 1394 3430 τοῦτο
1408 3381 1446 3430 D:
1460 3377 1537 3432 ταότὸ
1550 3381 1671 3431 Μείοελιε
1686 3377 1699 3448 ’1

339 3462 372 3514 12
383 3463 444 3532 ἀέρα
457 3481 508 3516 om.
521 3467 543 3516 B
558 3463 570 3532 11
586 3463 634 3517 ἀπό
645 3465 689 3533 μέν
699 3468 759 3518 Ae:
773 3467 818 3534 μέν
829 3484 878 3520 om.
890 3471 967 3532 vu¹go
979 3464 992 3534 11
1047 3463 1080 3515 14
1098 3473 1156 3530 post
1174 3459 1281 3516 Πλάτων
1298 3481 1349 3515 om.
1365 3465 1492 3518 stobaeus
1510 3465 1576 3518 κατά
1588 3470 1619 3518 ef.
1632 3469 1703 3519 Plut.

341 3551 371 3602 11
385 3551 576 3621 ἀντιφερομένου
594 3569 626 3602 ex
639 3553 711 3604 Stob.
725 3557 898 3620 Wyttenbach
917 3552 929 3622 11
949 3555 994 3605 τού
1046 3553 1148 3602 Nemes.
1175 3547 1188 3618 θ
1218 3549 1251 3603 21
1274 3548 1353 3619 ταύτη
1376 3553 1429 3603 ΒΔ
1455 3550 1467 3620 >J
1497 3551 1531 3604 23
1554 3551 1703 3621 ἀντέλαμψιν

337 3635 364 3688 δέ
376 3637 431 3707 περὶ
444 3653 477 3690 ex
491 3638 564 3690 Stob.
577 3640 692 3690 additum
706 3657 756 3692 om.
767 3642 839 3705 (A)C
852 3645 922 3692 cuiue
935 3645 994 3694 loeo
1045 3641 1142 3690 conieci
1162 3639 1234 3691 Ptol.
1252 3657 1277 3705 p.
1301 3637 1361 3690 223.
1386 3643 1502 3704 sequitur
1524 3642 1702 3692 Aristoteliam

337 3723 451 3793 ἀπορρεῖν
465 3726 602 3776 confictum
615 3741 648 3776 ex
660 3724 823 3796 ἀπορρέοντος
839 3746 863 3779 v.
878 3729 893 3780 9
912 3731 993 3780 inser·
1045 3727 1076 3776 ef.
1096 3728 1143 3776 Ar.
1162 3727 1266 3792 Didym.
1285 3729 1315 3777 έτ.
1337 3725 1367 3778 17

337 3821 390 3862 tum
403 3821 442 3862 est
456 3808 469 3878 θ
484 3808 526 3862 τὸν
540 3809 565 3862 δὲ
579 3809 671 3878 μεταξύ
681 3815 750 3876 (110
761 3818 871 3868 restituit
884 3817 947 3866 haec
960 3834 993 3868 ex
1044 3831 1087 3838 m
1164 3831 1690 3840 -———-—-————-

336 3897 409 3950 Stob.
423 3900 593 3963 Wyttenbach
609 3895 622 3966 11
640 3897 670 3951 13
683 3901 992 3966 συνικττένοντος(Α)ΒΟι
1045 3889 1211 3942 ALIORUM
1229 3891 1279 3942 EX
1298 3891 1410 3942 ΑΕΤῙΟ
1430 3889 1626 3942 EXCERPTA

336 3987 448 4036 correxit
466 3987 639 4050 wyttenbaeh
659 3989 689 4038 of.
709 3988 781 4039 Stob.
801 3999 826 4039 et
844 3991 947 4041 Nemes.
1077 3971 1111 4026 13
1130 3975 1145 4028 9
1165 3973 1272 4031 Nfflffl·
1291 3993 1315 4042 Ρ·
1326 3975 1359 4030 78
1371 3979 1404 4028 Α·
1419 3975 1470 4029 173
1480 3979 1518 4028 Μ·
1536 3971 1702 4048 Ἵππαρχος

656 4093 714 4099 ---
910 4098 992 4106 ψ-
1045 4059 1071 4112 ὀέ
1091 4075 1164 4131 φησιν
1183 4062 1283 4120 ἀκτῖνας
1306 4062 1355 4116 ἀπὸ
1373 4068 1425 4114 τῶν
1444 4061 1584 4133 ὀφθαλμῶν
1602 4063 1700 4116 ἀποτει-

337 4148 565 4201 TESTIMONIA
584 4152 795 4206 PLUTARCHI
1044 4148 1148 4216 νομένας
1166 4154 1217 4206 τοῖς
1237 4151 1338 4220 πέρασιν
1356 4149 1454 4202 έαυτῶν
1476 4147 1591 4220 καθάπερ
1609 4157 1701 4221 χειρῶν

369 4232 403 4287 18
425 4236 453 4288 11
473 4233 558 4292 ΡεοΠ.
577 4240 602 4289 d.
623 4255 692 4290 omn.
714 4241 793 4292 doctr.
812 4259 834 4293 ι.
847 4243 877 4295 81
902 4241 993 4312 ηόρα-
1044 4235 1150 4305 έπαφαῖτ
1169 4233 1346 4296 καθαπτούσατ
1368 4243 1419 4296 τοῖς
1442 4237 1513 4296 έετός
1536 4236 1636 4306 σώμασι
1652 4237 1701 4308 τὴν

335 4336 371 4379 σις
389 4321 487 4390 γίνεται,
506 4321 565 4374 όταν
578 4324 627 4376 ἀπό
644 4330 697 4377 τῶν
715 4323 855 4396 ὀφθαλμῶν
873 4335 929 4398 φῶς
947 4330 989 4382 έκ-
1044 4321 1174 4392 ἀντίληψιν
1192 4322 1277 4376 αύτῶν
1295 4323 1355 4394 πρὸς
1373 4322 1402 4376 τό
1420 4321 1535 4392 ὁρατικὸν
1553 4323 1699 4378 ἀναδιδόναι·

334 4407 468 4478 φερόμενον
482 4411 621 4480 ουναντόοη
631 4418 668 4481 τῷ
678 4410 727 4463 ἀπὸ
736 4417 789 4464 τῶν
799 4416 924 4482 σωμάτων
934 4431 990 4486 συρ-
1079 4411 1108 4462 11
1129 4407 1205 4466 Idem
1223 4431 1248 4479 ρ.
1268 4413 1302 4466 ’19
1315 4418 1346 4464 Α.
1368 4411 1418 4464 180
1428 4413 1465 4462 Μ.
1488 4419 1548 4476 post
1570 4428 1697 4476 geome-

334 4497 426 4565 ρέοντι,
450 4495 509 4566 ὀπιρ
528 4495 541 4548 ό
561 4494 691 4550 Πλάτων
708 4497 822 4567 ὀνομάζει
841 4499 990 4570 συναύγειαν,
1043 4505 1162 4548 tratum
1180 4501 1410 4564 Epicureorum
1429 4501 1625 4550 Aristotelis
1643 4501 1697 4566 ρλιι-

1043 4587 1094 4635 cita
1112 4586 1142 4636 σέ.
1155 4587 1226 4638 Ρτολ
1240 4603 1264 4651 ρ.
1277 4583 1331 4638 48²
1349 4580 1478 4637 Πλάτων
1492 4583 1519 4635 δέ
1532 4585 1597 4636 κατὰ
1610 4583 1697 4638 συναύ-

1042 4659 1117 4738 γειαν,
1138 4673 1183 4722 τοῦ
1206 4671 1251 4740 μέν
1274 4671 1304 4724 έκ
1327 4675 1379 4724 τῶν
1397 4667 1538 4741 ὀφθαλμῶν
1556 4671 1639 4740 φωτὸς
1656 4671 1698 4724 έπλ

1043 4753 1119 4806 ποσὸν
1131 4756 1294 4826 ἀπορρέοντος
1306 4759 1339 4817 ιές
1352 4759 1394 4810 τόν
1407 4755 1514 4828 ὁμογενῆ
1528 4757 1597 4828 ἀέρα,
1614 4757 1698 4810 τοῦδέ

1044 4841 1093 4894 ἀπὸ
1110 4848 1163 4894 τῶν
1181 4847 1306 4913 σωμάτων
1318 4846 1517 4915 ἀναφερομένου,
1535 4849 1581 4897 τοῦ
1598 4844 1625 4898 δέ
1642 4846 1698 4917 περὶ

1043 4927 1085 4980 τόν
1098 4928 1190 4997 μεταξύ
1204 4931 1264 5001 ἀέρα
1276 4931 1420 5002 ιύδιάχυτον
1438 4929 1497 4984 ὀντα
1510 4932 1554 4984 καλ
1566 4929 1697 5002 εύτρτπτον

1044 5017 1257 5084 συνεκτεινομένου
1275 5017 1312 5088 τῷ
1330 5017 1452 5088 πυροειδεῖ
1468 5023 1514 5089 τῆς
1534 5016 1626 5088 ὄψεως.
