3756 5736
312 364 397 457 '230
571 393 648 442 xvn
686 393 735 442 nn
757 390 1003 442 vanusnonun
1022 389 1261 442 rnocmoaou
1279 387 1459 442 nonnosus

283 593 288 600 ·
333 561 487 643 spbaeriis
511 563 591 625 caeli
612 561 748 641 sphoera
769 559 909 623 solidato
931 567 975 622 est
997 566 1027 620 et
1047 558 1118 620 ideo
1140 556 1194 620 abi
1215 575 1292 620 orae
1313 561 1465 641 utrimque
1487 569 1694 622 conveneram

333 666 501 728 notabilem
524 666 698 727 claritatem
720 661 830 726 uideri.

418 767 612 830 Diodorus
640 765 739 843 ignem
766 783 833 826 esee
860 764 1004 826 densetae
1031 771 1253 844 concretaeque
1280 771 1415 826 naturae
1436 765 1470 825 in
1491 782 1586 826 unam
1607 767 1697 826 curci

336 872 442 934 limitis
473 870 612 932 semitam
641 866 828 929 discretione
857 865 1034 952 mundanae
1063 865 1206 944 fabricae
1233 874 1437 928 coacervante
1464 875 1641 928 conmotam
1668 875 1697 928 et

335 973 405 1034 ideo
426 974 526 1034 omnm
547 971 694 1032 intuentis
716 968 878 1031 admittere
899 969 1018 1048 reliquo
1041 969 1111 1048 igme
1133 968 1259 1030 coeksti
1281 969 1378 1030 lucem
1399 985 1488 1030 mam
1507 969 1604 1030 nimio
1618 968 1696 1032 sub-

336 1075 447 1136 tilitate
469 1071 614 1153 diffusam
635 1089 704 1132 non
725 1070 895 1134 subiciente
918 1073 1103 1150 conspectui.

420 1175 658 1238 Democritus
679 1176 858 1236 innumerae
879 1174 987 1236 stelles
1008 1172 1174 1254 brevesque
1196 1192 1299 1236 omnes
1323 1191 1403 1254 pene
1423 1175 1525 1254 spisso
1546 1182 1648 1236 bama
1663 1175 1696 1237 in

335 1297 429 1340 anum
452 1285 580 1340 coactae
601 1278 714 1357 spatiis
737 1294 817 1356 quae
839 1277 1058 1357 angustissima
1080 1277 1264 1340 interiacent
1287 1279 1403 1356 opertis
1422 1278 1544 1339 vicinae
1558 1277 1620 1339 sibi
1633 1297 1697 1338 un-

337 1381 430 1461 dique
452 1387 481 1441 et
502 1379 574 1442 ideo
595 1380 714 1459 passim
733 1377 866 1460 diffusae
888 1379 966 1442 lueis
988 1380 1152 1460 aspergine
1173 1379 1351 1442 continuum
1368 1380 1466 1442 iuneti
1482 1380 1607 1442 luminis
1622 1398 1697 1443 cor·

337 1503 397 1564 pus
419 1482 591 1544 ostendunt.

421 1585 477 1648 sed
496 1584 723 1647 Posidonius
738 1584 827 1646 cuins
842 1584 1013 1664 definitioni
1027 1586 1164 1665 plurium
1179 1602 1346 1646 concensus
1361 1587 1492 1646 coemat
1507 1587 1553 1647 ait
1567 1585 1698 1648 ἰοσέαιισι

338 1687 455 1750 coloris
478 1705 544 1750 esse
564 1687 680 1748 eidmei
701 1685 888 1764 infusionem
911 1705 1003 1768 quam
1024 1689 1095 1750 ideo
1118 1687 1253 1749 adcensa
1274 1685 1406 1748 salliaco
1432 1731 1440 1748 .
1464 1731 1472 1748 .
1496 1732 1504 1747 .

427 1785 621 1852 Posidonius
644 1785 774 1851 ultimus
796 1785 935 1870 ideoque
956 1787 1098 1870 priorum
1122 1785 1308 1870 opinionum
1331 1787 1423 1853 testis
1444 1792 1504 1854 est.
1548 1787 1636 1869 quod
1657 1808 1699 1854 ex

339 1888 466 1955 Achille
488 1887 727 1956 Posidonianae
756 1886 924 1955 dcehime
953 1888 1073 1956 referto
1103 1888 1286 1973 probamus.
1333 1889 1388 1972 qui
1414 1887 1543 1955 iahmas
1570 1908 1636 1954 nun
1663 1895 1699 1954 nt

337 1991 394 2056 ille
416 1989 530 2058 reticet
551 2009 577 2055 c.
594 1989 636 2054 24
659 2008 691 2071 p.
709 1989 799 2053 1462
819 1990 906 2073 Pet,
932 1991 991 2056 sed
1013 1989 1237 2056 Eratosthenis
1258 1990 1453 2056 Mercurium
1475 1991 1698 2076 μυθικώτιρον’

336 2094 441 2159 affert.
479 2099 547 2157 tum
570 2112 601 2174 p.
618 2092 710 2156 lttn
733 2091 852 2174 pergit:
885 2092 968 2156 ἄλλοι
990 2094 1023 2156 δὲ
1045 2093 1078 2156 ἐκ
1099 2098 1152 2178 τῆς
1176 2095 1324 2179 συμβολῆς
1345 2099 1404 2158 τῶν
1427 2093 1479 2158 δύο
1501 2095 1698 2178 ἡμισφαιρίων

337 2195 468 2278 λέγουσιν
483 2195 570 2258 αυτὸν
585 2193 740 2278 γεγονέναι.
773 2193 856 2260 haec
871 2199 921 2260 est
936 2215 1033 2279 quam
1047 2195 1230 2262 Macrobius
1245 2195 1324 2263 dicit
1340 2194 1557 2279 Theophrasti
1578 2196 1698 2279 opinio.

338 2297 451 2362 credat
482 2295 532 2361 cui
565 2293 664 2360 lubet.
712 2295 861 2379 squidem
894 2317 967 2362 oum
996 2303 1121 2363 tantum
1150 2298 1193 2363 ah
1221 2298 1398 2364 Aristotele
1427 2295 1620 2380 discipulum
1650 2317 1699 2363 re·

338 2397 474 2464 cessisse
488 2416 614 2483 negem,
629 2399 739 2482 potius
754 2397 855 2462 sontis
871 2399 1083 2465 certissimum
1097 2397 1251 2464 indicium
1265 2403 1373 2484 teneo,
1388 2399 1475 2466 unde
1490 2397 1697 2482 physicorum

340 2498 508 2583 opiniones
525 2499 725 2586 deprompsit
743 2499 947 2568 Posidonius.
975 2501 1155 2567 Diodorum
1169 2521 1268 2586 supra
1282 2501 1420 2568 tractari
1435 2501 1529 2585 p32,
1549 2499 1604 2583 qui
1622 2519 1699 2566 num

342 2621 433 2666 suam
457 2620 500 2666 an
522 2602 664 2669 alienam
686 2603 871 2688 opinionem
894 2603 1039 2688 proferat
1053 2601 1173 2669 nesc'io.
1208 2603 1385 2670 Democriti
1401 2603 1510 2688 opinio
1525 2607 1700 2688 propterea

340 2709 390 2770 est
404 2704 634 2788 memorabilis,
657 2705 733 2788 quia
748 2704 941 2772 Aristoteles
955 2705 1185 2788 Anaxagoram
1206 2711 1240 2772 et
1254 2705 1474 2772 Democritum
1489 2703 1594 2770 minus
1608 2722 1700 2770 aecu-

338 2811 410 2871 rate
437 2805 602 2872 coniunxit
628 2807 865 2873 meteorcl.18
887 2829 919 2892 p.
935 2808 1015 2874 345·
1031 2805 1109 2873 25st
1140 2806 1198 2872 sed
1220 2813 1350 2891 praeter
1371 2805 1570 2874 hlacrobium
1602 2805 1700 2882 ctiam

338 2907 483 2974 Achilles
513 2908 691 2976 Democriti
721 2909 876 2993 placitum
906 2911 1009 2976 celato
1038 2909 1169 2976 nomine
1198 2910 1303 2993 tangit
1329 2909 1469 2993 pllio
1498 2909 1582 2974 ἄλλοι
1611 2911 1644 2975 δὲ
1666 2911 1700 2974 ἐκ

340 3016 451 3097 μικρῶν
481 3015 555 3076 πάνυ
582 3014 631 3077 καὶ
661 3012 894 3096 πεπυκνωμένων
919 3014 969 3077 καὶ
995 3015 1064 3097 ἡμῖν
1087 3012 1248 3076 δοκούντων
1271 3013 1406 3098 ἡνῶσθαι
1429 3013 1476 3076 διὰ
1498 3013 1531 3076 τὸ
1554 3015 1700 3097 διάστημα

339 3115 372 3176 τὸ
396 3115 454 3176 ἀπὸ
477 3119 528 3176 τοῦ
551 3114 674 3199 οὐρανοῦ
703 3115 751 3179 ἐπὶ
778 3117 831 3199 τὴν
862 3119 915 3198 γῆν
948 3116 1076 3200 ἀστέρων
1105 3114 1202 3180 αὐτῶν
1229 3113 1303 3178 εἶναί
1327 3135 1414 3199 φασιν
1442 3119 1483 3184 ῶς
1511 3113 1542 3178 εἴ
1564 3137 1606 3184 τις
1634 3115 1700 3180 ἁλσὶ

339 3218 455 3286 λεπτοῖς
477 3239 509 3279 τε
530 3217 578 3280 καὶ
600 3221 718 3287 πολλοῖς
740 3217 917 3280 καταπῶσειέ
938 3240 975 3280 τι.
1012 3215 1077 3283 iam
1104 3217 1232 3284 Placito
1259 3235 1435 3300 componas
1457 3217 1582 3282 1111e
1604 3217 1700 3301 Δημό·

340 3343 435 3403 κριτος
457 3322 573 3383 πολλῶν
596 3320 645 3383 καὶ
667 3324 778 3404 μικρῶν
800 3320 849 3383 καὶ
871 3323 1002 3403 συνεχῶν
1022 3319 1151 3404 ἀστέρων
1167 3320 1431 3405 συμφωτιζομένων
1447 3321 1585 3404 ἀλλήλους
1599 3342 1699 3385 συναυ-

339 3423 451 3504 γασμὸν
474 3423 521 3485 διὰ
543 3423 596 3506 τὴν
617 3423 774 3488 πύκνωσιν.
807 3422 1012 3488 continuatur
1033 3421 1132 3489 etiam
1154 3421 1207 3487 hio
1228 3422 1283 3502 §8
1305 3420 1451 3486 ultimum
1466 3421 1632 3489 Posidonii
1647 3423 1700 3490 dc

341 3529 473 3608 eretum,
495 3523 621 3590 sedita
642 3529 678 3590 ut
701 3524 837 3591 obscura
858 3523 961 3590 latina
982 3523 1083 3590 verba
1104 3527 1222 3589 eohric
1242 3525 1358 3588 admei
1378 3525 1563 3606 infusionen
1585 3525 1700 3592 melius

339 3625 570 3708 intellegantur
591 3629 697 3712 πυρὸς
718 3627 901 3710 σύστασιν,
929 3626 1056 3712 ἄστρου
1080 3629 1132 3710 μὲν
1155 3627 1323 3710 μανωτέραν
1346 3627 1437 3711 αὐγῆς
1459 3627 1492 3690 a
1513 3627 1698 3712 πυκνοτέραν.

339 3728 466 3792 Plaeita
488 3729 543 3811 §2
566 3727 845 3812 Pythagoreorum
871 3728 1041 3812 opiniones
1069 3729 1208 3796 reddunt
1235 3728 1368 3795 easdem
1398 3747 1480 3811 quas
1507 3727 1699 3796 Aristoteles

338 3829 360 3892 l.
376 3849 403 3894 a.
426 3849 457 3912 p.
475 3830 554 3894 345Ι
572 3830 613 3894 16
634 3830 738 3898 affert.
772 3831 877 3898 altera
899 3836 962 3896 est:
985 3832 1012 3895 οἱ
1035 3832 1068 3896 δὲ
1089 3833 1138 3896 τὸν
1160 3833 1282 3916 ἡλιακὸν
1303 3831 1395 3915 ταύτῃ
1418 3831 1489 3915 φασὶ
1512 3829 1576 3894 κατ’
1605 3831 1699 3917 ἀρχὰς

339 3932 483 4013 γεγονέναι
513 3932 630 4016 δρόμον.
663 3951 781 3998 nomen
804 3931 955 3997 discimus
983 3953 1024 4000 ox
1046 3933 1173 3999 Achille
1194 3955 1226 4016 p.
1243 3934 1335 3998 147n
1367 3932 1459 4016 ἕτεροι
1480 3932 1513 3996 δέ
1541 3954 1627 4018 φασιν
1657 3935 1698 3998 ῶν

339 4033 399 4097 ἐστι
421 4035 470 4097 καὶ
493 4033 683 4118 Οἰνοπίδης
706 4036 722 4098 b
745 4032 833 4104 Χῖος
855 4034 898 4098 ὅτι
920 4035 1059 4120 πρότερον
1081 4037 1156 4100 κατὰ
1177 4036 1280 4099 τούτου
1303 4035 1574 4120 desperabilior,
1597 4033 1644 4100 διὰ
1666 4037 1699 4099 δὲ

339 4137 375 4200 τὰ
398 4135 539 4201 Θυέστεια
561 4139 661 4202 δεῖπνα
683 4139 855 4224 ἀπεστράφη
878 4140 940 4200 κτλ.

424 4237 628 4306 Manifestius
651 4245 700 4306 est
715 4239 804 4304 aliud
820 4239 1003 4323 exemplum
1018 4239 1201 4306 Aristotelis
1218 4259 1276 4323 per
1291 4239 1500 4306 Posidonium
1515 4241 1697 4327 propagati.

338 4339 372 4403 in
388 4339 519 4406 scholiis
531 4341 622 4408 Arati
638 4363 668 4408 v.
682 4343 764 4407 1091
780 4363 813 4426 p.
826 4342 898 4426 151,
915 4343 954 4407 ll
969 4341 1074 4408 Behh.
1088 4341 1367 4426 Pythagoreorum
1378 4343 1555 4410 Democriti
1570 4343 1698 4410 Anaxa-

338 4461 437 4524 gorae
445 4442 653 4528 Hippocratis
667 4445 709 4512 de
720 4445 853 4510 cometis
865 4443 1034 4529 opiniones
1045 4451 1263 4512 recensentur.
1285 4444 1355 4512 sine
1366 4445 1698 4532 negatioAristotolis‚

411 4615 418 4646 ¹
439 4619 470 4668 el.
489 4621 569 4670 schol.
582 4621 655 4671 Aret.
670 4639 694 4670 ν.
704 4619 756 4674 476
774 4637 799 4686 p.
810 4620 852 4683 94,
862 4618 907 4671 413
925 4613 1103 4689 Ἐρατοσθένης
1115 4619 1141 4672 δέ
1155 4634 1215 4690 φησι
1233 4615 1375 4686 μυθικῶς
1392 4618 1467 4672 αὐτὸν
1480 4619 1638 4691 θιηησθμενος
1651 4620 1699 4673 bnb

337 4705 382 4754 τοῦ
400 4705 445 4774 τῆς
459 4699 536 4774 Ἥρας
552 4704 675 4775 γάλακτος
693 4702 838 4776 γεγενῆσθαι
850 4701 1007 4776 ἐκχυθέντος.
1020 4705 1112 4776 ἤκουσε
1124 4705 1170 4774 γὰρ
1182 4706 1250 4776 παρὰ
1266 4710 1311 4758 τοῦ
1318 4703 1410 4776 Ἑρμοῦ
1428 4705 1465 4759 ὅτι
1483 4705 1530 4760 obn
1549 4707 1609 4768 ἴδιός
1626 4708 1698 4762 ἐστιν.

338 4793 369 4843 ci.
388 4793 521 4844 Eratosth.
540 4811 616 4846 earm.
637 4795 708 4845 tr.11
726 4812 751 4860 p.
766 4796 854 4848 6Hill.

409 4877 490 4944 ²quo
509 4883 564 4933 iure
583 4883 683 4932 'bellora
708 4884 879 4946 posteriorum
901 4886 1026 4936 mamona
1048 4885 1080 4934 de
1102 4885 1252 4936 Democrito
1276 4883 1326 4936 hoc
1344 4883 1493 4938 Aristotehs
1515 4885 1573 4938 loeo
1592 4886 1640 4936 niti
1658 4885 1696 4938 vi-

338 4969 428 5019 deatur
447 4965 583 5036 [1⁴8032]
601 4970 695 5019 trustra
714 4985 820 5036 quaero.
