3756 5736
332 393 395 457 fflss
606 398 670 444 xl'l
708 397 756 445 Da
779 397 878 446 saTll
897 395 1134 446 PLACITORUM
1154 396 1425 448 COMPOSlTlONE

333 565 406 626 dam
436 565 646 628 Stoicorum
680 575 708 627 cl
742 568 776 628 iss
807 567 887 630 duas
917 587 987 629 om·

331 669 416 747 plius
431 669 517 750 opud
538 669 779 732 Posidonium
802 673 854 751 qui
869 689 890 732 o
906 669 988 732 duo-

332 771 389 833 dus
417 791 548 834 eaorssu
575 773 671 834 titulis
701 773 873 853 principali
907 773 989 854 quod

333 875 420 936 uiuat
455 876 626 958 ἡγεμονικὸν
662 881 691 936 cl
722 877 873 939 rationali
905 878 990 959 quod

332 978 420 1038 aiunt
434 979 546 1060 λογικὸν
562 979 594 1038 ia
610 978 773 1040 duodecim
787 979 900 1040 calade
913 999 989 1059 pro·

331 1081 444 1154 secuit,
466 1081 512 1142 ita
534 1081 618 1144 alios
640 1101 679 1142 ca
701 1081 774 1142 aliis
795 1081 913 1161 specics
936 1081 988 1143 di-

333 1182 442 1244 oiduat
464 1185 608 1246 animaru.

418 1291 621 1368 quantopere
644 1305 670 1350 o.
686 1287 728 1352 43
751 1293 784 1352 et
807 1287 849 1351 54
871 1285 964 1350 Alitis
988 1285 1128 1368 gemella
1150 1284 1224 1370 sint,
1247 1305 1314 1351 uon
1336 1293 1386 1352 est
1408 1287 1495 1370 quod
1516 1287 1619 1354 fusius
1641 1289 1697 1354 do-

334 1405 435 1451 eeam.
479 1385 689 1452 novissimum
716 1393 826 1455 amen
853 1393 951 1472 eaput
978 1393 1013 1452 ut
1040 1393 1090 1452 est
1112 1387 1245 1454 Plaoitis
1272 1389 1372 1454 multo
1395 1387 1526 1456 uberius
1548 1390 1594 1456 ita
1616 1389 1697 1456 diffi-

334 1487 508 1553 cultatibus
531 1509 658 1572 quoque
680 1491 858 1556 nonnullis
874 1491 1081 1558 obstructum.
1110 1507 1186 1555 nam
1202 1488 1366 1556 Posidonii
1389 1497 1457 1558 tam
1471 1491 1553 1557 mira
1569 1491 1697 1558 videtur

332 1590 504 1676 sententia,
528 1599 563 1657 ut
585 1591 731 1658 Zellerus
753 1614 885 1676 prorsus
910 1590 1167 1678 desperaverit¹
1202 1591 1338 1658 forsitan
1361 1593 1519 1660 audatiae
1546 1592 1697 1659 videatur

334 1693 544 1759 dissuadente
565 1694 622 1759 illo
645 1694 822 1779 perieulum
844 1696 960 1762 iacere.
1010 1694 1068 1761 sed
1089 1692 1207 1760 faciam
1230 1700 1350 1762 tamem
1394 1695 1565 1763 duodecim
1586 1703 1698 1780 partes

333 1795 482 1862 bifariam
497 1795 695 1880 scinduntur,
718 1816 796 1881 ergo
812 1817 911 1864 senae
926 1797 1052 1880 utrique
1068 1795 1162 1861 titulo
1177 1796 1369 1865 tribuuntur.
1403 1797 1494 1882 atqui
1512 1815 1571 1863 sex
1585 1803 1697 1881 partes

334 1904 547 1984 proposuerat
572 1899 751 1966 Panaetius
778 1907 851 1966 aeto
878 1899 1020 1984 vulgatis
1048 1901 1081 1963 τὸ
1109 1901 1273 1985 φωνητικὸν
1300 1907 1333 1967 et
1358 1903 1392 1965 τὸ
1422 1901 1616 1986 σπερματικὸν
1643 1899 1698 1966 de

332 2002 474 2069 trahens.
519 2000 657 2068 eandem
679 2002 838 2070 rationem
860 2008 989 2070 secutus
1017 2008 1088 2067 erat
1108 2000 1318 2068 Mnesarchus
1341 2001 1491 2068 Panaetii
1519 2021 1696 2068 successor.

335 2103 449 2170 Galen.
466 2102 498 2168 h.
514 2101 592 2186 phil.
612 2123 639 2168 a.
647 2103 689 2169 24
708 2123 739 2187 p.
750 2105 811 2170 257
823 2105 863 2171 K.
887 2104 1067 2190 Μνήσαρχος
1089 2105 1122 2167 δὲ
1144 2105 1195 2188 τὴν
1216 2105 1355 2168 Στωικῶν
1378 2105 1521 2189 ὑπόληψιν
1544 2104 1697 2190 ἐπικρίνων

333 2207 367 2268 τὸ
382 2207 545 2290 φωνητικὸν
559 2207 608 2270 καὶ
622 2209 656 2270 τὸ
672 2211 865 2290 σπερματικὸν
880 2210 1020 2294 περιεῖλεν
1036 2206 1147 2290 οἰηθεὶς
1161 2212 1214 2291 τῆς
1235 2205 1410 2291 αἰσθητικῆς
1432 2207 1582 2289 δυνάμεως
1603 2211 1695 2270 ταῦτα

334 2308 402 2392 (μὴ)
431 2308 573 2394 μετέχειν.
619 2309 693 2394 μέρη
721 2309 754 2372 δὲ
775 2316 827 2395 τῆς
849 2315 948 2396 ψυχῆς
969 2309 1060 2396 ᾠήθη
1083 2308 1170 2392 μόνον
1193 2311 1226 2372 τὸ
1249 2311 1364 2391 λογικὸν
1387 2309 1434 2372 καὶ
1457 2311 1491 2373 τὸ
1514 2307 1696 2392 αἰσθητικόν.

334 2409 355 2476 i.
371 2431 399 2476 e.
424 2409 565 2493 quinque
587 2429 702 2476 sensus
724 2417 756 2476 et
778 2412 967 2496 principale.
1000 2411 1109 2477 iamne
1131 2417 1270 2496 apparet
1291 2409 1453 2492 quomodo
1469 2409 1504 2474 in
1524 2409 1696 2476 ridiculum

335 2511 377 2576 sit
399 2531 542 2578 errorem
564 2512 680 2577 ductus
702 2512 946 2580 Tertullianus?
978 2532 1096 2596 nempe
1118 2511 1312 2581 Posidonius
1334 2529 1392 2578 sex
1415 2511 1564 2578 Panaetii
1586 2519 1697 2596 parles

241 2677 251 2684 .
335 2615 505 2698 amplexus
527 2613 723 2696 generaliter
745 2614 870 2681 addidit
892 2619 926 2680 τὸ
949 2616 1119 2700 αἰσθητικὸν
1142 2617 1191 2680 καὶ
1213 2617 1246 2679 τὸ
1262 2615 1376 2697 λογικὸν
1392 2614 1412 2697 ἢ
1428 2615 1601 2698 ἡγεμονικόν
1615 2633 1697 2698 quos

334 2715 446 2782 titulos
471 2735 542 2782 aum
575 2715 663 2782 senis
691 2715 755 2782 illis
783 2715 927 2802 singulos
955 2720 1063 2784 inesse
1092 2717 1240 2784 erederet
1268 2717 1312 2782 ad
1338 2715 1502 2798 ingentem
1529 2735 1695 2783 numeram

335 2818 493 2902 pervenit.
527 2817 602 2884 hino
624 2819 729 2884 altera
751 2821 923 2904 pullulavit
944 2821 1031 2886 illius
1053 2818 1200 2902 stribligo
1222 2818 1315 2902 quasi
1337 2818 1403 2884 ullo
1419 2817 1515 2884 modo
1530 2820 1644 2903 λογικόν
1665 2825 1699 2884 et

335 2921 507 3004 ἡγεμονικόν
529 2919 674 2986 distaret.
708 2920 824 2987 eadem
846 2921 1053 3007 simplicitate
1074 2921 1118 2987 ad
1141 2921 1309 2987 denarium
1324 2919 1505 2986 Stoicorum
1527 2939 1696 2987 numerum

335 3023 523 3089 diluendum
545 3023 681 3088 venitur.
724 3023 811 3090 idem
834 3024 978 3090 Galenus
1000 3043 1131 3090 manum
1153 3022 1338 3089 commodat
1359 3042 1391 3106 p.
1407 3023 1480 3088 256.
1517 3023 1643 3088 Στωικαὶ
1664 3024 1699 3088 a

335 3125 462 3210 τέσσαρα
490 3125 565 3209 μέρη
591 3130 644 3210 τῆς
666 3131 764 3212 ψυχῆς
785 3126 858 3191 εἶναι
885 3149 957 3212 φασι
979 3129 1093 3212 λογικὸν
1123 3125 1292 3210 αἰσθητικὸν
1314 3126 1479 3210 pomula
1502 3125 1696 3211 σπερματικόν

233 3255 236 3264 ·
336 3225 387 3314 [oi.
405 3229 534 3294 Nemes.
552 3228 592 3292 15
608 3248 638 3310 p.
655 3225 718 3313 96].
742 3227 946 3311 quibusoam
962 3229 1077 3296 eodem
1092 3245 1202 3294 errore
1216 3225 1366 3292 Panaetii
1381 3246 1440 3293 sex
1454 3226 1601 3313 adderet,
1617 3246 1698 3294 sane

335 3328 447 3397 decem
470 3329 587 3396 effecit

422 3431 488 3499 Sed
510 3431 553 3498 sit
575 3419 797 3500 Tertullianus
814 3433 849 3498 in
871 3433 922 3500 his
943 3433 1079 3518 argutiis
1107 3429 1253 3497 inscitius
1280 3435 1446 3516 versatus,
1472 3437 1582 3499 tamen
1608 3447 1700 3517 prae·

337 3535 425 3600 claro
456 3553 533 3601 usus
561 3541 610 3600 est
636 3533 728 3602 libro.
773 3535 863 3602 euius
896 3542 1010 3602 auotor
1042 3534 1127 3600 inter
1159 3537 1307 3598 vetustos
1339 3532 1551 3618 philosophos
1582 3532 1700 3598 iniuria

337 3637 480 3702 occultus
505 3636 636 3704 iamiam
663 3637 801 3721 prodeat
829 3657 881 3703 ras
907 3656 984 3702 suae
1011 3634 1216 3720 repetiturum.
1260 3653 1403 3702 names
1431 3643 1482 3703 ast
1507 3634 1699 3720 compilator

336 3738 436 3804 animi
458 3739 610 3823 candore,
633 3745 669 3804 ut
690 3759 732 3804 ne
754 3739 914 3804 tantinum
937 3738 1068 3823 quidem
1090 3735 1303 3802 dubitationis
1323 3757 1419 3822 quem
1442 3743 1631 3822 sequeretur
1652 3756 1700 3803 re

335 3840 473 3925 liquerit
509 3840 679 3906 Soranus
694 3840 857 3925 Ephesius
872 3840 1064 3924 Stoicorum,
1086 3845 1122 3904 ut
1144 3837 1283 3918 videtur,
1305 3840 1491 3924 opinionem
1512 3840 1647 3908 tradem
1667 3845 1701 3904 et

337 3943 388 4009 hio
411 3950 444 4009 et
465 3961 564 4026 supra
584 3943 632 4009 ita
654 3949 866 4029 monstratur,
895 3951 931 4009 ut
956 3944 1101 4028 apertius
1122 3961 1189 4007 non
1210 3939 1350 4024 possit¹
1392 3951 1503 4011 umen
1528 3960 1604 4008 rara
1630 3939 1700 4008 eius

409 4115 415 4146 ¹
436 4117 478 4167 111
493 4116 515 4180 l,
529 4112 597 4168 517²
609 4114 744 4167 iauiasocs't
762 4115 848 4168 dieser
867 4115 996 4166 auuolsmc
1014 4115 1097 4166 aclea
1110 4114 1170 4166 dens
1183 4112 1467 4176 missusrstlladlichcu‚
1486 4130 1539 4166 was
1552 4113 1589 4166 sic
1602 4129 1635 4164 su
1646 4121 1699 4164 cat·

335 4203 426 4254 halica
446 4203 552 4264 scholas,
571 4201 692 4268 richtipss
711 4219 744 4253 aa
760 4203 866 4270 pruads
887 4201 958 4270 licat,
975 4209 1087 4270 patrous
1106 4201 1149 4253 ich
1168 4201 1219 4252 mir
1236 4199 1309 4252 aicht
1327 4217 1360 4253 au
1378 4191 1555 4253 satsohcidea'.

407 4289 418 4322 ²
436 4309 457 4343 c.
474 4289 506 4344 15
525 4299 654 4342 exuemus
672 4297 697 4340 ct
716 4290 769 4353 ipsc
787 4288 915 4341 dorcam.
943 4291 1060 4340 similiter
1079 4305 1100 4340 c.
1114 4285 1149 4341 25
1168 4297 1227 4354 post
1245 4291 1354 4354 optimas
1373 4289 1532 4341 medicorum
1551 4291 1700 4340 memorias:

336 4379 384 4430 hac
401 4378 445 4442 [da
464 4380 638 4430 instrumentis
656 4381 727 4428 velut
745 4375 919 4440 anulocultro,
939 4375 1022 4428 haisti
1037 4391 1114 4438 auso,
1138 4374 1388 4444 ἑμβραααφαιιπη
1407 4375 1533 4441 loquitur]
1552 4383 1576 4426 st
1594 4371 1700 4441 Hippo·

336 4475 420 4517 αππιαν
438 4465 531 4517 habuis
556 4475 578 4515 st
604 4463 774 4529 Asclepiades
799 4472 823 4512 ct
850 4459 1032 4514 Erasistratus
1056 4462 1227 4514 etmalorum
1246 4462 1277 4527 [l.
1297 4463 1430 4527 rivorum]
1448 4477 1553 4530 quoque
1567 4468 1703 4530 prusam

336 4550 498 4621 llcrophilus
516 4563 542 4604 et
560 4553 648 4605 mitior·
672 4553 727 4617 ipss
746 4549 875 4602 Soranus.
914 4565 975 4614 ergo
1002 4552 1076 4601 istius
1098 4553 1213 4602 manavit
1238 4567 1260 4600 c.
1276 4549 1308 4601 10
1331 4547 1490 4614 Herophilus
1514 4547 1560 4600 ills
1582 4548 1702 4600 modim

336 4649 382 4694 aul
399 4639 500 4704 lanius,
521 4642 569 4708 qui
591 4649 721 4692 assusatus
741 4637 854 4690 assessis
877 4646 907 4686 ut
925 4644 1052 4688 naturam
1077 4645 1244 4688 scrutaretur
1262 4635 1308 4702 qui
1323 4635 1455 4690 honhsas
1473 4635 1528 4690 odit
1546 4635 1577 4700 [l.
1596 4635 1704 4700 oceidit]

336 4738 361 4779 ut
379 4737 472 4792 nosset,
491 4729 580 4780 nescio
599 4745 635 4778 aa
652 4726 741 4778 amaia
754 4725 860 4776 iuterna
873 4723 928 4774 cius
941 4722 1046 4793 liquido
1065 4722 1214 4790 suploraoit
1232 4723 1295 4790 ipsa
1311 4733 1395 4777 asarta
1412 4730 1528 4776 mutassis
1547 4739 1617 4788 puae
1634 4722 1703 4774 sias·

335 4825 397 4868 raas
409 4815 447 4880 [i]
460 4823 484 4868 ct
509 4824 591 4866 morto
614 4829 666 4866 noa
689 4810 800 4875 simplici
818 4810 866 4864 ssd
883 4810 944 4876 ipsa
962 4810 1032 4863 intas·
1044 4810 1161 4868 ualidus
1179 4809 1334 4862 medianis
1353 4819 1470 4864 mauu.
1484 4807 1641 4877 philosophi
1653 4817 1702 4862 cte.

337 4903 464 4956 Soranum
482 4903 641 4953 medicorum
659 4901 781 4950 historiae
801 4915 905 4964 operam
924 4913 1033 4950 nasama
1052 4915 1086 4952 ex
1104 4899 1209 4950 scholiis
1227 4899 1344 4952 Orihssii
1356 4901 1399 4951 111
1412 4897 1462 4954 tel
1481 4898 1605 4951 noema
1624 4898 1702 4948 disci·

337 5007 400 5050 mus,
421 4991 463 5039 ubi
478 4987 553 5038 'illum
573 4986 599 5037 ἐν
616 4990 670 5042 ταῖς
687 4989 740 5037 τῶν
759 4985 851 5054 ἰατρῶν
869 4984 996 5054 διαδοχαῖς
1014 4991 1101 5039 citant.
