<?xml version="1.0" encoding="UTF-8"?>
<!DOCTYPE html PUBLIC "-//W3C//DTD XHTML 1.0 Transitional//EN"
    "http://www.w3.org/TR/xhtml1/DTD/xhtml1-transitional.dtd">
<html xmlns="http://www.w3.org/1999/xhtml" xml:lang="en" lang="en">
 <head>
  <title>
</title>
<meta http-equiv="Content-Type" content="text/html;charset=utf-8" />
  <meta name='ocr-system' content='tesseract 3.04.00' />
  <meta name='ocr-capabilities' content='ocr_page ocr_carea ocr_par ocr_line ocrx_word'/>
</head>
<body>
  <div class='ocr_page' id='page_1' title='image "./doxographigraec01dielgoog/doxographigraec01dielgoog_0536.png"; bbox 0 0 3708 5738; ppageno 0'>
   <div class='ocr_carea' id='block_1_1' title="bbox 511 389 1518 454">
    <p class='ocr_par' dir='ltr' id='par_1_1' title="bbox 511 389 1518 454">
     <span class='ocr_line' id='line_1_1' title="bbox 511 389 1518 454; baseline 0.001 -13"><span class='ocrx_word' id='word_1_1' title='bbox 511 389 769 442; x_wconf 74' lang='lat' dir='ltr'>mennnnnn</span> <span class='ocrx_word' id='word_1_2' title='bbox 787 391 838 441; x_wconf 83' lang='lat' dir='ltr'>nn</span> <span class='ocrx_word' id='word_1_3' title='bbox 857 391 1030 445; x_wconf 79' lang='lat' dir='ltr'>snnsmns</span> <span class='ocrx_word' id='word_1_4' title='bbox 1048 390 1179 454; x_wconf 74' lang='lat' dir='ltr'>err-ne</span> <span class='ocrx_word' id='word_1_5' title='bbox 1460 391 1518 454; x_wconf 80' lang='lat'>521</span> 
     </span>
    </p>
   </div>
   <div class='ocr_carea' id='block_1_2' title="bbox 99 557 1522 3317">
    <p class='ocr_par' dir='ltr' id='par_1_2' title="bbox 99 557 1522 3317">
     <span class='ocr_line' id='line_1_2' title="bbox 209 557 1471 645; baseline 0 -21"><span class='ocrx_word' id='word_1_6' title='bbox 209 559 243 624; x_wconf 85' lang='grc' dir='ltr'>ἀν</span> <span class='ocrx_word' id='word_1_7' title='bbox 267 561 308 644; x_wconf 88' lang='grc' dir='ltr'>μὴ</span> <span class='ocrx_word' id='word_1_8' title='bbox 331 560 424 645; x_wconf 82' lang='grc' dir='ltr'>τραχὺ</span> <span class='ocrx_word' id='word_1_9' title='bbox 448 557 516 644; x_wconf 85' lang='grc' dir='ltr'>μηδ’</span> <span class='ocrx_word' id='word_1_10' title='bbox 544 559 699 644; x_wconf 87' lang='grc' dir='ltr'>ἐπισκιάζη</span> <span class='ocrx_word' id='word_1_11' title='bbox 718 561 792 644; x_wconf 80' lang='grc' dir='ltr'>μηδὲ</span> <span class='ocrx_word' id='word_1_12' title='bbox 807 561 957 626; x_wconf 91' lang='grc' dir='ltr'>δυσδίοδον</span> <span class='ocrx_word' id='word_1_13' title='bbox 972 558 1005 643; x_wconf 73' lang='grc' dir='ltr'>ᾖ,</span> <span class='ocrx_word' id='word_1_14' title='bbox 1027 565 1155 624; x_wconf 82' lang='grc' dir='ltr'>τοιοῦτον</span> <span class='ocrx_word' id='word_1_15' title='bbox 1170 565 1227 624; x_wconf 84' lang='grc' dir='ltr'>πᾶν</span> <span class='ocrx_word' id='word_1_16' title='bbox 1242 563 1374 645; x_wconf 86' lang='grc' dir='ltr'>λαμπρὸν</span> <span class='ocrx_word' id='word_1_17' title='bbox 1390 559 1471 624; x_wconf 79' lang='grc' dir='ltr'>εἶναι.</span> 
     </span>
     <span class='ocr_line' id='line_1_3' title="bbox 210 662 1474 748; baseline 0 -22"><span class='ocrx_word' id='word_1_18' title='bbox 210 665 255 726; x_wconf 89' lang='grc' dir='ltr'>δεῖ</span> <span class='ocrx_word' id='word_1_19' title='bbox 280 664 313 726; x_wconf 91' lang='grc' dir='ltr'>δέ</span> <span class='ocrx_word' id='word_1_20' title='bbox 339 663 388 726; x_wconf 81' lang='grc' dir='ltr'>καί</span> <span class='ocrx_word' id='word_1_21' title='bbox 419 663 587 746; x_wconf 88' lang='grc' dir='ltr'>εύθύτρυπα</span> <span class='ocrx_word' id='word_1_22' title='bbox 613 663 662 726; x_wconf 86' lang='grc' dir='ltr'>καὶ</span> <span class='ocrx_word' id='word_1_23' title='bbox 689 664 791 748; x_wconf 84' lang='grc' dir='ltr'>διαυγῆ</span> <span class='ocrx_word' id='word_1_24' title='bbox 818 665 855 728; x_wconf 85' lang='grc' dir='ltr'>τὰ</span> <span class='ocrx_word' id='word_1_25' title='bbox 880 663 1001 747; x_wconf 81' lang='grc' dir='ltr'>λαμπρὰ</span> <span class='ocrx_word' id='word_1_26' title='bbox 1029 662 1111 727; x_wconf 86' lang='grc' dir='ltr'>εἶναι.</span> <span class='ocrx_word' id='word_1_27' title='bbox 1154 664 1191 727; x_wconf 84' lang='grc' dir='ltr'>τὰ</span> <span class='ocrx_word' id='word_1_28' title='bbox 1213 665 1265 747; x_wconf 85' lang='grc' dir='ltr'>μέν</span> <span class='ocrx_word' id='word_1_29' title='bbox 1288 663 1338 728; x_wconf 84' lang='grc' dir='ltr'>ούν</span> <span class='ocrx_word' id='word_1_30' title='bbox 1361 662 1474 747; x_wconf 85' lang='grc' dir='ltr'>σκληρὰ</span> 
     </span>
     <span class='ocr_line' id='line_1_4' title="bbox 208 765 1473 850; baseline 0.001 -23"><span class='ocrx_word' id='word_1_31' title='bbox 208 768 266 828; x_wconf 91' lang='grc' dir='ltr'>τῶν</span> <span class='ocrx_word' id='word_1_32' title='bbox 294 767 405 830; x_wconf 79' lang='grc' dir='ltr'>λευκῶν</span> <span class='ocrx_word' id='word_1_33' title='bbox 432 766 466 830; x_wconf 86' lang='grc' dir='ltr'>ἐκ</span> <span class='ocrx_word' id='word_1_34' title='bbox 494 765 632 830; x_wconf 83' lang='grc' dir='ltr'><strong>τοιούτων</strong></span> <span class='ocrx_word' id='word_1_35' title='bbox 660 766 820 850; x_wconf 78' lang='grc' dir='ltr'>σχημάτων</span> <span class='ocrx_word' id='word_1_36' title='bbox 848 765 1017 850; x_wconf 90' lang='grc' dir='ltr'>συγκεῖσθαι</span> <span class='ocrx_word' id='word_1_37' title='bbox 1047 765 1108 830; x_wconf 85' lang='grc' dir='ltr'><strong>οἷον</strong></span> <span class='ocrx_word' id='word_1_38' title='bbox 1141 767 1161 850; x_wconf 80' lang='grc' dir='ltr'>ἡ</span> <span class='ocrx_word' id='word_1_39' title='bbox 1194 768 1274 838; x_wconf 90' lang='grc' dir='ltr'>ἐντδς</span> <span class='ocrx_word' id='word_1_40' title='bbox 1308 765 1381 836; x_wconf 81' lang='grc' dir='ltr'>πλδξ</span> <span class='ocrx_word' id='word_1_41' title='bbox 1414 769 1473 828; x_wconf 92' lang='grc' dir='ltr'>τῶν</span> 
     </span>
     <span class='ocr_line' id='line_1_5' title="bbox 208 865 1474 954; baseline -0.001 -24"><span class='ocrx_word' id='word_1_42' title='bbox 208 868 385 953; x_wconf 76' lang='grc' dir='ltr'><strong>κογχυλίων·</strong></span> <span class='ocrx_word' id='word_1_43' title='bbox 420 869 497 932; x_wconf 89' lang='grc' dir='ltr'>ούτω</span> <span class='ocrx_word' id='word_1_44' title='bbox 524 868 579 952; x_wconf 85' lang='grc' dir='ltr'>γάρ</span> <span class='ocrx_word' id='word_1_45' title='bbox 606 865 640 930; x_wconf 90' lang='grc' dir='ltr'>ἀν</span> <span class='ocrx_word' id='word_1_46' title='bbox 667 866 755 931; x_wconf 86' lang='grc' dir='ltr'>ἄσκια</span> <span class='ocrx_word' id='word_1_47' title='bbox 781 869 830 934; x_wconf 80' lang='grc' dir='ltr'>καὶ</span> <span class='ocrx_word' id='word_1_48' title='bbox 856 868 947 952; x_wconf 79' lang='grc' dir='ltr'>εὐαγῆ</span> <span class='ocrx_word' id='word_1_49' title='bbox 974 869 1022 931; x_wconf 88' lang='grc' dir='ltr'>καὶ</span> <span class='ocrx_word' id='word_1_50' title='bbox 1050 869 1199 954; x_wconf 77' lang='grc' dir='ltr'><strong>εὐθύπορα</strong></span> <span class='ocrx_word' id='word_1_51' title='bbox 1225 870 1309 934; x_wconf 79' lang='grc' dir='ltr'>εἶναι.</span> <span class='ocrx_word' id='word_1_52' title='bbox 1352 869 1388 932; x_wconf 84' lang='grc' dir='ltr'>τά</span> <span class='ocrx_word' id='word_1_53' title='bbox 1413 865 1474 951; x_wconf 73' lang='grc' dir='ltr'>(δὲ)</span> 
     </span>
     <span class='ocr_line' id='line_1_6' title="bbox 182 967 1473 1057; baseline -0.003 -21"><span class='ocrx_word' id='word_1_54' title='bbox 182 970 331 1054; x_wconf 76' lang='grc' dir='ltr'>ιψαθυρά</span> <span class='ocrx_word' id='word_1_55' title='bbox 352 971 400 1034; x_wconf 81' lang='grc' dir='ltr'>καὶ</span> <span class='ocrx_word' id='word_1_56' title='bbox 423 968 573 1054; x_wconf 79' lang='grc' dir='ltr'>εὔθρυπτα</span> <span class='ocrx_word' id='word_1_57' title='bbox 595 969 629 1033; x_wconf 86' lang='grc' dir='ltr'>ἐκ</span> <span class='ocrx_word' id='word_1_58' title='bbox 650 973 813 1054; x_wconf 89' lang='grc' dir='ltr'>περιφερῶν</span> <span class='ocrx_word' id='word_1_59' title='bbox 837 970 889 1051; x_wconf 87' lang='grc' dir='ltr'>μέν</span> <span class='ocrx_word' id='word_1_60' title='bbox 911 967 1002 1038; x_wconf 86' lang='grc' dir='ltr'>λοξῶν</span> <span class='ocrx_word' id='word_1_61' title='bbox 1031 971 1064 1033; x_wconf 83' lang='grc' dir='ltr'>δὲ</span> <span class='ocrx_word' id='word_1_62' title='bbox 1088 975 1126 1053; x_wconf 80' lang='grc' dir='ltr'>τῇ</span> <span class='ocrx_word' id='word_1_63' title='bbox 1155 971 1236 1036; x_wconf 81' lang='grc' dir='ltr'>θέσει</span> <span class='ocrx_word' id='word_1_64' title='bbox 1262 973 1334 1057; x_wconf 90' lang='grc' dir='ltr'>πρδς</span> <span class='ocrx_word' id='word_1_65' title='bbox 1361 969 1473 1053; x_wconf 88' lang='grc' dir='ltr'>ἀλληλα</span> 
     </span>
     <span class='ocr_line' id='line_1_7' title="bbox 209 1069 1473 1158; baseline -0.002 -22"><span class='ocrx_word' id='word_1_66' title='bbox 209 1073 258 1136; x_wconf 77' lang='grc' dir='ltr'>καὶ</span> <span class='ocrx_word' id='word_1_67' title='bbox 286 1071 360 1136; x_wconf 82' lang='grc' dir='ltr'>κατὰ</span> <span class='ocrx_word' id='word_1_68' title='bbox 388 1073 440 1136; x_wconf 92' lang='grc' dir='ltr'>δύο</span> <span class='ocrx_word' id='word_1_69' title='bbox 462 1071 601 1150; x_wconf 87' lang='grc' dir='ltr'>συζεύξει,</span> <span class='ocrx_word' id='word_1_70' title='bbox 630 1070 730 1156; x_wconf 83' lang='grc' dir='ltr'>τὴνδ’</span> <span class='ocrx_word' id='word_1_71' title='bbox 759 1073 829 1156; x_wconf 89' lang='grc' dir='ltr'>όλην</span> <span class='ocrx_word' id='word_1_72' title='bbox 851 1070 927 1142; x_wconf 90' lang='grc' dir='ltr'>τάξιν</span> <span class='ocrx_word' id='word_1_73' title='bbox 952 1069 1031 1156; x_wconf 85' lang='grc' dir='ltr'>ἔχειν</span> <span class='ocrx_word' id='word_1_74' title='bbox 1054 1073 1098 1136; x_wconf 90' lang='grc' dir='ltr'>ότι</span> <span class='ocrx_word' id='word_1_75' title='bbox 1122 1075 1246 1156; x_wconf 76' lang='grc' dir='ltr'>μαλιστα</span> <span class='ocrx_word' id='word_1_76' title='bbox 1269 1075 1382 1158; x_wconf 80' lang='grc' dir='ltr'><strong>ὁμοίαν.</strong></span> <span class='ocrx_word' id='word_1_77' title='bbox 1418 1095 1473 1134; x_wconf 91' lang='grc' dir='ltr'>τοι-</span> 
     </span>
     <span class='ocr_line' id='line_1_8' title="bbox 210 1172 1473 1262; baseline -0.001 -23"><span class='ocrx_word' id='word_1_78' title='bbox 210 1176 303 1240; x_wconf 93' lang='grc' dir='ltr'>ούτων</span> <span class='ocrx_word' id='word_1_79' title='bbox 326 1174 351 1240; x_wconf 79' lang='grc' dir='ltr'>δ’</span> <span class='ocrx_word' id='word_1_80' title='bbox 373 1172 463 1238; x_wconf 89' lang='grc' dir='ltr'>όντων</span> <span class='ocrx_word' id='word_1_81' title='bbox 487 1173 605 1258; x_wconf 81' lang='grc' dir='ltr'>ψαθυρὰ</span> <span class='ocrx_word' id='word_1_82' title='bbox 629 1175 681 1256; x_wconf 78' lang='grc' dir='ltr'>μὲν</span> <span class='ocrx_word' id='word_1_83' title='bbox 703 1173 786 1254; x_wconf 85' lang='grc' dir='ltr'>είναι,</span> <span class='ocrx_word' id='word_1_84' title='bbox 809 1175 881 1238; x_wconf 83' lang='grc' dir='ltr'>διότι</span> <span class='ocrx_word' id='word_1_85' title='bbox 903 1176 978 1239; x_wconf 85' lang='grc' dir='ltr'>κατὰ</span> <span class='ocrx_word' id='word_1_86' title='bbox 1000 1177 1100 1260; x_wconf 91' lang='grc' dir='ltr'>μικρδν</span> <span class='ocrx_word' id='word_1_87' title='bbox 1123 1179 1142 1261; x_wconf 77' lang='grc' dir='ltr'>ἡ</span> <span class='ocrx_word' id='word_1_88' title='bbox 1167 1177 1299 1262; x_wconf 84' lang='grc' dir='ltr'>σύναψις·</span> <span class='ocrx_word' id='word_1_89' title='bbox 1323 1175 1473 1260; x_wconf 83' lang='grc' dir='ltr'>εὔθρυπτα</span> 
     </span>
     <span class='ocr_line' id='line_1_9' title="bbox 207 1275 1473 1364; baseline 0.001 -23"><span class='ocrx_word' id='word_1_90' title='bbox 207 1275 249 1355; x_wconf 84' lang='grc' dir='ltr'>δ’,</span> <span class='ocrx_word' id='word_1_91' title='bbox 272 1277 316 1342; x_wconf 85' lang='grc' dir='ltr'>ότι</span> <span class='ocrx_word' id='word_1_92' title='bbox 340 1275 448 1360; x_wconf 82' lang='grc' dir='ltr'>ὁμοίαις</span> <span class='ocrx_word' id='word_1_93' title='bbox 470 1279 593 1340; x_wconf 87' lang='grc' dir='ltr'>κεῖνται·</span> <span class='ocrx_word' id='word_1_94' title='bbox 615 1275 702 1341; x_wconf 82' lang='grc' dir='ltr'>ἄσκια</span> <span class='ocrx_word' id='word_1_95' title='bbox 724 1276 767 1354; x_wconf 86' lang='grc' dir='ltr'>δέ,</span> <span class='ocrx_word' id='word_1_96' title='bbox 791 1277 863 1342; x_wconf 84' lang='grc' dir='ltr'>διότι</span> <span class='ocrx_word' id='word_1_97' title='bbox 885 1280 950 1342; x_wconf 86' lang='grc' dir='ltr'>λεῖα</span> <span class='ocrx_word' id='word_1_98' title='bbox 971 1279 1020 1342; x_wconf 83' lang='grc' dir='ltr'>καὶ</span> <span class='ocrx_word' id='word_1_99' title='bbox 1042 1279 1167 1343; x_wconf 82' lang='grc' dir='ltr'>πλατέα·</span> <span class='ocrx_word' id='word_1_100' title='bbox 1193 1279 1350 1364; x_wconf 83' lang='grc' dir='ltr'>λευκότερα</span> <span class='ocrx_word' id='word_1_101' title='bbox 1372 1277 1397 1342; x_wconf 81' lang='grc' dir='ltr'>δ’</span> <span class='ocrx_word' id='word_1_102' title='bbox 1425 1279 1473 1343; x_wconf 92' lang='grc' dir='ltr'>ἀλ-</span> 
     </span>
     <span class='ocr_line' id='line_1_10' title="bbox 207 1378 1472 1466; baseline 0.001 -23"><span class='ocrx_word' id='word_1_103' title='bbox 207 1382 304 1465; x_wconf 81' lang='grc' dir='ltr'>λήλων</span> <span class='ocrx_word' id='word_1_104' title='bbox 326 1383 369 1465; x_wconf 76' lang='grc' dir='ltr'>τῷ</span> <span class='ocrx_word' id='word_1_105' title='bbox 392 1378 429 1442; x_wconf 80' lang='grc' dir='ltr'>τὰ</span> <span class='ocrx_word' id='word_1_106' title='bbox 451 1380 592 1464; x_wconf 86' lang='grc' dir='ltr'>σχήματα</span> <span class='ocrx_word' id='word_1_107' title='bbox 613 1379 650 1444; x_wconf 80' lang='grc' dir='ltr'>τό</span> <span class='ocrx_word' id='word_1_108' title='bbox 671 1379 809 1464; x_wconf 81' lang='grc' dir='ltr'>εἰρημένα</span> <span class='ocrx_word' id='word_1_109' title='bbox 830 1381 879 1444; x_wconf 84' lang='grc' dir='ltr'>καὶ</span> <span class='ocrx_word' id='word_1_110' title='bbox 907 1381 1096 1466; x_wconf 84' lang='grc' dir='ltr'>ἀκριβέστερα</span> <span class='ocrx_word' id='word_1_111' title='bbox 1123 1383 1171 1446; x_wconf 79' lang='grc' dir='ltr'>καί</span> <span class='ocrx_word' id='word_1_112' title='bbox 1198 1381 1372 1466; x_wconf 88' lang='grc' dir='ltr'>ἀμιγέστερα</span> <span class='ocrx_word' id='word_1_113' title='bbox 1399 1381 1472 1444; x_wconf 82' lang='grc' dir='ltr'>εἶναι</span> 
     </span>
     <span class='ocr_line' id='line_1_11' title="bbox 170 1479 1522 1569; baseline -0.002 -21"><span class='ocrx_word' id='word_1_114' title='bbox 170 1510 194 1550; x_wconf 87' lang='grc' dir='ltr'>ιο</span> <span class='ocrx_word' id='word_1_115' title='bbox 211 1485 260 1547; x_wconf 86' lang='grc' dir='ltr'>καὶ</span> <span class='ocrx_word' id='word_1_116' title='bbox 282 1484 335 1568; x_wconf 80' lang='grc' dir='ltr'>τὴν</span> <span class='ocrx_word' id='word_1_117' title='bbox 357 1480 434 1550; x_wconf 88' lang='grc' dir='ltr'>τάξιν</span> <span class='ocrx_word' id='word_1_118' title='bbox 457 1483 506 1545; x_wconf 85' lang='grc' dir='ltr'>καὶ</span> <span class='ocrx_word' id='word_1_119' title='bbox 533 1482 585 1566; x_wconf 78' lang='grc' dir='ltr'>τὴν</span> <span class='ocrx_word' id='word_1_120' title='bbox 615 1481 697 1546; x_wconf 89' lang='grc' dir='ltr'>θέσιν</span> <span class='ocrx_word' id='word_1_121' title='bbox 725 1479 803 1567; x_wconf 86' lang='grc' dir='ltr'>ἔχειν</span> <span class='ocrx_word' id='word_1_122' title='bbox 832 1485 941 1566; x_wconf 82' lang='grc' dir='ltr'>μᾶλλον</span> <span class='ocrx_word' id='word_1_123' title='bbox 967 1485 1020 1568; x_wconf 84' lang='grc' dir='ltr'>τὴν</span> <span class='ocrx_word' id='word_1_124' title='bbox 1045 1485 1209 1569; x_wconf 79' lang='grc' dir='ltr'>εἰρημένην.</span> <span class='ocrx_word' id='word_1_125' title='bbox 1361 1485 1394 1548; x_wconf 91' lang='grc' dir='ltr'>τδ</span> <span class='ocrx_word' id='word_1_126' title='bbox 1418 1485 1470 1567; x_wconf 82' lang='grc' dir='ltr'>μὲν</span> <span class='ocrx_word' id='word_1_127' title='bbox 1488 1493 1522 1545; x_wconf 79' lang='grc'>74</span> 
     </span>
     <span class='ocr_line' id='line_1_12' title="bbox 212 1571 1473 1672; baseline 0 -22"><span class='ocrx_word' id='word_1_128' title='bbox 212 1585 262 1650; x_wconf 84' lang='grc' dir='ltr'>οὖν</span> <span class='ocrx_word' id='word_1_129' title='bbox 293 1587 396 1650; x_wconf 90' lang='grc' dir='ltr'>λευκδν</span> <span class='ocrx_word' id='word_1_130' title='bbox 431 1585 465 1648; x_wconf 87' lang='grc' dir='ltr'>ἐκ</span> <span class='ocrx_word' id='word_1_131' title='bbox 498 1585 637 1650; x_wconf 92' lang='grc' dir='ltr'>τοιούτων</span> <span class='ocrx_word' id='word_1_132' title='bbox 669 1584 741 1649; x_wconf 79' lang='grc' dir='ltr'>εἶναι</span> <span class='ocrx_word' id='word_1_133' title='bbox 772 1571 946 1672; x_wconf 81' lang='grc' dir='ltr'>σχημάτων.</span> <span class='ocrx_word' id='word_1_134' title='bbox 983 1587 1017 1650; x_wconf 92' lang='grc' dir='ltr'>τδ</span> <span class='ocrx_word' id='word_1_135' title='bbox 1051 1587 1084 1650; x_wconf 86' lang='grc' dir='ltr'>δὲ</span> <span class='ocrx_word' id='word_1_136' title='bbox 1117 1588 1207 1670; x_wconf 80' lang='grc' dir='ltr'>μέλαν</span> <span class='ocrx_word' id='word_1_137' title='bbox 1240 1588 1274 1652; x_wconf 87' lang='grc' dir='ltr'>ἐκ</span> <span class='ocrx_word' id='word_1_138' title='bbox 1303 1591 1362 1650; x_wconf 93' lang='grc' dir='ltr'>τῶν</span> <span class='ocrx_word' id='word_1_139' title='bbox 1396 1587 1473 1650; x_wconf 87' lang='grc' dir='ltr'>ἐναν-</span> 
     </span>
     <span class='ocr_line' id='line_1_13' title="bbox 209 1687 1470 1776; baseline 0 -24"><span class='ocrx_word' id='word_1_140' title='bbox 209 1689 292 1770; x_wconf 92' lang='grc' dir='ltr'>τίων,</span> <span class='ocrx_word' id='word_1_141' title='bbox 318 1689 352 1753; x_wconf 85' lang='grc' dir='ltr'>ἐκ</span> <span class='ocrx_word' id='word_1_142' title='bbox 378 1687 512 1773; x_wconf 88' lang='grc' dir='ltr'>τραχέων</span> <span class='ocrx_word' id='word_1_143' title='bbox 538 1688 587 1752; x_wconf 83' lang='grc' dir='ltr'>καὶ</span> <span class='ocrx_word' id='word_1_144' title='bbox 621 1689 773 1771; x_wconf 82' lang='grc' dir='ltr'>σκαληνῶν</span> <span class='ocrx_word' id='word_1_145' title='bbox 806 1690 854 1752; x_wconf 83' lang='grc' dir='ltr'>καὶ</span> <span class='ocrx_word' id='word_1_146' title='bbox 888 1687 1046 1774; x_wconf 81' lang='grc' dir='ltr'><strong>ἀνομοίων·</strong></span> <span class='ocrx_word' id='word_1_147' title='bbox 1085 1691 1163 1754; x_wconf 88' lang='grc' dir='ltr'>ούτω</span> <span class='ocrx_word' id='word_1_148' title='bbox 1188 1691 1242 1776; x_wconf 87' lang='grc' dir='ltr'>γὰρ</span> <span class='ocrx_word' id='word_1_149' title='bbox 1276 1690 1310 1754; x_wconf 87' lang='grc' dir='ltr'>ἀν</span> <span class='ocrx_word' id='word_1_150' title='bbox 1343 1691 1470 1762; x_wconf 78' lang='grc' dir='ltr'>σκιάζειν</span> 
     </span>
     <span class='ocr_line' id='line_1_14' title="bbox 207 1789 1472 1878; baseline -0.001 -22"><span class='ocrx_word' id='word_1_151' title='bbox 207 1792 256 1856; x_wconf 87' lang='grc' dir='ltr'>καὶ</span> <span class='ocrx_word' id='word_1_152' title='bbox 282 1792 336 1856; x_wconf 85' lang='grc' dir='ltr'>οὐκ</span> <span class='ocrx_word' id='word_1_153' title='bbox 362 1791 459 1861; x_wconf 87' lang='grc' dir='ltr'>εύθεῖς</span> <span class='ocrx_word' id='word_1_154' title='bbox 486 1789 558 1854; x_wconf 83' lang='grc' dir='ltr'>εἶναι</span> <span class='ocrx_word' id='word_1_155' title='bbox 584 1790 652 1860; x_wconf 82' lang='grc' dir='ltr'>τοὺς</span> <span class='ocrx_word' id='word_1_156' title='bbox 677 1791 785 1875; x_wconf 88' lang='grc' dir='ltr'>πόρους</span> <span class='ocrx_word' id='word_1_157' title='bbox 815 1789 876 1856; x_wconf 79' lang='grc' dir='ltr'>οὐδ’</span> <span class='ocrx_word' id='word_1_158' title='bbox 904 1793 1062 1863; x_wconf 87' lang='grc' dir='ltr'>εύδιόδους.</span> <span class='ocrx_word' id='word_1_159' title='bbox 1106 1791 1148 1856; x_wconf 82' lang='grc' dir='ltr'>ἔτι</span> <span class='ocrx_word' id='word_1_160' title='bbox 1176 1794 1210 1857; x_wconf 81' lang='grc' dir='ltr'>δὲ</span> <span class='ocrx_word' id='word_1_161' title='bbox 1235 1794 1286 1863; x_wconf 83' lang='grc' dir='ltr'>τὰς</span> <span class='ocrx_word' id='word_1_162' title='bbox 1316 1791 1472 1878; x_wconf 85' lang='grc' dir='ltr'>ἀπορροίας</span> 
     </span>
     <span class='ocr_line' id='line_1_15' title="bbox 99 1891 1470 1982; baseline 0 -24"><span class='ocrx_word' id='word_1_163' title='bbox 99 1915 101 1923; x_wconf 78' lang='grc'>’</span> <span class='ocrx_word' id='word_1_164' title='bbox 207 1895 312 1964; x_wconf 86' lang='grc' dir='ltr'>νωθεῖς</span> <span class='ocrx_word' id='word_1_165' title='bbox 334 1894 382 1958; x_wconf 84' lang='grc' dir='ltr'>καὶ</span> <span class='ocrx_word' id='word_1_166' title='bbox 404 1895 599 1980; x_wconf 83' lang='grc' dir='ltr'>ταραχώδεις·</span> <span class='ocrx_word' id='word_1_167' title='bbox 622 1891 766 1976; x_wconf 83' lang='grc' dir='ltr'>διαφέρειν</span> <span class='ocrx_word' id='word_1_168' title='bbox 788 1895 841 1978; x_wconf 92' lang='grc' dir='ltr'>γάρ</span> <span class='ocrx_word' id='word_1_169' title='bbox 863 1917 890 1956; x_wconf 91' lang='grc' dir='ltr'>τι</span> <span class='ocrx_word' id='word_1_170' title='bbox 912 1896 961 1958; x_wconf 83' lang='grc' dir='ltr'>καὶ</span> <span class='ocrx_word' id='word_1_171' title='bbox 983 1897 1035 1979; x_wconf 84' lang='grc' dir='ltr'>τὴν</span> <span class='ocrx_word' id='word_1_172' title='bbox 1058 1895 1205 1981; x_wconf 81' lang='grc' dir='ltr'>ἀπορροὴν</span> <span class='ocrx_word' id='word_1_173' title='bbox 1227 1902 1269 1982; x_wconf 84' lang='grc' dir='ltr'>τῷ</span> <span class='ocrx_word' id='word_1_174' title='bbox 1293 1896 1378 1960; x_wconf 82' lang='grc' dir='ltr'>ποιὰν</span> <span class='ocrx_word' id='word_1_175' title='bbox 1398 1895 1470 1960; x_wconf 82' lang='grc' dir='ltr'>εἶναι</span> 
     </span>
     <span class='ocr_line' id='line_1_16' title="bbox 165 1993 1470 2084; baseline 0.002 -25"><span class='ocrx_word' id='word_1_176' title='bbox 165 2023 189 2063; x_wconf 84' lang='lat' dir='ltr'>n</span> <span class='ocrx_word' id='word_1_177' title='bbox 208 1999 279 2081; x_wconf 90' lang='grc' dir='ltr'>πρδς</span> <span class='ocrx_word' id='word_1_178' title='bbox 300 1998 353 2082; x_wconf 78' lang='grc' dir='ltr'>τὴν</span> <span class='ocrx_word' id='word_1_179' title='bbox 375 1996 544 2082; x_wconf 86' lang='grc' dir='ltr'>φαντασίαν,</span> <span class='ocrx_word' id='word_1_180' title='bbox 571 1997 607 2081; x_wconf 79' lang='grc' dir='ltr'>ἢν</span> <span class='ocrx_word' id='word_1_181' title='bbox 635 1993 765 2078; x_wconf 90' lang='grc' dir='ltr'>γίνεσθαι</span> <span class='ocrx_word' id='word_1_182' title='bbox 792 1996 841 2059; x_wconf 88' lang='grc' dir='ltr'>διά</span> <span class='ocrx_word' id='word_1_183' title='bbox 866 1998 918 2082; x_wconf 84' lang='grc' dir='ltr'>τὴν</span> <span class='ocrx_word' id='word_1_184' title='bbox 945 2000 1121 2084; x_wconf 82' lang='grc' dir='ltr'>ἐναπόληψιν</span> <span class='ocrx_word' id='word_1_185' title='bbox 1148 2003 1200 2062; x_wconf 80' lang='grc' dir='ltr'>τοῦ</span> <span class='ocrx_word' id='word_1_186' title='bbox 1230 1998 1315 2083; x_wconf 88' lang='grc' dir='ltr'>ἀέρος</span> <span class='ocrx_word' id='word_1_187' title='bbox 1342 2000 1470 2064; x_wconf 80' lang='grc' dir='ltr'>ἀλλοίαν.</span> 
     </span>
     <span class='ocr_line' id='line_1_17' title="bbox 250 2097 1522 2186; baseline 0.001 -22"><span class='ocrx_word' id='word_1_188' title='bbox 250 2101 372 2185; x_wconf 81' lang='grc' dir='ltr'>ἐροθρδν</span> <span class='ocrx_word' id='word_1_189' title='bbox 395 2099 421 2164; x_wconf 86' lang='grc' dir='ltr'>δ’</span> <span class='ocrx_word' id='word_1_190' title='bbox 448 2099 479 2170; x_wconf 83' lang='grc' dir='ltr'>ἐξ</span> <span class='ocrx_word' id='word_1_191' title='bbox 500 2101 626 2183; x_wconf 79' lang='grc' dir='ltr'>οἵωνπερ</span> <span class='ocrx_word' id='word_1_192' title='bbox 648 2099 696 2162; x_wconf 83' lang='grc' dir='ltr'>καὶ</span> <span class='ocrx_word' id='word_1_193' title='bbox 718 2099 752 2161; x_wconf 90' lang='grc' dir='ltr'>τδ</span> <span class='ocrx_word' id='word_1_194' title='bbox 775 2097 899 2182; x_wconf 85' lang='grc' dir='ltr'>θερμόν,</span> <span class='ocrx_word' id='word_1_195' title='bbox 926 2102 1001 2184; x_wconf 78' lang='grc' dir='ltr'>πλὴν</span> <span class='ocrx_word' id='word_1_196' title='bbox 1029 2102 1063 2166; x_wconf 85' lang='grc' dir='ltr'>ἐκ</span> <span class='ocrx_word' id='word_1_197' title='bbox 1090 2103 1239 2185; x_wconf 75' lang='grc' dir='ltr'>μειζόνων.</span> <span class='ocrx_word' id='word_1_198' title='bbox 1283 2102 1334 2166; x_wconf 83' lang='grc' dir='ltr'>ἐὰν</span> <span class='ocrx_word' id='word_1_199' title='bbox 1360 2103 1414 2186; x_wconf 82' lang='grc' dir='ltr'>γὰρ</span> <span class='ocrx_word' id='word_1_200' title='bbox 1440 2103 1470 2166; x_wconf 85' lang='grc' dir='ltr'>αἱ</span> <span class='ocrx_word' id='word_1_201' title='bbox 1488 2111 1522 2164; x_wconf 82' lang='grc'>75</span> 
     </span>
     <span class='ocr_line' id='line_1_18' title="bbox 206 2193 1470 2290; baseline 0.001 -24"><span class='ocrx_word' id='word_1_202' title='bbox 206 2204 365 2288; x_wconf 75' lang='grc' dir='ltr'>συγκρίσεις</span> <span class='ocrx_word' id='word_1_203' title='bbox 388 2205 445 2268; x_wconf 83' lang='grc' dir='ltr'>ὦσι</span> <span class='ocrx_word' id='word_1_204' title='bbox 468 2203 582 2286; x_wconf 90' lang='grc' dir='ltr'>μείζους</span> <span class='ocrx_word' id='word_1_205' title='bbox 600 2201 708 2284; x_wconf 86' lang='grc' dir='ltr'>ὁμοίων</span> <span class='ocrx_word' id='word_1_206' title='bbox 732 2198 822 2263; x_wconf 88' lang='grc' dir='ltr'>όντων</span> <span class='ocrx_word' id='word_1_207' title='bbox 844 2205 903 2264; x_wconf 93' lang='grc' dir='ltr'>τῶν</span> <span class='ocrx_word' id='word_1_208' title='bbox 926 2206 1087 2289; x_wconf 83' lang='grc' dir='ltr'>σχημάτων</span> <span class='ocrx_word' id='word_1_209' title='bbox 1111 2208 1220 2288; x_wconf 82' lang='grc' dir='ltr'>μᾶλλον</span> <span class='ocrx_word' id='word_1_210' title='bbox 1243 2193 1365 2290; x_wconf 85' lang='grc' dir='ltr'>ἐρυθρόν</span> <span class='ocrx_word' id='word_1_211' title='bbox 1388 2205 1470 2268; x_wconf 87' lang='grc' dir='ltr'>είναι.</span> 
     </span>
     <span class='ocr_line' id='line_1_19' title="bbox 210 2304 1470 2392; baseline 0 -22"><span class='ocrx_word' id='word_1_212' title='bbox 210 2309 330 2390; x_wconf 85' lang='grc' dir='ltr'>σημεῖον</span> <span class='ocrx_word' id='word_1_213' title='bbox 363 2306 389 2371; x_wconf 82' lang='grc' dir='ltr'>δ’</span> <span class='ocrx_word' id='word_1_214' title='bbox 427 2308 470 2371; x_wconf 88' lang='grc' dir='ltr'>ότι</span> <span class='ocrx_word' id='word_1_215' title='bbox 502 2308 536 2370; x_wconf 84' lang='grc' dir='ltr'>έκ</span> <span class='ocrx_word' id='word_1_216' title='bbox 568 2305 706 2368; x_wconf 80' lang='grc' dir='ltr'>τοιούτων</span> <span class='ocrx_word' id='word_1_217' title='bbox 735 2305 772 2378; x_wconf 83' lang='grc' dir='ltr'>τδ</span> <span class='ocrx_word' id='word_1_218' title='bbox 799 2304 938 2388; x_wconf 84' lang='grc' dir='ltr'>ἐρυθρόν·</span> <span class='ocrx_word' id='word_1_219' title='bbox 970 2307 1049 2389; x_wconf 79' lang='grc' dir='ltr'>ἡμᾶς</span> <span class='ocrx_word' id='word_1_220' title='bbox 1080 2331 1113 2370; x_wconf 89' lang='grc' dir='ltr'>τε</span> <span class='ocrx_word' id='word_1_221' title='bbox 1142 2309 1196 2392; x_wconf 85' lang='grc' dir='ltr'>γὰρ</span> <span class='ocrx_word' id='word_1_222' title='bbox 1228 2307 1470 2392; x_wconf 89' lang='grc' dir='ltr'>θερμαινομένους</span> 
     </span>
     <span class='ocr_line' id='line_1_20' title="bbox 207 2407 1473 2495; baseline 0 -23"><span class='ocrx_word' id='word_1_223' title='bbox 207 2409 429 2495; x_wconf 82' lang='grc' dir='ltr'>ἐρυθραίνεσθαι</span> <span class='ocrx_word' id='word_1_224' title='bbox 452 2410 500 2474; x_wconf 78' lang='grc' dir='ltr'>καὶ</span> <span class='ocrx_word' id='word_1_225' title='bbox 523 2409 559 2472; x_wconf 80' lang='grc' dir='ltr'>τὰ</span> <span class='ocrx_word' id='word_1_226' title='bbox 582 2409 657 2472; x_wconf 89' lang='grc' dir='ltr'>ἀλλα</span> <span class='ocrx_word' id='word_1_227' title='bbox 679 2407 715 2471; x_wconf 87' lang='grc' dir='ltr'>τά</span> <span class='ocrx_word' id='word_1_228' title='bbox 737 2407 913 2492; x_wconf 83' lang='grc' dir='ltr'>πυρούμενα,</span> <span class='ocrx_word' id='word_1_229' title='bbox 936 2408 1039 2494; x_wconf 87' lang='grc' dir='ltr'>μέχρις</span> <span class='ocrx_word' id='word_1_230' title='bbox 1061 2408 1096 2472; x_wconf 88' lang='grc' dir='ltr'>ἀν</span> <span class='ocrx_word' id='word_1_231' title='bbox 1119 2409 1153 2473; x_wconf 84' lang='grc' dir='ltr'>ού</span> <span class='ocrx_word' id='word_1_232' title='bbox 1177 2408 1236 2495; x_wconf 86' lang='grc' dir='ltr'>ἔχη</span> <span class='ocrx_word' id='word_1_233' title='bbox 1258 2411 1291 2474; x_wconf 93' lang='grc' dir='ltr'>τδ</span> <span class='ocrx_word' id='word_1_234' title='bbox 1313 2413 1365 2472; x_wconf 81' lang='grc' dir='ltr'>τοῦ</span> <span class='ocrx_word' id='word_1_235' title='bbox 1388 2433 1473 2494; x_wconf 90' lang='grc' dir='ltr'>πυρο-</span> 
     </span>
     <span class='ocr_line' id='line_1_21' title="bbox 165 2508 1470 2600; baseline -0.001 -24"><span class='ocrx_word' id='word_1_236' title='bbox 165 2539 190 2578; x_wconf 78' lang='lat' dir='ltr'>:e</span> <span class='ocrx_word' id='word_1_237' title='bbox 208 2513 311 2582; x_wconf 84' lang='grc' dir='ltr'>ειδοῦς.</span> <span class='ocrx_word' id='word_1_238' title='bbox 356 2512 533 2598; x_wconf 80' lang='grc' dir='ltr'>ἐρυθρότερα</span> <span class='ocrx_word' id='word_1_239' title='bbox 555 2513 588 2576; x_wconf 82' lang='grc' dir='ltr'>δέ</span> <span class='ocrx_word' id='word_1_240' title='bbox 609 2511 646 2575; x_wconf 88' lang='grc' dir='ltr'>τά</span> <span class='ocrx_word' id='word_1_241' title='bbox 665 2511 699 2574; x_wconf 94' lang='grc' dir='ltr'>ἐκ</span> <span class='ocrx_word' id='word_1_242' title='bbox 722 2511 855 2594; x_wconf 81' lang='grc' dir='ltr'>μεγάλων</span> <span class='ocrx_word' id='word_1_243' title='bbox 878 2508 947 2574; x_wconf 84' lang='grc' dir='ltr'>ὄντα</span> <span class='ocrx_word' id='word_1_244' title='bbox 969 2514 1139 2596; x_wconf 84' lang='grc' dir='ltr'>σχημάτων,</span> <span class='ocrx_word' id='word_1_245' title='bbox 1152 2513 1212 2577; x_wconf 82' lang='grc' dir='ltr'><strong>οἷον</strong></span> <span class='ocrx_word' id='word_1_246' title='bbox 1234 2514 1287 2598; x_wconf 72' lang='grc' dir='ltr'>πἠν</span> <span class='ocrx_word' id='word_1_247' title='bbox 1309 2513 1404 2600; x_wconf 84' lang='grc' dir='ltr'>φλόγα</span> <span class='ocrx_word' id='word_1_248' title='bbox 1422 2513 1470 2576; x_wconf 82' lang='grc' dir='ltr'>καί</span> 
     </span>
     <span class='ocr_line' id='line_1_22' title="bbox 206 2612 1471 2701; baseline 0.002 -25"><span class='ocrx_word' id='word_1_249' title='bbox 206 2615 256 2676; x_wconf 89' lang='grc' dir='ltr'>τδν</span> <span class='ocrx_word' id='word_1_250' title='bbox 278 2613 411 2699; x_wconf 80' lang='grc' dir='ltr'>ἄνθρακα</span> <span class='ocrx_word' id='word_1_251' title='bbox 431 2619 490 2678; x_wconf 89' lang='grc' dir='ltr'>τῶν</span> <span class='ocrx_word' id='word_1_252' title='bbox 513 2618 638 2701; x_wconf 84' lang='grc' dir='ltr'>χλωρῶν</span> <span class='ocrx_word' id='word_1_253' title='bbox 662 2612 753 2683; x_wconf 90' lang='grc' dir='ltr'>ξύλων</span> <span class='ocrx_word' id='word_1_254' title='bbox 776 2614 796 2696; x_wconf 83' lang='grc' dir='ltr'><strong>ἢ</strong></span> <span class='ocrx_word' id='word_1_255' title='bbox 818 2617 877 2678; x_wconf 85' lang='grc' dir='ltr'>τῶν</span> <span class='ocrx_word' id='word_1_256' title='bbox 899 2612 993 2692; x_wconf 88' lang='grc' dir='ltr'>αύων,</span> <span class='ocrx_word' id='word_1_257' title='bbox 1022 2616 1070 2677; x_wconf 82' lang='grc' dir='ltr'>καὶ</span> <span class='ocrx_word' id='word_1_258' title='bbox 1098 2615 1147 2678; x_wconf 91' lang='grc' dir='ltr'>τδν</span> <span class='ocrx_word' id='word_1_259' title='bbox 1170 2615 1286 2700; x_wconf 86' lang='grc' dir='ltr'>σίδηρον</span> <span class='ocrx_word' id='word_1_260' title='bbox 1309 2617 1342 2678; x_wconf 86' lang='grc' dir='ltr'>δέ</span> <span class='ocrx_word' id='word_1_261' title='bbox 1364 2616 1412 2678; x_wconf 81' lang='grc' dir='ltr'>καὶ</span> <span class='ocrx_word' id='word_1_262' title='bbox 1434 2614 1471 2678; x_wconf 88' lang='grc' dir='ltr'>τά</span> 
     </span>
     <span class='ocr_line' id='line_1_23' title="bbox 209 2715 1470 2804; baseline 0.001 -25"><span class='ocrx_word' id='word_1_263' title='bbox 209 2715 284 2779; x_wconf 87' lang='grc' dir='ltr'>ἀλλα</span> <span class='ocrx_word' id='word_1_264' title='bbox 310 2716 346 2780; x_wconf 79' lang='grc' dir='ltr'>τὰ</span> <span class='ocrx_word' id='word_1_265' title='bbox 371 2717 550 2802; x_wconf 91' lang='grc' dir='ltr'>πυρούμενα·</span> <span class='ocrx_word' id='word_1_266' title='bbox 583 2717 774 2802; x_wconf 88' lang='grc' dir='ltr'>λαμπρότατα</span> <span class='ocrx_word' id='word_1_267' title='bbox 801 2716 853 2798; x_wconf 91' lang='grc' dir='ltr'>μέν</span> <span class='ocrx_word' id='word_1_268' title='bbox 879 2716 934 2800; x_wconf 79' lang='grc' dir='ltr'>γὰρ</span> <span class='ocrx_word' id='word_1_269' title='bbox 967 2715 1040 2780; x_wconf 76' lang='grc' dir='ltr'>εἶναι</span> <span class='ocrx_word' id='word_1_270' title='bbox 1066 2717 1103 2780; x_wconf 83' lang='grc' dir='ltr'>τὰ</span> <span class='ocrx_word' id='word_1_271' title='bbox 1128 2719 1261 2782; x_wconf 85' lang='grc' dir='ltr'>πλεῖστον</span> <span class='ocrx_word' id='word_1_272' title='bbox 1289 2716 1396 2804; x_wconf 86' lang='grc' dir='ltr'>έχοντα</span> <span class='ocrx_word' id='word_1_273' title='bbox 1422 2719 1470 2782; x_wconf 82' lang='grc' dir='ltr'>καὶ</span> 
     </span>
     <span class='ocr_line' id='line_1_24' title="bbox 209 2817 1469 2906; baseline 0.003 -26"><span class='ocrx_word' id='word_1_274' title='bbox 209 2817 382 2884; x_wconf 88' lang='grc' dir='ltr'>λεπτότατον</span> <span class='ocrx_word' id='word_1_275' title='bbox 405 2823 473 2905; x_wconf 82' lang='grc' dir='ltr'>πῦρ,</span> <span class='ocrx_word' id='word_1_276' title='bbox 495 2820 673 2906; x_wconf 82' lang='grc' dir='ltr'>ἐρυθρότερα</span> <span class='ocrx_word' id='word_1_277' title='bbox 696 2820 728 2882; x_wconf 84' lang='grc' dir='ltr'>δὲ</span> <span class='ocrx_word' id='word_1_278' title='bbox 749 2819 786 2882; x_wconf 85' lang='grc' dir='ltr'>τὰ</span> <span class='ocrx_word' id='word_1_279' title='bbox 807 2819 971 2904; x_wconf 87' lang='grc' dir='ltr'>παχύτερον</span> <span class='ocrx_word' id='word_1_280' title='bbox 993 2820 1041 2884; x_wconf 85' lang='grc' dir='ltr'>καὶ</span> <span class='ocrx_word' id='word_1_281' title='bbox 1065 2817 1194 2884; x_wconf 81' lang='grc' dir='ltr'>ἔλαττον.</span> <span class='ocrx_word' id='word_1_282' title='bbox 1237 2821 1281 2884; x_wconf 91' lang='grc' dir='ltr'>διδ</span> <span class='ocrx_word' id='word_1_283' title='bbox 1308 2823 1356 2884; x_wconf 86' lang='grc' dir='ltr'>καὶ</span> <span class='ocrx_word' id='word_1_284' title='bbox 1383 2823 1469 2906; x_wconf 73' lang='grc' dir='ltr'>ἧττον</span> 
     </span>
     <span class='ocr_line' id='line_1_25' title="bbox 209 2920 1471 3010; baseline 0.001 -26"><span class='ocrx_word' id='word_1_285' title='bbox 209 2920 280 2984; x_wconf 82' lang='grc' dir='ltr'>εἶναι</span> <span class='ocrx_word' id='word_1_286' title='bbox 305 2921 400 3008; x_wconf 78' lang='grc' dir='ltr'>θερμὰ</span> <span class='ocrx_word' id='word_1_287' title='bbox 421 2923 457 2986; x_wconf 81' lang='grc' dir='ltr'>τά</span> <span class='ocrx_word' id='word_1_288' title='bbox 486 2924 678 3009; x_wconf 80' lang='grc' dir='ltr'>ἐρυθρότερα·</span> <span class='ocrx_word' id='word_1_289' title='bbox 708 2923 817 3007; x_wconf 89' lang='grc' dir='ltr'>θεμμδν</span> <span class='ocrx_word' id='word_1_290' title='bbox 848 2922 928 3005; x_wconf 74' lang='grc' dir='ltr'>[μὲν]</span> <span class='ocrx_word' id='word_1_291' title='bbox 955 2923 1009 3007; x_wconf 82' lang='grc' dir='ltr'>γάρ</span> <span class='ocrx_word' id='word_1_292' title='bbox 1031 2924 1064 2986; x_wconf 92' lang='grc' dir='ltr'>τδ</span> <span class='ocrx_word' id='word_1_293' title='bbox 1086 2925 1200 2988; x_wconf 87' lang='grc' dir='ltr'>λεπτόν.</span> <span class='ocrx_word' id='word_1_294' title='bbox 1245 2926 1278 2988; x_wconf 88' lang='grc' dir='ltr'>τδ</span> <span class='ocrx_word' id='word_1_295' title='bbox 1301 2921 1333 2988; x_wconf 84' lang='grc' dir='ltr'>δέ</span> <span class='ocrx_word' id='word_1_296' title='bbox 1355 2924 1471 3010; x_wconf 91' lang='grc' dir='ltr'>χλωρδν</span> 
     </span>
     <span class='ocr_line' id='line_1_26' title="bbox 165 3023 1473 3113; baseline -0.002 -23"><span class='ocrx_word' id='word_1_297' title='bbox 165 3051 189 3090; x_wconf 80' lang='grc' dir='ltr'>ιο</span> <span class='ocrx_word' id='word_1_298' title='bbox 207 3025 241 3088; x_wconf 90' lang='grc' dir='ltr'>ἐκ</span> <span class='ocrx_word' id='word_1_299' title='bbox 254 3029 307 3088; x_wconf 79' lang='grc' dir='ltr'>τοῦ</span> <span class='ocrx_word' id='word_1_300' title='bbox 322 3029 439 3110; x_wconf 80' lang='grc' dir='ltr'>στερεοῦ</span> <span class='ocrx_word' id='word_1_301' title='bbox 455 3027 503 3090; x_wconf 83' lang='grc' dir='ltr'>καὶ</span> <span class='ocrx_word' id='word_1_302' title='bbox 524 3031 576 3090; x_wconf 82' lang='grc' dir='ltr'>τοῦ</span> <span class='ocrx_word' id='word_1_303' title='bbox 598 3031 683 3089; x_wconf 81' lang='grc' dir='ltr'>κενοῦ</span> <span class='ocrx_word' id='word_1_304' title='bbox 704 3025 872 3090; x_wconf 83' lang='grc' dir='ltr'>συνεστάναι</span> <span class='ocrx_word' id='word_1_305' title='bbox 886 3023 910 3107; x_wconf 85' lang='lat'>†</span> <span class='ocrx_word' id='word_1_306' title='bbox 925 3026 1058 3108; x_wconf 76' lang='grc' dir='ltr'>μεγαλων</span> <span class='ocrx_word' id='word_1_307' title='bbox 1080 3025 1111 3095; x_wconf 90' lang='grc' dir='ltr'>ἐξ</span> <span class='ocrx_word' id='word_1_308' title='bbox 1133 3029 1252 3113; x_wconf 82' lang='grc' dir='ltr'>ἀμφοῖν,</span> <span class='ocrx_word' id='word_1_309' title='bbox 1274 3029 1313 3110; x_wconf 77' lang='grc' dir='ltr'>τῇ</span> <span class='ocrx_word' id='word_1_310' title='bbox 1336 3028 1417 3091; x_wconf 86' lang='grc' dir='ltr'>θέσει</span> <span class='ocrx_word' id='word_1_311' title='bbox 1440 3027 1473 3090; x_wconf 89' lang='grc' dir='ltr'>δέ</span> 
     </span>
     <span class='ocr_line' id='line_1_27' title="bbox 205 3126 1521 3216; baseline 0.002 -26"><span class='ocrx_word' id='word_1_312' title='bbox 205 3127 253 3190; x_wconf 85' lang='grc' dir='ltr'>καί</span> <span class='ocrx_word' id='word_1_313' title='bbox 280 3127 356 3198; x_wconf 90' lang='grc' dir='ltr'>τάξει</span> <span class='ocrx_word' id='word_1_314' title='bbox 389 3128 486 3193; x_wconf 80' lang='grc' dir='ltr'>αὐτῶν</span> <span class='ocrx_word' id='word_1_315' title='bbox 512 3131 565 3214; x_wconf 82' lang='grc' dir='ltr'>τὴν</span> <span class='ocrx_word' id='word_1_316' title='bbox 592 3129 694 3215; x_wconf 90' lang='grc' dir='ltr'>χρόαν.</span> <span class='ocrx_word' id='word_1_317' title='bbox 848 3126 885 3190; x_wconf 86' lang='grc' dir='ltr'>τὰ</span> <span class='ocrx_word' id='word_1_318' title='bbox 912 3128 964 3208; x_wconf 80' lang='grc' dir='ltr'>μὲν</span> <span class='ocrx_word' id='word_1_319' title='bbox 993 3126 1043 3190; x_wconf 87' lang='grc' dir='ltr'>ούν</span> <span class='ocrx_word' id='word_1_320' title='bbox 1075 3129 1154 3193; x_wconf 86' lang='grc' dir='ltr'>ἁπλᾶ</span> <span class='ocrx_word' id='word_1_321' title='bbox 1185 3134 1330 3216; x_wconf 82' lang='grc' dir='ltr'>χρώματα</span> <span class='ocrx_word' id='word_1_322' title='bbox 1358 3129 1469 3198; x_wconf 81' lang='grc' dir='ltr'>τούτοις</span> <span class='ocrx_word' id='word_1_323' title='bbox 1487 3137 1521 3192; x_wconf 82' lang='grc'>76</span> 
     </span>
     <span class='ocr_line' id='line_1_28' title="bbox 206 3229 1471 3317; baseline 0 -23"><span class='ocrx_word' id='word_1_324' title='bbox 206 3232 372 3317; x_wconf 81' lang='grc' dir='ltr'>κεχρῆσθαι</span> <span class='ocrx_word' id='word_1_325' title='bbox 395 3255 454 3302; x_wconf 91' lang='grc' dir='ltr'>τοις</span> <span class='ocrx_word' id='word_1_326' title='bbox 477 3235 640 3317; x_wconf 81' lang='grc' dir='ltr'>σχήμασιν·</span> <span class='ocrx_word' id='word_1_327' title='bbox 663 3231 784 3296; x_wconf 80' lang='grc' dir='ltr'>ἕκαστον</span> <span class='ocrx_word' id='word_1_328' title='bbox 807 3229 840 3292; x_wconf 91' lang='grc' dir='ltr'>δέ</span> <span class='ocrx_word' id='word_1_329' title='bbox 862 3229 1078 3314; x_wconf 87' lang='grc' dir='ltr'>καθαρώτερον,</span> <span class='ocrx_word' id='word_1_330' title='bbox 1101 3232 1163 3316; x_wconf 87' lang='grc' dir='ltr'>όσιμ</span> <span class='ocrx_word' id='word_1_331' title='bbox 1179 3231 1214 3296; x_wconf 88' lang='grc' dir='ltr'>ἀν</span> <span class='ocrx_word' id='word_1_332' title='bbox 1231 3231 1260 3301; x_wconf 84' lang='grc' dir='ltr'>ἐξ</span> <span class='ocrx_word' id='word_1_333' title='bbox 1276 3231 1471 3316; x_wconf 90' lang='grc' dir='ltr'>ἀμιγεστέρων</span> 
     </span>
    </p>
   </div>
   <div class='ocr_carea' id='block_1_3' title="bbox 150 3519 1523 5084">
    <p class='ocr_par' dir='ltr' id='par_1_3' title="bbox 154 3519 1523 3768">
     <span class='ocr_line' id='line_1_29' title="bbox 158 3519 1523 3594; baseline 0.001 -20"><span class='ocrx_word' id='word_1_334' title='bbox 158 3521 319 3591; x_wconf 86' lang='grc' dir='ltr'>1ἀποσκίαζη</span> <span class='ocrx_word' id='word_1_335' title='bbox 327 3525 380 3576; x_wconf 90' lang='lat' dir='ltr'>PF:</span> <span class='ocrx_word' id='word_1_336' title='bbox 391 3540 455 3575; x_wconf 82' lang='lat' dir='ltr'>corr.</span> <span class='ocrx_word' id='word_1_337' title='bbox 466 3524 607 3577; x_wconf 81' lang='lat' dir='ltr'>Schneider</span> <span class='ocrx_word' id='word_1_338' title='bbox 616 3521 628 3590; x_wconf 72' lang='grc' dir='ltr'>Η</span> <span class='ocrx_word' id='word_1_339' title='bbox 638 3519 654 3594; x_wconf 81' lang='grc' dir='ltr'><strong>ᾗ</strong></span> <span class='ocrx_word' id='word_1_340' title='bbox 666 3526 811 3577; x_wconf 78' lang='lat' dir='ltr'>Bureherd:</span> <span class='ocrx_word' id='word_1_341' title='bbox 863 3523 923 3590; x_wconf 82' lang='grc' dir='ltr'>φασὶ</span> <span class='ocrx_word' id='word_1_342' title='bbox 942 3527 1018 3574; x_wconf 82' lang='grc' dir='ltr'>ποιεῖν</span> <span class='ocrx_word' id='word_1_343' title='bbox 1041 3521 1070 3574; x_wconf 89' lang='grc' dir='ltr'>τό</span> <span class='ocrx_word' id='word_1_344' title='bbox 1088 3526 1137 3591; x_wconf 85' lang='grc' dir='ltr'>πύρ</span> <span class='ocrx_word' id='word_1_345' title='bbox 1156 3523 1200 3586; x_wconf 83' lang='grc' dir='ltr'>[σί.</span> <span class='ocrx_word' id='word_1_346' title='bbox 1215 3542 1237 3589; x_wconf 90' lang='lat' dir='ltr'>p.</span> <span class='ocrx_word' id='word_1_347' title='bbox 1251 3523 1311 3586; x_wconf 76' lang='lat'><strong>524,</strong></span> <span class='ocrx_word' id='word_1_348' title='bbox 1322 3523 1367 3590; x_wconf 79' lang='lat'>21]</span> <span class='ocrx_word' id='word_1_349' title='bbox 1387 3525 1523 3593; x_wconf 82' lang='grc' dir='ltr'>συγκρίνειν</span> 
     </span>
     <span class='ocr_line' id='line_1_30' title="bbox 154 3607 1520 3680; baseline 0.003 -21"><span class='ocrx_word' id='word_1_350' title='bbox 154 3625 178 3659; x_wconf 90' lang='grc' dir='ltr'>τι</span> <span class='ocrx_word' id='word_1_351' title='bbox 200 3611 244 3661; x_wconf 88' lang='lat' dir='ltr'>PF</span> <span class='ocrx_word' id='word_1_352' title='bbox 265 3607 277 3674; x_wconf 76' lang='grc' dir='ltr'>Η</span> <span class='ocrx_word' id='word_1_353' title='bbox 299 3607 315 3660; x_wconf 82' lang='grc'>2</span> <span class='ocrx_word' id='word_1_354' title='bbox 338 3608 375 3662; x_wconf 86' lang='grc' dir='ltr'>δεῖ</span> <span class='ocrx_word' id='word_1_355' title='bbox 395 3613 417 3663; x_wconf 89' lang='lat' dir='ltr'>P</span> <span class='ocrx_word' id='word_1_356' title='bbox 441 3621 467 3662; x_wconf 83' lang='lat' dir='ltr'>et</span> <span class='ocrx_word' id='word_1_357' title='bbox 489 3614 664 3664; x_wconf 76' lang='lat' dir='ltr'>oblitteratum</span> <span class='ocrx_word' id='word_1_358' title='bbox 687 3615 708 3664; x_wconf 88' lang='lat' dir='ltr'>F</span> <span class='ocrx_word' id='word_1_359' title='bbox 734 3609 746 3679; x_wconf 72' lang='lat' dir='ltr'>ll</span> <span class='ocrx_word' id='word_1_360' title='bbox 773 3610 812 3663; x_wconf 88' lang='grc' dir='ltr'>εύ-</span> <span class='ocrx_word' id='word_1_361' title='bbox 864 3610 916 3662; x_wconf 83' lang='grc' dir='ltr'>ἐστὶ</span> <span class='ocrx_word' id='word_1_362' title='bbox 937 3610 969 3662; x_wconf 83' lang='grc' dir='ltr'>τά</span> <span class='ocrx_word' id='word_1_363' title='bbox 987 3607 1120 3680; x_wconf 84' lang='grc' dir='ltr'>ὁμόφυλα).</span> <span class='ocrx_word' id='word_1_364' title='bbox 1148 3610 1284 3680; x_wconf 85' lang='grc' dir='ltr'>συγκρίσεις</span> <span class='ocrx_word' id='word_1_365' title='bbox 1301 3631 1327 3678; x_wconf 85' lang='lat' dir='ltr'>p.</span> <span class='ocrx_word' id='word_1_366' title='bbox 1341 3610 1429 3674; x_wconf 58' lang='lat'>5226</span> <span class='ocrx_word' id='word_1_367' title='bbox 1449 3615 1520 3664; x_wconf 77' lang='lat' dir='ltr'>alind</span> 
     </span>
     <span class='ocr_line' id='line_1_31' title="bbox 156 3693 1183 3768; baseline 0.009 -21"><span class='ocrx_word' id='word_1_368' title='bbox 156 3693 339 3765; x_wconf 74' lang='lat' dir='ltr'>phrpnnaPF:</span> <span class='ocrx_word' id='word_1_369' title='bbox 358 3715 424 3750; x_wconf 78' lang='grc' dir='ltr'>ποτε.</span> <span class='ocrx_word' id='word_1_370' title='bbox 442 3700 585 3751; x_wconf 82' lang='lat' dir='ltr'>Schneider</span> <span class='ocrx_word' id='word_1_371' title='bbox 603 3702 633 3751; x_wconf 87' lang='lat' dir='ltr'>ei.</span> <span class='ocrx_word' id='word_1_372' title='bbox 658 3717 683 3750; x_wconf 86' lang='grc' dir='ltr'>ν.</span> <span class='ocrx_word' id='word_1_373' title='bbox 700 3700 725 3752; x_wconf 88' lang='grc'>4.</span> <span class='ocrx_word' id='word_1_374' title='bbox 746 3699 778 3752; x_wconf 87' lang='grc'>13</span> <span class='ocrx_word' id='word_1_375' title='bbox 798 3695 811 3768; x_wconf 71' lang='grc' dir='ltr'>θ</span> <span class='ocrx_word' id='word_1_376' title='bbox 1158 3733 1183 3767; x_wconf 81' lang='lat' dir='ltr'>a:</span> 
     </span>
    </p>

    <p class='ocr_par' dir='ltr' id='par_1_4' title="bbox 150 3782 1523 5084">
     <span class='ocr_line' id='line_1_32' title="bbox 154 3782 1522 3858; baseline 0.001 -22"><span class='ocrx_word' id='word_1_377' title='bbox 154 3782 220 3836; x_wconf 85' lang='grc' dir='ltr'>4ἀν</span> <span class='ocrx_word' id='word_1_378' title='bbox 238 3783 312 3836; x_wconf 79' lang='grc' dir='ltr'>ἄσκια</span> <span class='ocrx_word' id='word_1_379' title='bbox 335 3788 373 3836; x_wconf 82' lang='grc' dir='ltr'>εἰσ</span> <span class='ocrx_word' id='word_1_380' title='bbox 394 3788 438 3838; x_wconf 90' lang='lat' dir='ltr'>PF</span> <span class='ocrx_word' id='word_1_381' title='bbox 464 3783 476 3853; x_wconf 71' lang='lat' dir='ltr'>ll</span> <span class='ocrx_word' id='word_1_382' title='bbox 502 3784 529 3838; x_wconf 81' lang='grc' dir='ltr'>δέ</span> <span class='ocrx_word' id='word_1_383' title='bbox 550 3788 651 3838; x_wconf 76' lang='lat' dir='ltr'>addidi:</span> <span class='ocrx_word' id='word_1_384' title='bbox 671 3789 814 3840; x_wconf 81' lang='lat' dir='ltr'>Schneider</span> <span class='ocrx_word' id='word_1_385' title='bbox 864 3789 992 3852; x_wconf 70' lang='lat' dir='ltr'>significat</span> <span class='ocrx_word' id='word_1_386' title='bbox 1009 3783 1021 3852; x_wconf 59' lang='lat' dir='ltr'>fl</span> <span class='ocrx_word' id='word_1_387' title='bbox 1041 3787 1072 3840; x_wconf 90' lang='grc'>18</span> <span class='ocrx_word' id='word_1_388' title='bbox 1085 3782 1292 3856; x_wconf 87' lang='grc' dir='ltr'>θερμαινομένους</span> <span class='ocrx_word' id='word_1_389' title='bbox 1309 3790 1330 3839; x_wconf 92' lang='lat' dir='ltr'><strong>F</strong></span> <span class='ocrx_word' id='word_1_390' title='bbox 1349 3785 1361 3856; x_wconf 73' lang='lat' dir='ltr'>ll</span> <span class='ocrx_word' id='word_1_391' title='bbox 1383 3788 1415 3842; x_wconf 86' lang='lat'>19</span> <span class='ocrx_word' id='word_1_392' title='bbox 1435 3787 1522 3858; x_wconf 83' lang='grc' dir='ltr'>μέχρις</span> 
     </span>
     <span class='ocr_line' id='line_1_33' title="bbox 157 3869 1521 3943; baseline 0.006 -21"><span class='ocrx_word' id='word_1_393' title='bbox 157 3874 188 3922; x_wconf 84' lang='lat' dir='ltr'>ci.</span> <span class='ocrx_word' id='word_1_394' title='bbox 207 3871 268 3936; x_wconf 69' lang='lat'>§79</span> <span class='ocrx_word' id='word_1_395' title='bbox 295 3869 307 3940; x_wconf 71' lang='lat' dir='ltr'>ll</span> <span class='ocrx_word' id='word_1_396' title='bbox 333 3872 412 3927; x_wconf 85' lang='grc' dir='ltr'>6κα1</span> <span class='ocrx_word' id='word_1_397' title='bbox 429 3873 461 3926; x_wconf 80' lang='grc' dir='ltr'>τὰ</span> <span class='ocrx_word' id='word_1_398' title='bbox 479 3871 522 3925; x_wconf 88' lang='grc' dir='ltr'>δύο</span> <span class='ocrx_word' id='word_1_399' title='bbox 540 3877 597 3926; x_wconf 90' lang='lat' dir='ltr'>PF:</span> <span class='ocrx_word' id='word_1_400' title='bbox 617 3879 730 3928; x_wconf 82' lang='lat' dir='ltr'>correxit</span> <span class='ocrx_word' id='word_1_401' title='bbox 747 3879 812 3930; x_wconf 82' lang='lat' dir='ltr'>Use-</span> <span class='ocrx_word' id='word_1_402' title='bbox 864 3872 920 3926; x_wconf 81' lang='grc' dir='ltr'>κτλ.</span> <span class='ocrx_word' id='word_1_403' title='bbox 940 3885 1059 3940; x_wconf 83' lang='grc' dir='ltr'>ειιερεοιε</span> <span class='ocrx_word' id='word_1_404' title='bbox 1077 3877 1109 3926; x_wconf 84' lang='grc' dir='ltr'>σί.</span> <span class='ocrx_word' id='word_1_405' title='bbox 1128 3877 1159 3928; x_wconf 88' lang='lat' dir='ltr'>G.</span> <span class='ocrx_word' id='word_1_406' title='bbox 1180 3878 1291 3926; x_wconf 83' lang='lat' dir='ltr'>Mueller</span> <span class='ocrx_word' id='word_1_407' title='bbox 1309 3879 1326 3927; x_wconf 91' lang='lat' dir='ltr'>l.</span> <span class='ocrx_word' id='word_1_408' title='bbox 1345 3894 1366 3928; x_wconf 88' lang='lat' dir='ltr'>e.</span> <span class='ocrx_word' id='word_1_409' title='bbox 1385 3896 1410 3943; x_wconf 86' lang='lat' dir='ltr'>p.</span> <span class='ocrx_word' id='word_1_410' title='bbox 1425 3877 1467 3931; x_wconf 90' lang='grc'>60.</span> <span class='ocrx_word' id='word_1_411' title='bbox 1488 3895 1521 3930; x_wconf 84' lang='lat' dir='ltr'>en</span> 
     </span>
     <span class='ocr_line' id='line_1_34' title="bbox 154 3955 1519 4032; baseline 0.007 -20"><span class='ocrx_word' id='word_1_412' title='bbox 154 3957 225 4028; x_wconf 74' lang='lat' dir='ltr'>nerll</span> <span class='ocrx_word' id='word_1_413' title='bbox 238 3955 357 4020; x_wconf 84' lang='grc' dir='ltr'>συζεύξεις</span> <span class='ocrx_word' id='word_1_414' title='bbox 367 3963 546 4013; x_wconf 81' lang='lat' dir='ltr'>PFrcorrexi.</span> <span class='ocrx_word' id='word_1_415' title='bbox 557 3965 635 4028; x_wconf 79' lang='lat' dir='ltr'>vulgo</span> <span class='ocrx_word' id='word_1_416' title='bbox 645 3979 678 4016; x_wconf 84' lang='lat' dir='ltr'>ex</span> <span class='ocrx_word' id='word_1_417' title='bbox 688 3965 814 4030; x_wconf 73' lang='lat' dir='ltr'>Stephani</span> <span class='ocrx_word' id='word_1_418' title='bbox 864 3961 938 4031; x_wconf 72' lang='grc' dir='ltr'>μέχρι</span> <span class='ocrx_word' id='word_1_419' title='bbox 962 3959 992 4012; x_wconf 75' lang='grc' dir='ltr'>ἂν</span> <span class='ocrx_word' id='word_1_420' title='bbox 1015 3963 1107 4032; x_wconf 80' lang='grc' dir='ltr'>συνέχῃ</span> <span class='ocrx_word' id='word_1_421' title='bbox 1125 3961 1218 4014; x_wconf 77' lang='grc' dir='ltr'>τὸτοῦ</span> <span class='ocrx_word' id='word_1_422' title='bbox 1245 3961 1320 4031; x_wconf 72' lang='grc' dir='ltr'>πυρὸς</span> <span class='ocrx_word' id='word_1_423' title='bbox 1346 3962 1424 4022; x_wconf 60' lang='lat' dir='ltr'>dhon?</span> <span class='ocrx_word' id='word_1_424' title='bbox 1450 3963 1462 4032; x_wconf 74' lang='grc' dir='ltr'>Η</span> <span class='ocrx_word' id='word_1_425' title='bbox 1489 3963 1519 4017; x_wconf 70' lang='lat'>21</span> 
     </span>
     <span class='ocr_line' id='line_1_35' title="bbox 154 4046 1522 4119; baseline 0.004 -20"><span class='ocrx_word' id='word_1_426' title='bbox 154 4051 300 4100; x_wconf 73' lang='lat' dir='ltr'>coniectura</span> <span class='ocrx_word' id='word_1_427' title='bbox 317 4047 362 4099; x_wconf 85' lang='grc' dir='ltr'>καὶ</span> <span class='ocrx_word' id='word_1_428' title='bbox 384 4046 428 4107; x_wconf 77' lang='grc' dir='ltr'>τὰς</span> <span class='ocrx_word' id='word_1_429' title='bbox 447 4046 490 4100; x_wconf 88' lang='grc' dir='ltr'>δύο</span> <span class='ocrx_word' id='word_1_430' title='bbox 515 4047 634 4109; x_wconf 70' lang='grc' dir='ltr'>συζεύξεις</span> <span class='ocrx_word' id='word_1_431' title='bbox 657 4046 670 4118; x_wconf 71' lang='lat' dir='ltr'>ll</span> <span class='ocrx_word' id='word_1_432' title='bbox 695 4051 712 4103; x_wconf 89' lang='lat'>8</span> <span class='ocrx_word' id='word_1_433' title='bbox 736 4048 811 4119; x_wconf 73' lang='grc' dir='ltr'>ἀλλη-</span> <span class='ocrx_word' id='word_1_434' title='bbox 864 4047 996 4101; x_wconf 76' lang='grc' dir='ltr'>καλ-22</span> <span class='ocrx_word' id='word_1_435' title='bbox 1033 4047 1174 4119; x_wconf 85' lang='grc' dir='ltr'>πυρούμενα</span> <span class='ocrx_word' id='word_1_436' title='bbox 1205 4054 1332 4102; x_wconf 83' lang='lat' dir='ltr'>immerito</span> <span class='ocrx_word' id='word_1_437' title='bbox 1366 4055 1522 4118; x_wconf 73' lang='lat' dir='ltr'>respectavit</span> 
     </span>
     <span class='ocr_line' id='line_1_36' title="bbox 153 4133 1520 4209; baseline 0.004 -23"><span class='ocrx_word' id='word_1_438' title='bbox 153 4133 205 4194; x_wconf 89' lang='grc' dir='ltr'>λαις</span> <span class='ocrx_word' id='word_1_439' title='bbox 217 4137 274 4189; x_wconf 87' lang='lat' dir='ltr'>PF:</span> <span class='ocrx_word' id='word_1_440' title='bbox 294 4138 402 4190; x_wconf 79' lang='lat' dir='ltr'>correxi.</span> <span class='ocrx_word' id='word_1_441' title='bbox 421 4139 540 4202; x_wconf 75' lang='lat' dir='ltr'>intellege</span> <span class='ocrx_word' id='word_1_442' title='bbox 558 4135 655 4208; x_wconf 84' lang='grc' dir='ltr'>σκληρά</span> <span class='ocrx_word' id='word_1_443' title='bbox 667 4147 693 4190; x_wconf 81' lang='lat' dir='ltr'>el</span> <span class='ocrx_word' id='word_1_444' title='bbox 711 4134 813 4208; x_wconf 81' lang='grc' dir='ltr'>ψαθυρά</span> <span class='ocrx_word' id='word_1_445' title='bbox 864 4139 1017 4203; x_wconf 84' lang='lat' dir='ltr'>Philippeon</span> <span class='ocrx_word' id='word_1_446' title='bbox 1038 4135 1050 4204; x_wconf 76' lang='grc' dir='ltr'><em>Η</em></span> <span class='ocrx_word' id='word_1_447' title='bbox 1070 4135 1103 4188; x_wconf 76' lang='grc' dir='ltr'>θθ</span> <span class='ocrx_word' id='word_1_448' title='bbox 1121 4137 1153 4189; x_wconf 86' lang='grc' dir='ltr'>τά</span> <span class='ocrx_word' id='word_1_449' title='bbox 1172 4147 1231 4204; x_wconf 79' lang='grc' dir='ltr'>μοστ</span> <span class='ocrx_word' id='word_1_450' title='bbox 1248 4135 1312 4189; x_wconf 88' lang='grc' dir='ltr'>ἀλλα</span> <span class='ocrx_word' id='word_1_451' title='bbox 1329 4156 1454 4206; x_wconf 80' lang='lat' dir='ltr'>super-ser.</span> <span class='ocrx_word' id='word_1_452' title='bbox 1473 4135 1520 4209; x_wconf 69' lang='lat' dir='ltr'>Fll</span> 
     </span>
     <span class='ocr_line' id='line_1_37' title="bbox 154 4219 1522 4296; baseline 0.004 -23"><span class='ocrx_word' id='word_1_453' title='bbox 154 4226 183 4274; x_wconf 85' lang='lat' dir='ltr'>ci.</span> <span class='ocrx_word' id='word_1_454' title='bbox 203 4223 271 4286; x_wconf 72' lang='grc'>579.</span> <span class='ocrx_word' id='word_1_455' title='bbox 300 4220 364 4275; x_wconf 82' lang='grc' dir='ltr'>ἀλλα</span> <span class='ocrx_word' id='word_1_456' title='bbox 383 4219 467 4276; x_wconf 83' lang='grc' dir='ltr'>ἀλλων</span> <span class='ocrx_word' id='word_1_457' title='bbox 485 4228 617 4290; x_wconf 87' lang='lat' dir='ltr'>Wimmer,</span> <span class='ocrx_word' id='word_1_458' title='bbox 637 4224 697 4293; x_wconf 87' lang='grc' dir='ltr'>πρός</span> <span class='ocrx_word' id='word_1_459' title='bbox 715 4223 812 4295; x_wconf 86' lang='grc' dir='ltr'>ἀλληλα</span> <span class='ocrx_word' id='word_1_460' title='bbox 865 4223 898 4278; x_wconf 75' lang='lat'>23</span> <span class='ocrx_word' id='word_1_461' title='bbox 917 4223 1045 4295; x_wconf 86' lang='grc' dir='ltr'>παχύτερα</span> <span class='ocrx_word' id='word_1_462' title='bbox 1058 4227 1117 4278; x_wconf 92' lang='lat' dir='ltr'>PF:</span> <span class='ocrx_word' id='word_1_463' title='bbox 1137 4243 1202 4277; x_wconf 84' lang='lat' dir='ltr'>corr.</span> <span class='ocrx_word' id='word_1_464' title='bbox 1222 4227 1368 4293; x_wconf 71' lang='lat' dir='ltr'>Stephanus</span> <span class='ocrx_word' id='word_1_465' title='bbox 1390 4225 1402 4295; x_wconf 74' lang='lat' dir='ltr'>ll</span> <span class='ocrx_word' id='word_1_466' title='bbox 1423 4227 1458 4280; x_wconf 77' lang='lat'>24</span> <span class='ocrx_word' id='word_1_467' title='bbox 1477 4228 1522 4296; x_wconf 77' lang='grc' dir='ltr'>μὲν</span> 
     </span>
     <span class='ocr_line' id='line_1_38' title="bbox 153 4308 1523 4382; baseline 0.003 -20"><span class='ocrx_word' id='word_1_468' title='bbox 153 4320 212 4377; x_wconf 82' lang='lat' dir='ltr'>poet</span> <span class='ocrx_word' id='word_1_469' title='bbox 229 4308 297 4364; x_wconf 85' lang='grc' dir='ltr'>θέσιν</span> <span class='ocrx_word' id='word_1_470' title='bbox 317 4329 340 4362; x_wconf 85' lang='grc' dir='ltr'>ι.</span> <span class='ocrx_word' id='word_1_471' title='bbox 353 4310 385 4364; x_wconf 88' lang='grc'>10</span> <span class='ocrx_word' id='word_1_472' title='bbox 403 4314 541 4364; x_wconf 77' lang='lat' dir='ltr'>collocavit</span> <span class='ocrx_word' id='word_1_473' title='bbox 553 4313 695 4366; x_wconf 87' lang='lat' dir='ltr'>Schneider</span> <span class='ocrx_word' id='word_1_474' title='bbox 709 4311 720 4382; x_wconf 72' lang='grc' dir='ltr'>Η</span> <span class='ocrx_word' id='word_1_475' title='bbox 738 4313 769 4365; x_wconf 79' lang='lat'>12</span> <span class='ocrx_word' id='word_1_476' title='bbox 783 4313 813 4365; x_wconf 86' lang='grc' dir='ltr'>ἀν</span> <span class='ocrx_word' id='word_1_477' title='bbox 864 4316 921 4366; x_wconf 91' lang='lat' dir='ltr'>PF:</span> <span class='ocrx_word' id='word_1_478' title='bbox 945 4316 1041 4364; x_wconf 86' lang='lat' dir='ltr'>delevit</span> <span class='ocrx_word' id='word_1_479' title='bbox 1060 4314 1193 4365; x_wconf 81' lang='lat' dir='ltr'>Cemotine</span> <span class='ocrx_word' id='word_1_480' title='bbox 1212 4316 1356 4367; x_wconf 78' lang='lat' dir='ltr'>vossianus</span> <span class='ocrx_word' id='word_1_481' title='bbox 1377 4312 1390 4382; x_wconf 71' lang='lat' dir='ltr'>ll</span> <span class='ocrx_word' id='word_1_482' title='bbox 1412 4313 1445 4368; x_wconf 79' lang='lat'>25</span> <span class='ocrx_word' id='word_1_483' title='bbox 1464 4325 1523 4381; x_wconf 82' lang='lat' dir='ltr'>poet</span> 
     </span>
     <span class='ocr_line' id='line_1_39' title="bbox 153 4394 1521 4469; baseline 0.004 -21"><span class='ocrx_word' id='word_1_484' title='bbox 153 4402 191 4449; x_wconf 83' lang='lat' dir='ltr'>sie</span> <span class='ocrx_word' id='word_1_485' title='bbox 204 4401 249 4450; x_wconf 90' lang='lat' dir='ltr'>PF</span> <span class='ocrx_word' id='word_1_486' title='bbox 270 4394 282 4466; x_wconf 73' lang='lat' dir='ltr'>ll</span> <span class='ocrx_word' id='word_1_487' title='bbox 304 4417 366 4452; x_wconf 86' lang='lat' dir='ltr'>num</span> <span class='ocrx_word' id='word_1_488' title='bbox 384 4398 533 4460; x_wconf 86' lang='grc' dir='ltr'>ἐπισκιάζειν</span> <span class='ocrx_word' id='word_1_489' title='bbox 551 4404 582 4452; x_wconf 82' lang='lat' dir='ltr'>es.</span> <span class='ocrx_word' id='word_1_490' title='bbox 595 4403 609 4464; x_wconf 82' lang='lat'>§</span> <span class='ocrx_word' id='word_1_491' title='bbox 621 4401 663 4454; x_wconf 82' lang='lat'>73.</span> <span class='ocrx_word' id='word_1_492' title='bbox 677 4401 718 4454; x_wconf 86' lang='grc'>79.</span> <span class='ocrx_word' id='word_1_493' title='bbox 732 4399 811 4469; x_wconf 69' lang='grc'>80911</span> <span class='ocrx_word' id='word_1_494' title='bbox 865 4401 1006 4452; x_wconf 85' lang='grc' dir='ltr'>συνεστάναι</span> <span class='ocrx_word' id='word_1_495' title='bbox 1024 4403 1095 4453; x_wconf 77' lang='lat' dir='ltr'>hiere</span> <span class='ocrx_word' id='word_1_496' title='bbox 1116 4405 1272 4454; x_wconf 77' lang='lat' dir='ltr'>existimavit</span> <span class='ocrx_word' id='word_1_497' title='bbox 1285 4405 1428 4454; x_wconf 76' lang='lat' dir='ltr'>orationem</span> <span class='ocrx_word' id='word_1_498' title='bbox 1439 4406 1521 4455; x_wconf 91' lang='lat' dir='ltr'>Wim·</span> 
     </span>
     <span class='ocr_line' id='line_1_40' title="bbox 153 4483 1522 4558; baseline 0.001 -20"><span class='ocrx_word' id='word_1_499' title='bbox 153 4483 232 4544; x_wconf 86' lang='grc' dir='ltr'>είιθεῖς</span> <span class='ocrx_word' id='word_1_500' title='bbox 249 4503 299 4538; x_wconf 78' lang='lat' dir='ltr'>see.</span> <span class='ocrx_word' id='word_1_501' title='bbox 318 4489 339 4539; x_wconf 88' lang='lat' dir='ltr'><strong>F</strong></span> <span class='ocrx_word' id='word_1_502' title='bbox 359 4489 388 4554; x_wconf 78' lang='grc'>(1</span> <span class='ocrx_word' id='word_1_503' title='bbox 405 4505 442 4554; x_wconf 88' lang='lat' dir='ltr'>pr.</span> <span class='ocrx_word' id='word_1_504' title='bbox 462 4489 509 4550; x_wconf 87' lang='lat' dir='ltr'>F):</span> <span class='ocrx_word' id='word_1_505' title='bbox 533 4483 646 4546; x_wconf 78' lang='grc' dir='ltr'>ιύθθςΡ</span> <span class='ocrx_word' id='word_1_506' title='bbox 671 4486 682 4556; x_wconf 71' lang='lat' dir='ltr'>ll</span> <span class='ocrx_word' id='word_1_507' title='bbox 711 4487 741 4541; x_wconf 84' lang='lat'>13</span> <span class='ocrx_word' id='word_1_508' title='bbox 761 4487 814 4540; x_wconf 82' lang='grc' dir='ltr'>εύδϊ</span> <span class='ocrx_word' id='word_1_509' title='bbox 865 4505 930 4552; x_wconf 87' lang='lat' dir='ltr'>mer,</span> <span class='ocrx_word' id='word_1_510' title='bbox 955 4488 984 4540; x_wconf 82' lang='grc' dir='ltr'>ἐκ</span> <span class='ocrx_word' id='word_1_511' title='bbox 1008 4486 1124 4557; x_wconf 84' lang='grc' dir='ltr'>μεγάλων</span> <span class='ocrx_word' id='word_1_512' title='bbox 1142 4487 1166 4540; x_wconf 82' lang='grc' dir='ltr'>δ’</span> <span class='ocrx_word' id='word_1_513' title='bbox 1187 4489 1279 4558; x_wconf 85' lang='grc' dir='ltr'>ἀμφοῖν</span> <span class='ocrx_word' id='word_1_514' title='bbox 1298 4491 1422 4553; x_wconf 82' lang='grc' dir='ltr'>Μυθεοίι,</span> <span class='ocrx_word' id='word_1_515' title='bbox 1446 4499 1472 4540; x_wconf 80' lang='grc' dir='ltr'>ει</span> <span class='ocrx_word' id='word_1_516' title='bbox 1490 4493 1522 4541; x_wconf 85' lang='lat' dir='ltr'>ef.</span> 
     </span>
     <span class='ocr_line' id='line_1_41' title="bbox 275 4572 1521 4646; baseline 0.002 -20.734"><span class='ocrx_word' id='word_1_517' title='bbox 275 4572 311 4626; x_wconf 76' lang='grc' dir='ltr'>ἔτι</span> <span class='ocrx_word' id='word_1_518' title='bbox 329 4579 365 4628; x_wconf 88' lang='grc' dir='ltr'>Ρι</span> <span class='ocrx_word' id='word_1_519' title='bbox 392 4573 461 4627; x_wconf 85' lang='grc' dir='ltr'>εθδί.</span> <span class='ocrx_word' id='word_1_520' title='bbox 480 4572 517 4626; x_wconf 85' lang='grc' dir='ltr'>έτι</span> <span class='ocrx_word' id='word_1_521' title='bbox 534 4576 571 4626; x_wconf 86' lang='lat' dir='ltr'>F:</span> <span class='ocrx_word' id='word_1_522' title='bbox 600 4591 665 4628; x_wconf 78' lang='lat' dir='ltr'>con·-</span> <span class='ocrx_word' id='word_1_523' title='bbox 690 4579 811 4630; x_wconf 80' lang='lat' dir='ltr'>Voeeien.</span> <span class='ocrx_word' id='word_1_524' title='bbox 864 4593 889 4642; x_wconf 90' lang='lat' dir='ltr'>p.</span> <span class='ocrx_word' id='word_1_525' title='bbox 902 4573 962 4638; x_wconf 76' lang='lat'>524,</span> <span class='ocrx_word' id='word_1_526' title='bbox 973 4575 997 4630; x_wconf 80' lang='lat'>8.</span> <span class='ocrx_word' id='word_1_527' title='bbox 1026 4579 1134 4628; x_wconf 78' lang='lat' dir='ltr'>fortasse</span> <span class='ocrx_word' id='word_1_528' title='bbox 1158 4577 1317 4645; x_wconf 86' lang='grc' dir='ltr'>μεμιγμένων</span> <span class='ocrx_word' id='word_1_529' title='bbox 1336 4575 1361 4628; x_wconf 83' lang='grc' dir='ltr'>δὲ</span> <span class='ocrx_word' id='word_1_530' title='bbox 1380 4577 1471 4646; x_wconf 84' lang='grc' dir='ltr'>ἀμφοῖν</span> <span class='ocrx_word' id='word_1_531' title='bbox 1489 4584 1521 4646; x_wconf 71' lang='grc' dir='ltr'>τῇ</span> 
     </span>
     <span class='ocr_line' id='line_1_42' title="bbox 154 4659 1521 4733; baseline 0.002 -21"><span class='ocrx_word' id='word_1_532' title='bbox 154 4664 286 4714; x_wconf 77' lang='grc' dir='ltr'>Οειιιοτῖιιε</span> <span class='ocrx_word' id='word_1_533' title='bbox 308 4659 321 4730; x_wconf 70' lang='lat' dir='ltr'>ll</span> <span class='ocrx_word' id='word_1_534' title='bbox 344 4663 375 4715; x_wconf 84' lang='lat'>14</span> <span class='ocrx_word' id='word_1_535' title='bbox 393 4661 423 4716; x_wconf 85' lang='grc' dir='ltr'>τὸ</span> <span class='ocrx_word' id='word_1_536' title='bbox 441 4663 513 4715; x_wconf 81' lang='grc' dir='ltr'>ποιὰν</span> <span class='ocrx_word' id='word_1_537' title='bbox 531 4665 589 4716; x_wconf 87' lang='lat' dir='ltr'>PF:</span> <span class='ocrx_word' id='word_1_538' title='bbox 613 4680 678 4716; x_wconf 84' lang='lat' dir='ltr'>corr.</span> <span class='ocrx_word' id='word_1_539' title='bbox 697 4665 807 4731; x_wconf 82' lang='lat' dir='ltr'>Stephe-</span> <span class='ocrx_word' id='word_1_540' title='bbox 861 4659 928 4716; x_wconf 84' lang='grc' dir='ltr'>θέσει</span> <span class='ocrx_word' id='word_1_541' title='bbox 945 4663 988 4716; x_wconf 82' lang='grc' dir='ltr'>καὶ</span> <span class='ocrx_word' id='word_1_542' title='bbox 1000 4661 1067 4724; x_wconf 83' lang='grc' dir='ltr'>τάξει</span> <span class='ocrx_word' id='word_1_543' title='bbox 1084 4663 1168 4716; x_wconf 84' lang='grc' dir='ltr'>αύτῶν</span> <span class='ocrx_word' id='word_1_544' title='bbox 1187 4663 1368 4733; x_wconf 73' lang='grc' dir='ltr'>[ίσχημάτων]</span> <span class='ocrx_word' id='word_1_545' title='bbox 1386 4664 1432 4732; x_wconf 75' lang='grc' dir='ltr'>τὴν</span> <span class='ocrx_word' id='word_1_546' title='bbox 1445 4664 1521 4732; x_wconf 85' lang='grc' dir='ltr'>χρόαν</span> 
     </span>
     <span class='ocr_line' id='line_1_43' title="bbox 150 4745 1521 4822; baseline 0.001 -22"><span class='ocrx_word' id='word_1_547' title='bbox 150 4766 199 4800; x_wconf 83' lang='lat' dir='ltr'>nne</span> <span class='ocrx_word' id='word_1_548' title='bbox 224 4745 237 4816; x_wconf 90' lang='grc' dir='ltr'>ΙΙ</span> <span class='ocrx_word' id='word_1_549' title='bbox 267 4750 298 4803; x_wconf 90' lang='grc'>16</span> <span class='ocrx_word' id='word_1_550' title='bbox 316 4747 423 4820; x_wconf 85' lang='grc' dir='ltr'>οίωνπιρ</span> <span class='ocrx_word' id='word_1_551' title='bbox 441 4749 455 4802; x_wconf 91' lang='grc' dir='ltr'>δ</span> <span class='ocrx_word' id='word_1_552' title='bbox 473 4749 502 4802; x_wconf 88' lang='grc' dir='ltr'>τό</span> <span class='ocrx_word' id='word_1_553' title='bbox 520 4755 553 4804; x_wconf 88' lang='lat' dir='ltr'>F:</span> <span class='ocrx_word' id='word_1_554' title='bbox 573 4749 633 4802; x_wconf 84' lang='grc' dir='ltr'>σίων</span> <span class='ocrx_word' id='word_1_555' title='bbox 652 4753 707 4820; x_wconf 82' lang='grc' dir='ltr'>περὶ</span> <span class='ocrx_word' id='word_1_556' title='bbox 724 4748 754 4802; x_wconf 89' lang='grc' dir='ltr'>τό</span> <span class='ocrx_word' id='word_1_557' title='bbox 772 4754 810 4804; x_wconf 91' lang='lat' dir='ltr'>P:</span> <span class='ocrx_word' id='word_1_558' title='bbox 862 4769 898 4804; x_wconf 82' lang='lat' dir='ltr'>ee.</span> <span class='ocrx_word' id='word_1_559' title='bbox 910 4753 1051 4804; x_wconf 77' lang='grc' dir='ltr'>συνεστάναι</span> <span class='ocrx_word' id='word_1_560' title='bbox 1066 4749 1124 4822; x_wconf 74' lang='grc' dir='ltr'>Ητῇ</span> <span class='ocrx_word' id='word_1_561' title='bbox 1145 4748 1212 4804; x_wconf 86' lang='grc' dir='ltr'>θέσει</span> <span class='ocrx_word' id='word_1_562' title='bbox 1230 4751 1256 4803; x_wconf 79' lang='grc' dir='ltr'>δέ</span> <span class='ocrx_word' id='word_1_563' title='bbox 1274 4752 1318 4803; x_wconf 85' lang='grc' dir='ltr'>καὶ</span> <span class='ocrx_word' id='word_1_564' title='bbox 1335 4749 1402 4811; x_wconf 88' lang='grc' dir='ltr'>τάξει</span> <span class='ocrx_word' id='word_1_565' title='bbox 1414 4755 1470 4804; x_wconf 90' lang='lat' dir='ltr'>PF:</span> <span class='ocrx_word' id='word_1_566' title='bbox 1489 4757 1521 4821; x_wconf 77' lang='grc' dir='ltr'>τῇ</span> 
     </span>
     <span class='ocr_line' id='line_1_44' title="bbox 152 4833 1522 4910; baseline 0.002 -23"><span class='ocrx_word' id='word_1_567' title='bbox 152 4839 253 4888; x_wconf 80' lang='lat' dir='ltr'>correxi</span> <span class='ocrx_word' id='word_1_568' title='bbox 274 4833 286 4902; x_wconf 73' lang='grc' dir='ltr'>Η</span> <span class='ocrx_word' id='word_1_569' title='bbox 308 4836 340 4890; x_wconf 93' lang='grc'>17</span> <span class='ocrx_word' id='word_1_570' title='bbox 360 4837 496 4908; x_wconf 88' lang='grc' dir='ltr'>συγκρίσεις</span> <span class='ocrx_word' id='word_1_571' title='bbox 515 4842 547 4890; x_wconf 85' lang='lat' dir='ltr'>ei.</span> <span class='ocrx_word' id='word_1_572' title='bbox 566 4841 647 4890; x_wconf 76' lang='lat' dir='ltr'>Ariet-</span> <span class='ocrx_word' id='word_1_573' title='bbox 666 4841 698 4890; x_wconf 88' lang='lat' dir='ltr'>de</span> <span class='ocrx_word' id='word_1_574' title='bbox 712 4857 770 4905; x_wconf 66' lang='lat' dir='ltr'>gen,</span> <span class='ocrx_word' id='word_1_575' title='bbox 786 4850 812 4891; x_wconf 80' lang='grc' dir='ltr'>οι</span> <span class='ocrx_word' id='word_1_576' title='bbox 863 4836 930 4892; x_wconf 86' lang='grc' dir='ltr'>θέσει</span> <span class='ocrx_word' id='word_1_577' title='bbox 953 4841 997 4892; x_wconf 87' lang='grc' dir='ltr'>καῖ</span> <span class='ocrx_word' id='word_1_578' title='bbox 1015 4847 1047 4910; x_wconf 73' lang='grc' dir='ltr'>τῇ</span> <span class='ocrx_word' id='word_1_579' title='bbox 1062 4837 1129 4899; x_wconf 89' lang='grc' dir='ltr'>τάξει</span> <span class='ocrx_word' id='word_1_580' title='bbox 1145 4843 1251 4904; x_wconf 80' lang='lat' dir='ltr'>vulgoe</span> <span class='ocrx_word' id='word_1_581' title='bbox 1268 4841 1417 4893; x_wconf 83' lang='lat' dir='ltr'>Schneideri</span> <span class='ocrx_word' id='word_1_582' title='bbox 1436 4842 1522 4890; x_wconf 81' lang='lat' dir='ltr'>conie-</span> 
     </span>
     <span class='ocr_line' id='line_1_45' title="bbox 150 4921 1520 4996; baseline 0.003 -22"><span class='ocrx_word' id='word_1_583' title='bbox 150 4923 282 4975; x_wconf 78' lang='lat' dir='ltr'>eorr.112</span> <span class='ocrx_word' id='word_1_584' title='bbox 301 4941 325 4990; x_wconf 88' lang='lat' dir='ltr'>p.</span> <span class='ocrx_word' id='word_1_585' title='bbox 336 4922 444 4980; x_wconf 74' lang='lat' dir='ltr'><strong>329b26</strong></span> <span class='ocrx_word' id='word_1_586' title='bbox 467 4921 560 4995; x_wconf 87' lang='grc' dir='ltr'>θερμόν</span> <span class='ocrx_word' id='word_1_587' title='bbox 578 4927 624 4994; x_wconf 86' lang='grc' dir='ltr'>γάρ</span> <span class='ocrx_word' id='word_1_588' title='bbox 637 4924 689 4976; x_wconf 80' lang='grc' dir='ltr'>ἐστι</span> <span class='ocrx_word' id='word_1_589' title='bbox 701 4923 729 4976; x_wconf 90' lang='grc' dir='ltr'>τδ</span> <span class='ocrx_word' id='word_1_590' title='bbox 742 4939 812 4994; x_wconf 84' lang='grc' dir='ltr'>συγ·</span> <span class='ocrx_word' id='word_1_591' title='bbox 865 4939 936 4978; x_wconf 75' lang='lat' dir='ltr'>etune</span> <span class='ocrx_word' id='word_1_592' title='bbox 952 4925 963 4989; x_wconf 68' lang='lat' dir='ltr'>&#39;i</span> <span class='ocrx_word' id='word_1_593' title='bbox 979 4927 1012 4982; x_wconf 79' lang='lat'>26</span> <span class='ocrx_word' id='word_1_594' title='bbox 1031 4939 1089 4994; x_wconf 81' lang='lat' dir='ltr'>post</span> <span class='ocrx_word' id='word_1_595' title='bbox 1106 4927 1152 4996; x_wconf 77' lang='grc' dir='ltr'>τὴν</span> <span class='ocrx_word' id='word_1_596' title='bbox 1175 4927 1251 4996; x_wconf 88' lang='grc' dir='ltr'>χρόαν</span> <span class='ocrx_word' id='word_1_597' title='bbox 1264 4927 1379 4978; x_wconf 81' lang='lat' dir='ltr'>Mullech</span> <span class='ocrx_word' id='word_1_598' title='bbox 1397 4923 1520 4994; x_wconf 88' lang='grc' dir='ltr'>γίγνεσθαι</span> 
     </span>
     <span class='ocr_line' id='line_1_46' title="bbox 152 5009 993 5084; baseline 0.002 -22"><span class='ocrx_word' id='word_1_599' title='bbox 152 5014 259 5082; x_wconf 85' lang='grc' dir='ltr'>κρῖνον</span> <span class='ocrx_word' id='word_1_600' title='bbox 276 5011 313 5064; x_wconf 82' lang='grc' dir='ltr'>τά</span> <span class='ocrx_word' id='word_1_601' title='bbox 331 5009 467 5084; x_wconf 82' lang='grc' dir='ltr'>ὁμογενῆ</span> <span class='ocrx_word' id='word_1_602' title='bbox 487 5011 525 5077; x_wconf 87' lang='grc' dir='ltr'>(τδ</span> <span class='ocrx_word' id='word_1_603' title='bbox 542 5011 589 5084; x_wconf 57' lang='lat' dir='ltr'>:lp</span> <span class='ocrx_word' id='word_1_604' title='bbox 606 5012 736 5083; x_wconf 88' lang='grc' dir='ltr'>διακρίνειν</span> <span class='ocrx_word' id='word_1_605' title='bbox 754 5011 814 5084; x_wconf 87' lang='grc' dir='ltr'>όπεφ</span> <span class='ocrx_word' id='word_1_606' title='bbox 865 5016 993 5082; x_wconf 82' lang='grc' dir='ltr'>ειιρρ1ενίι</span> 
     </span>
    </p>
   </div>
   <div class='ocr_carea' id='block_1_4' title="bbox 0 0 1858 5738">
    <p class='ocr_par' dir='ltr' id='par_1_5' title="bbox 0 0 1858 5738">
     <span class='ocr_line' id='line_1_47' title="bbox 0 0 1858 5738; baseline 0 0"><span class='ocrx_word' id='word_1_607' title='bbox 0 0 1858 5738; x_wconf 95' lang='lat' dir='ltr'> </span> 
     </span>
    </p>
   </div>
  </div>
 </body>
</html>
