3708 5732
326 369 388 432 120
441 373 481 421 IX
508 373 557 420 DE
577 371 833 422 THEOPHRASTI
852 373 1059 422 OPINIONUM
1080 374 1179 424 APUD
1200 373 1415 423 CICERONEM
1434 373 1612 424 vesnlens

324 539 423 604 nimia
444 545 593 606 vetustae
615 539 842 624 philosophiae
866 539 1058 622 ignorantia.
1086 539 1161 606 inde
1184 559 1303 621 graeca
1327 541 1486 607 vacillans
1513 548 1546 606 et
1566 542 1684 606 anxius

324 647 361 707 ut
386 659 503 706 caecus
530 641 673 724 sequitur
700 647 733 706 et
758 662 825 708 non
849 661 1024 726 numquam
1050 641 1085 707 fit
1116 647 1152 705 ut
1177 642 1302 723 graecis
1329 636 1466 710 conlatis
1493 643 1583 709 velut
1609 643 1683 710 face

324 743 425 808 nimia
453 745 611 810 sermonis
645 745 823 811 obscuritas
854 765 893 810 ac
921 744 1117 828 compressio
1141 743 1308 810 clarescat.
1340 745 1430 812 uelut
1457 744 1686 829 Xenophanes

325 845 401 910 audi
417 845 583 930 Ξενοφάνης
605 847 636 910 ἓν
657 849 691 911 τὸ
714 852 770 911 πᾶν
793 850 992 934 ἀμετάβλητον
1015 849 1063 910 καὶ
1086 848 1155 910 θεὸν
1175 845 1246 910 εἶναι
1262 853 1346 912 τοῦτο
1362 849 1499 930 ἀγένητον
1523 849 1570 912 καὶ
1592 847 1684 914 ἀίδιον

326 951 509 1034 σφαιροειδῆ.
535 949 751 1014 contractiora
777 957 851 1015 sunt
878 969 997 1032 graeca
1022 955 1058 1014 ut
1080 949 1185 1016 solent
1211 949 1274 1034 illi,
1303 951 1362 1016 sed
1388 969 1472 1034 quae
1494 970 1592 1034 supra
1614 972 1687 1034 pro

326 1051 421 1135 posui
448 1051 550 1116 latina
576 1049 674 1116 etiam
700 1051 840 1118 horrida.
885 1050 1114 1135 quaerentibus
1136 1071 1214 1116 vero
1236 1072 1387 1134 graecum
1410 1053 1577 1136 exemplar
1597 1053 1686 1119 unde

327 1153 440 1218 Cicero
464 1154 546 1238 (sive
568 1153 676 1236 potius
691 1175 786 1236 quem
802 1152 950 1218 adhibuit
964 1151 1191 1237 Academicus)
1213 1153 1479 1238 philosophorum
1502 1156 1686 1238 catalogum

326 1256 534 1341 excerpserit,
557 1255 795 1322 observandum
819 1261 868 1321 est
892 1275 958 1320 non
980 1257 1065 1319 ultra
1087 1255 1255 1320 Platonem
1281 1255 1467 1340 opinionum
1490 1255 1686 1322 discordiam

327 1357 490 1442 explicari.
522 1377 596 1422 narn
620 1357 799 1423 Stoicorum
823 1357 944 1422 mentio
968 1361 988 1438 ξ
1011 1357 1073 1422 119
1097 1363 1170 1442 post
1192 1357 1465 1442 intercapedinem
1487 1358 1575 1424 faeta
1596 1361 1688 1427 item-

326 1481 388 1544 que
414 1460 597 1525 Aristotelis
626 1467 659 1525 et
680 1459 841 1524 Stratonis
864 1480 890 1524 c.
907 1461 948 1524 38
974 1459 1079 1524 forma
1106 1460 1179 1544 ipsa
1207 1466 1239 1525 et
1261 1459 1369 1544 specie
1391 1461 1531 1526 alienam
1553 1482 1593 1527 ac
1614 1484 1688 1546 pro-

327 1563 449 1647 piorem
473 1561 630 1642 originem
654 1562 803 1644 produnt.
827 1563 997 1628 Platonem
1019 1561 1117 1644 igitur
1139 1568 1286 1628 tenemus
1308 1562 1517 1628 novissimum
1538 1564 1689 1648 physico-

326 1687 396 1730 rum
420 1663 621 1744 sandemque
642 1663 926 1747 Theophrastei
949 1663 1056 1747 operis
1078 1665 1233 1729 ultimum.
1269 1665 1333 1730 iam
1355 1665 1524 1732 videamus
1547 1665 1686 1747 singula.

412 1765 591 1832 Thaletis
614 1764 778 1830 decretum
795 1766 934 1832 brevius.
966 1765 1250 1832 Anaximander
1266 1767 1480 1832 conserendus
1495 1787 1566 1832 cum
1582 1767 1688 1833 Theo-

327 1871 450 1954 phrast.
474 1867 548 1934 fra
572 1869 648 1951 λέγει
671 1866 695 1932 b·
722 1869 813 1952 αὐτὴν
832 1870 981 1954 ...φύσιν
1004 1867 1120 1952 ἄπειρον
1143 1869 1172 1938 ἐξ
1195 1870 1230 1954 ἧς
1253 1870 1381 1940 ἅπαντας
1402 1871 1532 1953 γίνεσθαι
1553 1869 1620 1940 τοὺς
1642 1870 1689 1934 σίν

329 1975 430 2058 parcit<
444 1973 492 2035 καὶ
508 1973 574 2041 τοὺς
589 1973 619 2034 ἐν
635 1972 733 2041 αὐτοῖς
748 1972 903 2054 κόσμους.ι
938 1969 1186 2035 Anaximenis
1202 1971 1310 2055 opinio
1326 1971 1497 2037 Tullianae
1512 1971 1689 2036 consimilis

327 2076 485 2159 reperitur·
516 2073 637 2138 ibidem
664 2072 892 2157 Ἀναξιμένης
917 2075 1047 2158 ...τὴν
1070 2075 1260 2158 ὑποκειμένην
1283 2075 1367 2159 φύσιν
1389 2074 1436 2136 καὶ
1459 2073 1577 2158 ἄπειρόν
1599 2095 1688 2158 φησιν

330 2221 337 2236 .
361 2221 369 2235 .
393 2221 400 2236 .
427 2178 480 2240 οὐκ
510 2177 642 2262 ἀόριστον
668 2178 702 2239 δὲ
732 2177 831 2260 ὥσπερ
858 2177 981 2254 ἐκεῖνος,
1008 2177 1084 2239 ἀλλὰ
1107 2177 1268 2262 ὡρισμένην
1291 2177 1363 2261 ἀέρα
1386 2177 1478 2258 λέγων
1500 2176 1590 2260 αὐτήν
1616 2219 1624 2234 .
1648 2219 1656 2234 .
1681 2219 1688 2234 .

328 2281 521 2362 πυκνούμενον
544 2281 577 2342 δὲ
599 2279 704 2362 ἄνεμον
727 2277 789 2340 εἶτα
811 2277 897 2362 νέφος
919 2277 961 2341 ἔτι
988 2279 1021 2342 δὲ
1043 2281 1151 2361 μᾶλλον
1175 2281 1253 2364 ὕδωρ
1275 2279 1338 2342 εἶτα
1352 2261 1412 2362 Ιγῆν
1435 2279 1498 2342 εἶτα
1519 2279 1630 2357 λίθους,
1652 2281 1690 2343 τὰ

328 2384 361 2446 δὲ
383 2382 457 2445 ἄλλα
479 2384 513 2446 ἐκ
535 2381 654 2444 τούτων.
689 2379 764 2444 hinc
791 2399 874 2462 quae
903 2379 1016 2446 Cicero
1043 2381 1177 2464 opponit
1206 2381 1402 2446 infinitum
1425 2399 1503 2445 aera
1533 2387 1565 2446 et
1586 2381 1690 2446 defi-

327 2485 411 2548 nita
431 2503 514 2568 quae
535 2483 611 2548 inde
634 2482 779 2547 oriuntur
801 2481 886 2546 male
907 2481 1073 2548 intellecta
1087 2483 1189 2548 videri
1205 2483 1340 2567 possint,
1362 2501 1473 2548 verum
1496 2485 1593 2566 paulo
1617 2505 1690 2567 pra

328 2589 400 2673 pius
422 2585 548 2652 accedit
571 2581 759 2670 [Plutarchi]
782 2582 899 2648 Strom.
923 2585 942 2648 3
965 2589 1065 2648 τοῦτον
1088 2585 1225 2671 εἶναιτῷ
1249 2587 1301 2668 μὲν
1329 2586 1445 2668 μεγέθει
1468 2583 1602 2669 ἄπειρον,
1626 2590 1689 2655 ταῖς

329 2693 362 2754 δὲ
384 2691 447 2772 περὶ
471 2688 557 2752 αὐτὸν
580 2689 728 2772 ποιότησιν
752 2685 922 2771 ὡρισμένον.
954 2685 1064 2768 itaque
1089 2708 1108 2752 e
1134 2687 1294 2752 contrario
1315 2687 1558 2771 Simplicianum
1582 2707 1705 2752 (entier-¹

329 2800 419 2878 ptum
441 2793 547 2856 minus
568 2797 732 2874 accurate,
761 2806 953 2873 quamquam
987 2807 1053 2853 non
1087 2787 1170 2854 salso
1199 2788 1406 2874 compilatum
1441 2795 1498 2854 est.
1544 2789 1602 2854 sed
1625 2796 1691 2853 tur·

329 2897 412 2982 piter
444 2894 564 2960 labitur
599 2895 775 2978 interpres,
805 2913 876 2957 cum
908 2891 1107 2976 ὁμοιομερείας
1134 2895 1347 2974 Αιιαααροναο
1371 2895 1546 2972 particulas
1572 2895 1690 2956 similes

329 3003 409 3061 inter
442 3019 475 3060 se
508 2996 621 3078 vertit,
653 2995 715 3060 nisi
747 2991 951 3060 emendando
979 3013 1165 3060 succurrere
1186 2991 1363 3060 volueris’
1406 2995 1493 3078 quod
1514 2995 1606 3072 addit
1628 2998 1691 3058 mi-

330 3111 422 3163 culas
451 3099 677 3182 explicandum
704 3104 755 3162 est
783 3116 824 3162 ex
853 3095 1000 3178 Diogene
1025 3097 1100 3160 118
1132 3098 1165 3160 ἐκ
1192 3102 1251 3160 τῶν
1279 3100 1461 3181 ὁμοιομερῶν
1491 3101 1600 3181 μικρῶν
1635 3119 1690 3160 σοι

331 3205 429 3286 μάτων
452 3203 485 3265 τὸ
508 3207 565 3264 πᾶν
589 3201 792 3284 συγκεκρίσθαι
815 3197 855 3263 cf.
877 3196 962 3262 infra
977 3197 1294 3280 Theophrasteorum
1317 3205 1508 3282 conspectus
1523 3199 1553 3263 3.
1584 3217 1691 3280 nequo

330 3303 448 3368 rectius
477 3302 528 3368 hic
556 3304 756 3370 dubitavisse
783 3299 921 3366 arbitror
946 3299 1106 3364 Zellerum
1128 3299 1163 3378 1⁴
1186 3300 1283 3384 884¹,
1311 3319 1407 3383 quam
1436 3299 1478 3365 de
1504 3311 1602 3363 meare
1635 3301 1690 3362 di-

330 3411 415 3484 οίιιο,
437 3425 502 3489 qua
523 3425 576 3472 res
598 3406 753 3472 confusae
775 3403 1013 3469 adducerentur
1033 3401 1067 3466 in
1094 3402 1248 3468 ordinem.
1273 3403 1305 3466 in
1329 3402 1443 3468 eodem
1467 3408 1555 3466 certe
1582 3421 1692 3467 errore

331 3517 380 3576 est
401 3508 514 3574 Aetius
535 3509 551 3574 I
575 3512 592 3574 l
620 3518 651 3571 15
683 3510 737 3593 qni
758 3513 824 3572 νοῦν
848 3506 1024 3587 κοσμοποιὸν
1057 3507 1105 3568 τὸν
1141 3505 1209 3569 θεόν
1243 3504 1414 3588 adgnoscit
1446 3509 1479 3569 ei
1512 3503 1691 3587 Epicureus

332 3611 477 3695 quisquis
509 3619 559 3676 est
590 3611 678 3695 apud
711 3610 847 3676 eundem
877 3609 981 3672 175.
1025 3607 1084 3672 sed
1112 3609 1153 3674 de
1185 3607 1367 3672 lonicorum
1400 3605 1566 3687 theologia
1593 3605 1689 3670 infra.

329 3712 689 3795 Xenophaneorum
706 3711 950 3795 Theophrastus
965 3716 1078 3774 auctor
1093 3716 1219 3775 constat
1234 3730 1275 3775 ex
1291 3709 1338 3774 eis
1355 3727 1438 3791 quae
1453 3729 1551 3792 supra
1566 3729 1597 3792 p.
1612 3709 1690 3773 111⁸

330 3823 363 3880 et
387 3815 470 3878 112²
493 3815 659 3898 adscripsi.
689 3812 860 3897 splendida
882 3818 932 3876 est
954 3812 1124 3877 consensio
1146 3811 1181 3876 in
1203 3811 1444 3895 Parmenide‚
1466 3831 1537 3876 curn
1560 3811 1692 3895 Peripa-

330 3917 428 3982 tetica
443 3915 602 4000 principia
618 3916 712 3981 simul
728 3919 909 4000 appareant
931 3913 971 3978 ci.
987 3914 1024 3978 ir.
1038 3915 1058 3978 6
1074 3915 1185 3996 [supra
1199 3933 1231 3997 p.
1246 3911 1318 3999 113]
1334 3915 1385 3977 δύο
1408 3917 1500 3978 ποιῶν
1521 3914 1572 3984 τὰς
1595 3915 1690 3998 ἀρχὰς

329 4026 386 4104 πῦρ
402 4021 449 4083 καὶ
464 4025 528 4103 γῆν,
550 4019 611 4102 τὴν
635 4019 695 4102 μὲν
716 4023 760 4088 ὡς
783 4019 883 4100 ὕλην,
905 4019 943 4080 τὸ
966 4016 994 4079 δ’
1018 4021 1063 4086 ὡς
1085 4015 1201 4080 αἴτιον
1224 4019 1281 4080 καὶ
1304 4022 1441 4080 ποιοῦν.
1464 4016 1504 4081 ef.
1524 4015 1690 4082 Karstenii

328 4125 435 4188 Parm.
459 4143 490 4204 p.
512 4122 574 4185 225
594 4119 628 4186 ¹².
661 4141 733 4186 cum
758 4118 959 4202 Leucippo
991 4118 1220 4184 conferendum
1253 4119 1290 4184 ir.
1315 4120 1351 4203 8,
1384 4117 1438 4183 ubi
1468 4125 1607 4201 cognata
1640 4125 1691 4184 est

328 4225 412 4289 ratio
435 4243 499 4306 qua
521 4223 610 4306 apud
632 4223 891 4308 Theophrastum
911 4219 1116 4287 Democritus
1142 4220 1323 4286 adnectitur
1348 4221 1556 4306 παραπλησίως
1586 4223 1691 4285 δὲκαὶ

329 4331 345 4392 ὁ
368 4328 480 4410 ἑταῖρος
508 4327 598 4408 αὐτοῦ
621 4327 799 4411 Δημόκριτος
827 4326 920 4411 ἀρχὰς
945 4325 1030 4390 ἔθετο
1052 4326 1085 4388 τὸ
1108 4327 1215 4408 πλῆρες
1237 4323 1285 4386 καὶ
1307 4325 1341 4386 τὸ
1367 4325 1449 4388 κενόν
1477 4343 1548 4388 enm
1571 4323 1691 4388 Tullia-

327 4429 378 4492 nis
404 4429 599 4491 Democritus
619 4431 691 4493 huic
712 4431 745 4492 ίιι
766 4430 824 4492 boo
845 4429 964 4492 rivallis.
1004 4428 1090 4512 quod
1112 4447 1154 4492 ne
1175 4425 1340 4490 fortuitum
1363 4431 1457 4508 putes
1480 4424 1591 4490 confer
1612 4425 1691 4509 Hip-

400 4600 408 4630 ¹
427 4603 544 4651 similiter
555 4603 699 4666 Hippolyti,
718 4605 849 4653 Plutarchi
865 4603 960 4652 Strom.
978 4609 1105 4666 excerpta.
1132 4603 1222 4650 ceteris
1236 4601 1344 4650 similior
1362 4605 1389 4648 ut
1401 4600 1505 4649 breuior
1517 4601 1610 4650 Aetius
1623 4601 1637 4648 l
1650 4597 1692 4650 33

326 4683 560 4755 Ἀναξίμανδρος
580 4683 719 4756 Πραξιάδου
738 4684 859 4756 Μιλήσιός
877 4701 938 4756 φησι
955 4693 1007 4738 τῶν
1025 4685 1105 4738 ὄντων
1128 4683 1208 4754 ἀρχὴν
1226 4683 1333 4736 εἶναιτὸ
1351 4683 1459 4753 άπειρον.
1487 4684 1517 4736 la
1535 4685 1581 4753 γὰρ
1598 4682 1690 4736 τούτου

327 4777 406 4827 πάντα
425 4771 549 4843 γίγνεσθαι
567 4775 610 4826 καὶ
629 4775 662 4832 τίς
679 4779 754 4827 τοῦτο
772 4777 853 4828 πάντα
871 4771 1021 4843 φθείρεσθαι.
1045 4779 1076 4826 el.
1094 4777 1162 4825 intra
1180 4781 1308 4838 surrepant.
1325 4775 1347 4824 l.

397 4861 407 4893 ²
426 4865 534 4914 conlatis
548 4864 668 4927 Anaxag.
681 4865 711 4913 ir.
726 4865 741 4917 6
754 4861 825 4914 obelo
838 4861 958 4914 ἐοικότων
970 4871 996 4912 et
1008 4865 1153 4928 Augustino
1167 4861 1249 4924 [civit.
1262 4863 1329 4911 VIll
1343 4858 1358 4911 2
1372 4862 1408 4911 de
1421 4863 1592 4926 particulis
1605 4863 1691 4911 inter

327 4968 358 5002 se
378 4951 591 5002 dissimilibus
611 4967 748 5016 corpora
765 4949 956 5014 dissimilia]
975 4951 1150 5003 dissimiles
1170 4951 1302 5000 restituere
1322 4949 1413 4999 suadet
1430 4950 1514 5000 chler
1532 4946 1562 4998 1⁴
1580 4946 1659 4999 880¹.
