3710 5730
699 398 975 448 rsouuoouuun
1475 391 1515 458 57

154 569 307 651 exempla
326 566 360 630 in
375 565 448 628 libri
470 562 585 630 fronte.
617 565 670 630 ubi
693 566 779 648 quod
801 566 1019 650 prooemiatur
1041 565 1193 648 μέλλοντες
1214 567 1262 628 τὸν
1285 565 1406 648 φυσικὸν
1428 587 1517 647 παρα-

152 673 257 734 δώσειν
280 669 364 751 λέγον
391 668 583 749 ἀναγκαῖον
612 669 797 753 ἡγούμεθα
826 669 914 738 εὐθὺς
936 669 966 732 ἐν
989 669 1095 752 ἀρχαῖς
1117 668 1264 732 διελέσθαι
1286 669 1338 752 τὴν
1361 672 1417 750 τῆς
1439 669 1518 750 φιλο-

153 771 259 858 σοφίας
284 769 492 855 πραγματείαν,
515 773 577 836 c.1
601 781 614 832 1
637 769 782 836 imitatur
803 772 904 855 ἐπειδὴ
928 772 1075 855 πρόκειται
1097 774 1167 855 ἡμῖν
1189 771 1225 834 τὰ
1246 771 1353 854 φυσικὰ
1369 771 1518 854 θεωρῆσαι

153 877 353 957 ἀναγκαῖον
375 874 531 956 ἡγοῦμαι
547 875 677 957 δηλῶσαι
692 877 755 938 κτλ.
789 892 865 956 crgo
882 893 951 938 cum
965 893 1047 938 unus
1062 873 1104 938 sit
1117 871 1267 955 idemque
1282 871 1518 955 prooemiorum

152 986 248 1045 tenor
270 981 328 1042 aut
354 973 549 1040 Plutaroheo
572 975 681 1040 omnia
702 982 759 1042 aut
773 975 917 1040 Aetiona
935 981 1019 1059 sunt,
1040 975 1103 1040 nisi
1125 975 1209 1040 forte
1231 973 1339 1039 omnia
1360 974 1402 1039 ab
1424 974 1520 1040 inter·

152 1075 304 1164 polatore
330 1076 472 1160 quodam
503 1077 588 1142 inter
614 1076 782 1160 utriusque
808 1083 948 1143 aemtem
976 1078 1085 1144 furtim
1108 1078 1221 1144 addita
1246 1083 1278 1143 et
1305 1095 1377 1142 oum
1404 1076 1520 1142 ceteris

155 1181 329 1247 coniuncta
361 1185 466 1263 putas.
511 1178 685 1244 Plutarcho
707 1199 778 1262 ego
811 1179 887 1245 olim
916 1180 1011 1246 Aetio
1046 1181 1142 1246 nimis
1174 1181 1307 1264 cupiens
1334 1179 1519 1244 tribueram.

154 1303 243 1349 nunc
258 1283 392 1349 edoctus
403 1280 543 1346 Adtiana
557 1299 598 1346 ea
610 1301 676 1346 non
692 1281 788 1346 credo
804 1282 862 1347 sed
878 1282 1054 1350 certissime
1069 1282 1223 1368 probabo.
1250 1303 1313 1364 quo
1324 1281 1410 1347 sacto
1426 1281 1520 1346 simul

156 1386 281 1470 duplex
295 1384 397 1451 libelli
415 1382 506 1465 origo
521 1389 638 1466 suapte
652 1389 768 1466 sponte
782 1383 954 1468 aperietur,
972 1385 979 1418 ¹
1002 1404 1065 1468 qua
1086 1385 1176 1450 nisus
1197 1384 1281 1450 inira
1296 1383 1520 1468 gravissimam

156 1488 201 1553 de
223 1486 308 1552 Aeni
332 1484 477 1551 fontibus
498 1485 720 1567 quaestionem
741 1485 923 1568 aggrediar.
967 1508 1052 1552 nuno
1074 1487 1244 1554 videamus
1264 1487 1400 1568 singula.

237 1589 351 1654 Primi
366 1587 442 1654 libri
455 1586 654 1670 prooemium
666 1607 732 1652 non
744 1595 833 1654 extat
844 1588 877 1653 in
890 1589 1042 1656 Stobaco.
1061 1591 1147 1673 quod
1158 1610 1239 1656 cave
1249 1589 1291 1655 ob
1303 1609 1376 1654 eam
1388 1605 1520 1652 causam

154 1692 285 1759 dubites
308 1690 388 1774 quin
404 1689 578 1772 genuinum
597 1690 647 1756 sit.
679 1709 755 1755 nam
772 1689 905 1758 Stobaei
921 1693 1105 1774 eclogarum
1120 1692 1320 1777 prooemium
1335 1711 1407 1758 cum
1423 1690 1520 1756 laude

155 1793 384 1878 philosophiae
413 1790 549 1874 eiusque
577 1791 752 1875 partitione
778 1793 896 1857 lacuna
918 1793 1106 1879 absorptum
1134 1803 1196 1880 est3
1223 1801 1395 1880 praeterea
1425 1812 1520 1875 gene-

154 1895 240 1962 ralia
264 1896 321 1962 illa
343 1893 491 1960 Stobaeo
521 1893 653 1977 impune
681 1893 800 1960 licebat
821 1895 1004 1978 neglegere.
1039 1905 1089 1964 est
1110 1905 1219 1964 autem
1245 1897 1440 1964 Placitorum
1467 1914 1520 1960 ex-

156 1997 282 2062 ordium
309 2016 389 2064 sane
414 1995 555 2080 humile,
587 1995 690 2063 oratio
717 1996 895 2081 incompta,
923 2007 1114 2080 argumenta
1144 2000 1296 2066 scholica.
1340 1997 1521 2064 continetur

155 2098 405 2184 physicorum
429 2097 483 2182 qui
506 2097 548 2162 sit
571 2099 605 2164 in
624 2098 831 2182 philosophia
853 2099 952 2164 locus.
988 2107 1088 2166 testes
1111 2101 1208 2168 Stoici
1233 2108 1266 2167 et
1287 2101 1330 2166 ab
1345 2099 1520 2165 Aristotele

156 2201 448 2286 Theophrastoque
475 2199 692 2284 Peripatetici.
725 2200 872 2268 iamet
896 2201 1152 2287 physioaipsa
1179 2204 1381 2287 explicantur
1409 2222 1520 2268 secuu-

154 2305 234 2368 dum
256 2303 442 2370 Aristotclis
465 2301 659 2386 opinionem.
692 2302 889 2368 Placitorum
912 2325 983 2371 mos
1004 2303 1140 2390 ferebat,
1164 2312 1199 2371 ut
1222 2325 1350 2371 omnem
1365 2305 1519 2388 deinceps

156 2406 423 2490 philosophorum
447 2405 488 2470 de
503 2411 621 2470 natura
641 2403 833 2470 varietatem
848 2407 1036 2474 effunderet.
1070 2414 1105 2474 at
1126 2429 1222 2474 nemo
1245 2407 1297 2472 hic
1312 2407 1519 2474 Aristotelem

157 2507 289 2592 excipit.
333 2507 430 2572 immo
456 2512 600 2572 extremo
622 2506 703 2572 libro
723 2507 739 2571 I
759 2508 802 2572 30
822 2509 1028 2592 Empedoclis
1050 2517 1148 2594 atque
1163 2511 1380 2593 Anaxagorae
1402 2508 1444 2574 de
1464 2527 1520 2572 na-

156 2617 232 2674 tura
253 2610 385 2678 decreta
405 2616 570 2693 tamquam
590 2609 748 2674 mantissa
768 2609 898 2694 adiecta
913 2619 997 2696 sunt,
1019 2613 1053 2678 id
1071 2614 1157 2696 quod
1172 2612 1339 2697 prudentis
1354 2610 1520 2694 scriptoris

157 2729 225 2776 non
251 2709 388 2780 videtur.
432 2713 550 2779 deinde
578 2711 774 2776 Placitorum
801 2712 956 2778 lemmata
982 2735 1107 2780 summa
1133 2714 1316 2782 constantia
1336 2734 1358 2779 a
1378 2713 1519 2797 philoso-

155 2812 294 2896 phorum
316 2815 446 2881 nomine
465 2813 633 2897 incipiunt.
656 2812 870 2896 prooemianti
886 2835 963 2881 vero
979 2817 1072 2883 libuit
1087 2817 1163 2883 ἔστιν
1179 2820 1253 2884 κατὰ
1268 2820 1317 2882 τὸν
1325 2815 1519 2902 Ἀριστοτέλη.

154 2933 265 2980 nonne
287 2916 425 2982 alterum
448 2917 600 2983 diversae
619 2914 751 2997 originis
771 2915 989 2984 testimouium
1011 2919 1206 3002 adgnoscis?
1232 2921 1361 3004 optime,
1383 2919 1519 3002 inquies,

153 3021 192 3080 at
214 3037 270 3082 cur
289 3016 387 3084 dubia
405 3018 488 3084 baec
507 3017 616 3101 capita
637 3023 670 3082 et
684 3036 705 3081 a
720 3015 863 3083 Stobaeo
880 3021 1029 3102 neglecta
1047 3043 1113 3086 non
1128 3021 1295 3087 recidisti?
1316 3022 1423 3089 audio.
1460 3023 1519 3089 ssd

155 3125 266 3184 tamen
289 3118 373 3185 hanc
394 3119 473 3186 mihi
495 3119 571 3186 ride
593 3118 734 3202 capitum
757 3115 1041 3188 continuationem.
1075 3123 1189 3208 incipit
1211 3144 1232 3188 a
1253 3125 1395 3190 naturali
1417 3125 1519 3209 philo·

154 3219 294 3304 sophiae
316 3227 420 3307 parte,
443 3229 510 3288 tum
533 3221 635 3306 ipsius
658 3219 801 3304 explicat
822 3229 959 3290 naturae
980 3225 1059 3291 vim:
1085 3228 1170 3311 φύσις
1193 3229 1285 3312 ἀρχὴ
1307 3230 1448 3312 κινήσεως
1470 3229 1518 3290 καὶ

155 3323 289 3407 ἠρεμίας,
309 3342 393 3405 quae
408 3325 510 3390 verba
524 3323 667 3408 graviter
681 3323 715 3388 in
730 3325 882 3390 extremis
898 3334 1097 3411 repetuntur.
1125 3331 1245 3410 quade
1261 3329 1380 3394 causa?
1401 3349 1519 3413 nempe

153 3431 192 3490 ut
213 3426 277 3490 c.2
299 3425 462 3492 artissime
484 3426 659 3492 cohaereat
680 3427 734 3488 τίνι
756 3428 884 3512 διαφέρει
913 3431 1005 3514 ἀρχὴ
1029 3432 1077 3492 καὶ
1100 3436 1240 3517 στοιχεῖα.
1284 3429 1518 3497 coniunctionis

155 3526 285 3610 signum
307 3527 410 3595 habes
431 3529 464 3594 in
484 3527 657 3613 principio:
681 3529 708 3590 ot
732 3530 792 3611 μὲν
815 3529 873 3595 οὖν
896 3534 960 3616 περὶ
973 3531 1166 3617 Ἀριστοτέλη,
1189 3553 1273 3616 quae
1288 3532 1402 3599 eadem
1418 3533 1519 3599 verba

156 3629 293 3696 Stobaei
315 3630 500 3697 testimonio
526 3633 764 3698 confirmantur.
795 3633 871 3699 hinc
892 3633 1036 3716 sequitur
1053 3634 1181 3700 Attium
1204 3636 1371 3702 consilium
1394 3635 1520 3719 cepisse

156 3733 356 3798 Plaeitorum
378 3753 443 3799 non
465 3735 568 3800 solum
591 3735 700 3818 capita
722 3733 889 3820 colligere,
917 3735 988 3800 sed·
1001 3735 1099 3801 etiam
1127 3739 1264 3804 collecta
1284 3738 1369 3804 inter
1390 3758 1425 3804 se
1447 3758 1520 3803 con-

157 3833 349 3900 tinuationis
371 3835 511 3919 quodam
532 3838 661 3904 vinculo
677 3845 855 3904 conectere.
883 3843 1024 3904 ceterum
1041 3840 1100 3904 c.2
1122 3845 1157 3903 ut
1179 3839 1409 3922 praecedentia
1427 3839 1519 3906 arido

156 3936 349 4021 planissima
375 3957 522 4021 quaeque
549 3939 733 4024 explicandi
759 3939 866 4005 studio
889 3940 1027 4007 excellit.
1072 3943 1219 4007 clausula
1244 3941 1352 4008 vero*
1379 3949 1446 4006 tam
1473 3941 1519 4005 in-

155 4039 317 4105 concinna
339 4046 399 4124 est,
423 4047 458 4106 ut
479 4041 523 4106 ad
545 4041 764 4108 coniecturam
787 4041 998 4124 confugerent
1024 4043 1147 4127 aliquot
1173 4045 1233 4108 viri
1255 4045 1341 4110 docti
1363 4043 1518 4127 rescripto

155 4141 246 4223 quod
272 4161 352 4208 saue
378 4149 491 4226 aptum
515 4151 586 4210 erat
607 4145 699 4227 λέγων
722 4148 755 4210 τὸ
778 4147 861 4210 αὐτό.
905 4165 986 4227 quos
1008 4145 1093 4211 Aeni
1114 4146 1263 4212 inscitum
1285 4146 1453 4211 artificium
1475 4147 1520 4210 la·

157 4243 231 4326 tuit,
253 4263 316 4326 quo
339 4245 382 4309 ad
404 4245 584 4328 proximum
607 4247 807 4312 enuntiatum
830 4249 912 4312 131
938 4247 1037 4332 Θαλῆς
1059 4296 1066 4311 .
1085 4292 1116 4312 ..
1140 4251 1235 4334 ἀρχὴν
1257 4253 1316 4312 τῶν
1339 4247 1429 4312 ὄντων
1452 4249 1519 4310 ἀπι-

156 4348 271 4429 φήνοιτο
293 4347 327 4409 τὸ
350 4348 428 4431 ὕδωρ
450 4353 604 4430 tauquam
625 4335 760 4431 digitum
782 4349 981 4416 intendebat.
1026 4349 1170 4433 sequitur
1196 4349 1428 4433 amplissimum
1455 4349 1519 4413 iam

157 4453 258 4530 caput
286 4447 329 4514 de
350 4448 533 4533 principiis,
561 4451 647 4533 quod
674 4471 715 4517 ex
737 4451 866 4536 optimis
887 4453 1076 4535 plerumque
1098 4450 1240 4517 fontibus
1262 4451 1398 4535 petitum
1418 4449 1520 4534 ipsius

234 4719 241 4751 ¹
261 4721 329 4772 haue
347 4725 443 4788 primus
461 4728 593 4790 perspexit
604 4725 752 4775 Beckiauae
766 4726 887 4775 editionis
900 4741 992 4776 censor
1005 4725 1132 4790 [Gdtting.
1145 4727 1269 4776 Biblioth.
1282 4727 1307 4775 d.
1321 4727 1390 4775 alten
1403 4727 1519 4780 Litterat.

156 4808 546 4876 d.Kunst1788p.700sq.]
570 4814 614 4875 qul
638 4821 723 4863 temen
747 4827 865 4877 perverse
889 4813 1012 4864 iudicarit
1034 4814 1066 4862 de
1089 4816 1222 4877 utriusque
1244 4815 1323 4878 partis
1341 4813 1423 4876 pretio
1442 4821 1519 4875 atque

155 4895 255 4945 indole.

230 4977 241 5010 ²
258 4979 393 5050 ἁμαρτάνει
411 4980 454 5033 οὖν
472 4981 486 5034 ὁ
505 4977 588 5053 Θαλῆς
607 4987 728 5053 στοιχεῖον
746 4985 789 5035 καὶ
808 4983 888 5054 ἀρχὴν
906 4983 986 5053 λέγων
1003 4983 1032 5036 τὸ
1051 4981 1127 5053 ὕδωρ.
