3708 5732
684 410 960 461 raonueomaun
1443 411 1503 473 111

139 577 332 642 inauditum.
372 583 543 660 praeterea
565 580 766 664 διεσαφήνισεν
789 577 1030 660 Xenophontea
1052 583 1102 642 est
1124 597 1197 660 vox,
1221 577 1417 646 Aristotelea
1439 598 1505 643 non

140 679 228 746 item.
273 678 450 745 duodeeiee
476 679 606 761 quidem
630 699 651 744 a
673 679 819 745 Bonitaio
847 683 996 764 διασαφεῖν
1023 687 1225 763 numeratur,
1247 700 1421 764 numquam
1444 681 1505 744 nisi

139 783 206 848 illie
229 782 461 868 διοσσιφηνίζειν.·
490 801 590 865 quare
616 781 844 848 Aristoteleum
868 783 1041 866 διεσάφησεν
1068 781 1207 847 restituit
1234 782 1410 847 Vaticanus
1431 783 1505 847 766.

25 895 44 922 ·
129 880 201 950 vsed
223 882 307 950 haee
329 884 438 950 omnia
460 884 570 968 gnaris
593 884 830 968 expediendum
845 883 1002 966 relinquo.
1037 901 1135 947 unum
1157 889 1279 949 eertum
1295 891 1345 950 est
1367 883 1420 966 [of.
1437 885 1506 949 Zel-

139 988 188 1051 ler
202 985 287 1053 Phil.
303 986 335 1051 d.
352 985 408 1052 Gr.
425 985 460 1052 1⁴
475 989 539 1052 473
554 985 649 1070 med,
664 985 747 1052 Abh.
763 986 794 1052 d.
812 985 886 1068 Kgl.
901 986 964 1051 Ak.
981 986 1013 1050 d.
1028 985 1079 1050 W.
1095 985 1128 1050 h.
1143 984 1196 1068 ph.
1213 985 1266 1050 Kl.
1285 987 1366 1051 1877
1383 1007 1414 1070 p.
1428 988 1504 1069 152]

139 1087 358 1173 Theophrasti
379 1089 482 1155 verba
502 1089 541 1156 ir.
562 1091 582 1155 5
605 1091 672 1173 μίαν
694 1091 727 1152 δὲ
748 1091 801 1175 τῂν
823 1090 969 1175 ἀρχὴν-
984 1087 1081 1171 ἔλεγεν
1103 1091 1119 1152 ὁ
1142 1088 1309 1173 Ξενοφάνης
1331 1109 1462 1173 prorsus
1485 1109 1505 1154 a

139 1189 439 1275 metaphysieorum
472 1192 544 1258 loeo
577 1192 722 1275 pendere
753 1191 800 1256 ita
827 1197 863 1256 ut
889 1211 932 1258 ne
958 1190 1162 1257 Parmenidis
1190 1189 1320 1273 quidem
1346 1191 1504 1257 institutio

140 1293 318 1359 omittatur.
352 1293 498 1378 inprimis
519 1313 620 1376 urgeo
640 1294 754 1359 ultima
774 1296 808 1358 τὸ
829 1295 891 1378 γὰρ
908 1295 915 1324 ¹
939 1294 970 1356 ἓν
989 1298 1073 1358 τοῦτο
1096 1293 1144 1356 καί
1167 1297 1224 1356 πᾶν
1245 1295 1294 1356 τὸν
1318 1293 1386 1358 θεὸν
1408 1293 1504 1378 ἔλεγεν

139 1399 154 1460 t
176 1396 348 1482 Ξενοφάνης
369 1396 492 1462 ultimis
517 1397 701 1463 Aristotelis
728 1396 836 1461 verbis
859 1401 1008 1461 aeeurate
1030 1395 1238 1480 respondere.
1281 1394 1323 1460 de
1345 1396 1505 1461 sententia

137 1499 239 1583 igitur
254 1497 471 1584 Theophrasti
496 1500 635 1566 dubitari
657 1499 777 1581 nequit.
810 1497 912 1564 verba
933 1503 1039 1564 autem
1055 1496 1211 1582 Simplicii
1233 1519 1309 1562 num
1326 1499 1504 1581 exemplari

138 1602 360 1688 respondeant
374 1601 655 1688 perambiguum.²
685 1602 782 1666 immo
806 1599 960 1666 oredibile
983 1600 1217 1684 generaliorem
1239 1601 1432 1666 sententiam
1454 1621 1504 1667 ar-

139 1707 236 1771 bitrio
251 1706 510 1771 commentatoris
525 1703 737 1770 Aristoteleae
758 1703 922 1789 partitioni
946 1723 1044 1787 quam
1066 1721 1165 1787 supra
1180 1701 1310 1767 exhibui
1332 1725 1363 1787 p.
1383 1705 1444 1770 105
1461 1705 1503 1770 ad

138 1808 292 1874 amussim
307 1807 565 1874 aeommodatam
581 1825 663 1872 esre.
688 1807 749 1872 hoe
764 1807 901 1872 conlatis
916 1806 1170 1889 fragmentorum
1186 1805 1268 1870 1-5
1283 1805 1383 1873 initiis
1399 1825 1503 1892 paene

138 1917 261 1976 eertum
284 1909 421 1976 videtur.
465 1917 576 1976 nostro
603 1927 681 1976 vero
706 1911 778 1976 loeo
806 1927 907 1975 eausa
932 1907 1127 1992 gravissima
1153 1907 1276 1972 aceedit
1304 1908 1381 1991 quia
1409 1909 1504 1974 aliter

138 2014 267 2096 reliqua
282 2013 457 2097 disputatio
473 2015 506 2077 ὃν
521 2013 572 2077 ἕνα
589 2016 652 2076 κτλ.
673 2033 739 2078 non
759 2012 942 2096 quadraret.
973 2031 1078 2095 neque
1092 2010 1269 2094 quidquam
1292 2010 1409 2078 suadet
1423 2012 1504 2077 haee

138 2125 174 2182 ut
200 2115 372 2200 sequentia
398 2135 439 2180 ex
461 2115 776 2181 Pseudo-Aristotele
799 2117 864 2200 περὶ
889 2114 980 2178 ΜΞΓ
1003 2121 1130 2198 sumpta
1151 2113 1292 2179 eredere.
1338 2113 1402 2178 iam
1426 2132 1503 2178 vero

137 2220 171 2283 iu
188 2217 361 2302 propatulo
376 2224 426 2282 est
439 2217 696 2302 Theophrastum
712 2219 754 2284 ab
771 2217 944 2283 Aristotele
966 2235 1157 2300 suspensum
1180 2225 1212 2281 et
1234 2218 1340 2301 ipsum
1364 2215 1504 2280 obseuri-

136 2327 237 2386 tatem
260 2327 293 2386 et
306 2319 548 2400 ambiguitatem
571 2319 783 2403 Xenopbauis
805 2339 870 2384 non
893 2321 1081 2383 antinomias
1096 2319 1204 2383 neseio
1220 2335 1301 2402 quas
1316 2317 1503 2384 dialeotioas

138 2423 292 2488 innuisse.
331 2420 511 2486 confirmari
534 2427 641 2506 potest
662 2421 746 2486 idem
770 2421 910 2487 aliunde.
932 2441 950 2486 e
972 2420 1195 2504 Theophrasto
1215 2421 1299 2486 enim
1319 2426 1502 2505 excerptum

138 2531 189 2591 est
204 2523 508 2590 Pseudo-Plutareb.
524 2523 675 2590 Stromat.
691 2527 710 2605 ξ
724 2524 746 2588 4
763 2559 798 2572 -
818 2524 892 2591 lieet
907 2525 991 2588 enim
1013 2521 1074 2587 hoo
1095 2523 1285 2607 praeeipere
1308 2523 1394 2605 quod
1416 2522 1504 2588 iufra

138 2627 408 2694 demonstrabitur
422 2663 473 2711 -,
494 2627 583 2692 euius
597 2627 907 2710 argumentationem
928 2646 999 2692 eum
1015 2624 1180 2710 Simplieio
1202 2626 1292 2690 iuvat
1313 2643 1505 2710 eomponere

334 2729 416 2794 Plut.
439 2729 555 2794 Strom.
570 2729 601 2793 4.
870 2727 1012 2814 Simplie.
1029 2729 1050 2793 l.
1067 2749 1093 2794 ο.
1113 2755 1149 2784 =
1169 2725 1326 2814 [Aristot]
1344 2729 1424 2792 977·
1443 2729 1482 2793 16

185 2831 351 2916 Ξενοφάνης
366 2879 375 2894 .
388 2878 396 2894 .
411 2874 419 2890 ·
434 2831 502 2895 οὔτε
519 2833 628 2916 γένεσιν
643 2831 710 2895 οὔτε
724 2832 796 2917 φθο-

139 2936 196 3019 ρὰν
223 2935 373 2998 ἀπολείπει
401 2933 460 2998 ἀλλ’
487 2934 559 2998 εἶναι
585 2935 661 3017 λέγει
683 2935 717 2997 τὸ
739 2939 796 2998 πᾶν

137 3038 187 3100 ἀεὶ
204 3037 334 3120 ὅμοιον.8
362 3039 388 3100 εί
407 3039 461 3121 γὰρ
482 3038 604 3120 γίγνοιτο
624 3041 720 3114 τοῦτο,
742 3059 795 3122 φτ,-
848 3035 985 3120 ἀγένητον
1016 3037 1049 3100 δὲ
1075 3036 1216 3100 ἐδείκνυεν
1243 3037 1276 3100 ἐκ
1302 3041 1354 3100 τοῦ
1381 3038 1439 3100 δεῖν
1469 3038 1503 3100 τὸ

139 3139 198 3218 σίν,
220 3141 375 3224 ἀναγκαῖον
397 3143 453 3224 πρὸ
475 3139 578 3202 τούτου
596 3141 637 3223 μὴ
653 3139 739 3202 εἶναι·
762 3141 796 3202 τὸ
848 3139 1012 3222 γιγνόμενον
1039 3139 1059 3222 ἢ
1088 3138 1118 3207 ἐξ
1141 3141 1243 3222 ὁμοίου
1270 3141 1289 3224 ἢ
1313 3139 1343 3208 ἐξ
1366 3139 1504 3221 ἀνομοίου

141 3243 187 3325 μὴ
212 3242 244 3305 ὂν
267 3244 299 3305 δὲ
323 3243 376 3306 οὐκ
397 3242 432 3306 ἂν
448 3243 554 3324 γίνοιτο
569 3240 627 3305 οὐδ’
655 3242 689 3306 ἂν
705 3243 738 3305 τὸ
755 3243 796 3326 μὴ
847 3242 1005 3324 γίγνεσθαι.
1038 3243 1114 3306 ἀλλὰ
1135 3245 1169 3305 τὸ
1192 3244 1244 3326 μὲν
1267 3244 1367 3326 ὅμοιον
1389 3241 1504 3310 ἀπαθές

136 3344 171 3408 ὃν
199 3347 320 3429 ποιήσαι
345 3367 372 3406 τι
400 3343 467 3407 οὔτε
494 3345 550 3408 ὑπὸ
577 3349 628 3408 τοῦ
652 3346 693 3428 μὴ
717 3343 797 3413 ὄντος
847 3363 935 3428 φησιν
950 3346 1008 3408 ὑπὸ
1022 3349 1074 3408 τοῦ
1091 3344 1311 3427 6μοίου·ο1ιδὲν
1326 3344 1380 3428 γὰρ
1393 3345 1502 3426 μᾶλλον

134 3445 240 3528 γένοιτ)
267 3447 359 3510 ἄντι.
848 3451 947 3528 γεννᾶν
970 3449 990 3531 ἢ
1012 3447 1166 3528 γεννᾶσθαι
1184 3449 1324 3531 προσήκει
1347 3447 1380 3508 τὸ
1403 3446 1502 3527 ὅμοιον

821 3528 824 3608 1
847 3549 881 3611 ἐκ
895 3554 947 3611 τοῦ
963 3549 1075 3630 ὁμοίου.
1098 3548 1159 3612 stt
1180 3549 1210 3618 ἐξ
1225 3549 1364 3630 ἀνομοίου
1385 3547 1500 3630 γίνοιτο,

847 3649 928 3715 ἔσται
949 3653 983 3714 τὸ
1000 3652 1031 3716 ὃν
1046 3652 1080 3714 ἐκ
1094 3655 1146 3714 τοῦ
1162 3652 1202 3736 μὴ
1220 3649 1309 3720 ὄντος.
1337 3651 1385 3714 κοιλ
1408 3651 1501 3716 οὕτως

847 3755 985 3838 ἀγένητον
1006 3756 1055 3819 καλ
1078 3753 1171 3818 ἀίδιον
1193 3753 1345 3818 ἐδείκνυεν.

212 3957 220 3988 ¹
239 3969 302 4010 neta
320 3961 472 4025 particulam
491 3960 627 4008 causalem.
655 3975 716 4009 nam
740 3977 797 4010 euru
820 3963 853 4011 ad
873 3965 1036 4028 parenthesin
1055 3959 1186 4029 ὁμολογῶν
1200 3987 1227 3996 -
1239 3957 1313 4029 δόξης
1331 3963 1402 4011 nullo
1421 3961 1499 4009 medo

135 4048 230 4097 referri
248 4051 337 4112 possit,
358 4046 428 4111 quod
445 4047 539 4097 frustra
557 4054 666 4096 tonatur
691 4048 803 4100 Karnine
822 4050 976 4102 llutersueh.
995 4050 1075 4100 treber
1092 4051 1134 4100 die
1153 4049 1265 4110 Quellen
1282 4051 1323 4100 t'r'rr
1341 4049 1382 4098 die
1400 4047 1499 4098 Philas.

132 4135 181 4184 des
205 4135 327 4200 Xenoph.
352 4134 446 4185 Stettin
467 4131 533 4184 1877
552 4131 607 4198 φ.5
626 4131 670 4197 [ef.
689 4151 714 4200 p.
729 4133 791 4200 109]
815 4138 848 4186 ad
871 4139 960 4202 priora
982 4138 1117 4189 referenda
1146 4145 1185 4187 est
1208 4147 1234 4187 et
1255 4139 1292 4188 sie
1318 4134 1499 4199 intellegenda,

134 4221 328 4287 Xenophanem
347 4224 448 4272 omnis
466 4231 584 4271 naturam
602 4237 655 4271 non
675 4223 809 4273 enucleate
827 4225 957 4287 delinisse,
976 4227 1022 4276 sed
1041 4228 1116 4276 deum
1135 4227 1270 4275 dumtaxat
1287 4225 1443 4274 nominasse.
1507 4269 1510 4276 .

209 4304 221 4338 ¹
239 4311 364 4359 orationis
384 4309 561 4358 difficultatem
580 4309 671 4359 sedulo
689 4313 809 4374 exposuit
827 4311 940 4361 Karnine
953 4311 1106 4363 Uutersueh.
1122 4313 1184 4362 uber
1196 4314 1237 4362 dle
1251 4311 1361 4373 Quelleu
1381 4326 1405 4374 p.
1421 4309 1499 4371 lsqq.

208 4391 404 4447 3τοινίετυυτιιι·
428 4397 505 4446 ceteri
528 4397 701 4461 Theophrasti
723 4399 865 4447 imitatores
888 4399 1020 4464 Hippolyt.
1040 4401 1053 4449 1
1076 4398 1136 4449 lla
1163 4396 1227 4466 λέγει
1250 4397 1276 4448 dl
1300 4395 1441 4462 (Xenoph.)
1464 4391 1502 4444 brt

132 4477 207 4533 ohdlr
225 4481 316 4550 γίνεται
334 4479 391 4534 obet
409 4477 536 4551 φθείρεται
554 4479 611 4534 οὐδὲ
630 4487 733 4534 κινεῖται
752 4483 796 4533 καλ
815 4479 852 4534 bu
869 4481 895 4535 ἓν
912 4481 941 4536 τὸ
960 4487 1009 4536 πᾶν
1028 4483 1092 4536 ίστιν
1111 4481 1160 4543 ἔξω
1179 4482 1328 4554 μεταβολῆς.
1351 4485 1411 4534 Aet.
1430 4483 1501 4534 Plse.

131 4567 214 4621 131²
231 4569 388 4635 [Theodor.]
411 4569 482 4622 sext.
506 4571 598 4636 Pyrrh.
622 4571 655 4622 H.
669 4569 754 4622 1775.
774 4571 866 4637 Galen.
891 4573 925 4623 H.
943 4571 992 4623 Ph.
1013 4587 1034 4621 e.
1053 4571 1069 4624 7
1088 4589 1113 4637 p.
1130 4569 1190 4624 734.
1219 4587 1379 4623 communem
1403 4571 1500 4620 iontem

131 4659 239 4708 subesse
265 4661 317 4709 iam
339 4660 455 4710 Zellerns
477 4667 644 4724 perspexerat
667 4656 697 4709 1⁴
715 4655 776 4709 497.
821 4661 992 4724 Xenopbuuis
1021 4661 1147 4710 rationem
1175 4661 1362 4726 repraesentari
1385 4660 1446 4707 lieet
1467 4671 1500 4703 ex

131 4745 282 4796 Parmenid.
301 4764 326 4796 v.
345 4745 379 4798 66
397 4745 435 4796 St.
462 4743 561 4812 [Symb.
585 4747 648 4810 pbll.
671 4746 756 4796 Banu.
779 4761 804 4810 p.
818 4743 882 4810 804]
906 4742 963 4796 oter
985 4741 1043 4796 ποτ’
1069 4743 1100 4814 ἦν
1123 4743 1173 4798 ott’
1199 4745 1267 4798 teret
1290 4745 1343 4798 trel
1369 4745 1412 4794 νῦν
1435 4740 1500 4793 ἐστὶν

131 4828 198 4900 ὁμοῦ
221 4835 272 4883 πᾶν
290 4829 304 4898 ΙΙ
325 4829 352 4882 la
371 4827 477 4900 ξυνιχίς.
499 4829 554 4882 τίνοι
576 4831 621 4900 γὰρ
643 4831 729 4900 γίνναν
752 4827 861 4900 detritam
884 4829 973 4898 αυτοῦς
994 4829 1006 4900 ll
1027 4837 1062 4902 πῇ
1086 4831 1162 4886 ποθεν
1186 4831 1306 4906 αὒξιγθίη
1333 4828 1387 4883 οὔτ’
1413 4829 1443 4881 ta
1462 4825 1498 4895 μὴ

129 4917 216 4975 ἰόντος
234 4919 301 4970 triam
322 4917 335 4986 Η
355 4915 482 4988 patellarii
503 4917 559 4971 otte
578 4923 640 4970 sorta
658 4917 713 4971 ιιτλ.
742 4919 777 4974 80
795 4925 859 4978 πῶς
877 4917 900 4970 δ’
923 4919 957 4972 ἂν
976 4918 1072 4973 iusrr'
1095 4919 1244 4974 ἀπόλοιτο
1263 4919 1368 4981 estet,
1387 4921 1451 4973 πῶς
1469 4910 1494 4964 δ’

130 5003 169 5056 αὖ
188 5023 223 5055 ιιι
241 5005 374 5074 risorem
395 5003 408 5074 ll
428 5004 456 5058 τί
472 5024 505 5058 ιιι
524 5005 649 5074 γίνοιτ’,
669 5005 725 5058 aba
745 5004 814 5070 tor,
833 5003 887 5058 οὐδ’
908 5006 1109 5077 simpliter
1128 5007 1234 5062 ἔσεσθαι.
