3708 5738
427 425 683 477 THEOPHR'ASTI
702 425 840 478 PHYSIC.
860 429 1020 480 OPINION.
1039 429 1231 482 uu.9.10.11
1447 430 1510 494 485

148 597 331 680 ἁψάμενος
361 599 423 677 τῆς
453 595 530 678 περί
562 595 700 678 φῦσεως
731 597 902 680 ἱστορίας,
930 596 1010 681 ἐνῇ
1038 600 1096 662 δύο
1123 599 1183 669 τάς
1211 598 1321 684 ἀρχὰς
1345 598 1510 684 βούλεται

146 698 327 760 ποιεῖντὸ
351 697 411 780 μὲν
434 696 672 779 ὑποκείμενον
695 702 740 768 ῶς
763 698 851 783 ῦλην
875 701 891 764 ὃ
914 702 1177 786 προσαγορέυει
1199 701 1389 786 πανδεχές,
1414 702 1452 764 τό
1475 703 1512 765 δὲ

147 804 193 869 ῶς
215 799 338 864 αἴτιον
362 801 422 862 καί
446 805 566 863 κινοῦν
589 801 605 864 δ
629 802 818 885 περιάπτει
841 807 884 884 τῇ
907 809 970 866 τοῦ
1005 805 1090 868 θεοῦ
1121 806 1179 868 καί
1213 809 1256 887 τῇ
1290 809 1351 867 τοῦ
1374 805 1510 888 ἀγαθοῦ

146 1006 198 1088 τὴν
222 1004 291 1088 ῦλην
314 1004 362 1068 καί
384 1005 417 1067 τό
440 1009 541 1068 ποιοῦν
563 1006 666 1069 καὶτὸ
690 1007 879 1091 παράδειγμα.

860 1297 902 1360 10

208 1400 343 1450 Proelus
362 1400 388 1448 in
408 1399 542 1448 Timaeum
561 1415 586 1462 p.
603 1398 650 1452 176
668 1399 747 1450 Βευὶί.
766 1399 972 1453 4168ο1ιπεὶι1οτ

235 1499 293 1565 Καὶ
305 1505 363 1563 τῶν
376 1502 508 1564 παλαιῶν
520 1523 592 1570 τινες
604 1499 767 1584 ἐπέπληξαν
779 1507 820 1586 τῷ
834 1501 968 1564 Πλάτωνι
981 1501 1110 1583 λέγοντες
1122 1506 1163 1571 ῶς
1174 1502 1251 1565 ὀὐκ
1267 1503 1384 1586 ὀρθῶς
1400 1504 1513 1588 ἀρχὴν

148 1607 263 1689 ἀρχῆς
300 1603 465 1686 ἐπιζητεῖ
498 1605 555 1666 καί
589 1603 732 1686 γένεσιν
769 1603 943 1688 ἀγενήτου
973 1606 1193 1688 πράγματος·
1227 1605 1256 1667 εἰ
1282 1605 1344 1689 γὰρ
1367 1606 1424 1670 καί
1447 1611 1513 1670 τῶν

148 1711 299 1792 πρώτων
315 1706 355 1768 τὰ
378 1705 475 1769 αἴτιοι
499 1708 699 1790 ζητήσομεν
721 1706 780 1769 καί
803 1711 871 1769 τῶν
893 1706 1175 1770 αἰιθυποστάτων
1197 1708 1353 1790 γενέσεις
1375 1709 1513 1794 ἐπινοή·

148 1832 272 1892 σομεν,
302 1807 353 1876 εἰς
385 1807 532 1892 άπειρον
562 1807 749 1892 προϊόντες
776 1810 968 1892 λησόμεθα
997 1810 1055 1874 καί
1084 1809 1186 1880 τέλος
1213 1810 1317 1875 οῦδὲν
1347 1809 1431 1897 έχον
1453 1816 1514 1896 τῆς

149 1913 317 1997 θεωρίας·
350 1911 468 1995 ῶσπερ
496 1912 564 1995 γάρ
592 1912 608 1974 ό
637 1911 751 1974 πάντα
779 1912 977 1976 ἀποδεικτά
1004 1917 1198 1995 νενομικὼς
1224 1912 1334 1998 αὐτὴν
1358 1915 1511 1996 μάλιστα
1528 1941 1553 1980 ιο

148 2017 208 2098 τὴν
231 2011 421 2082 ἀπόδειξιν
444 2015 597 2097 ἀναιρεῖ,
626 2017 752 2076 τοῦτον
782 2014 843 2076 τόν
866 2015 994 2098 τρόπον
1017 2015 1077 2078 καί
1100 2017 1116 2079 ό
1138 2017 1280 2078 πάντων
1303 2015 1419 2086 αἰτίας
1441 2017 1513 2080 ἐπι-

149 2122 266 2201 ζητῶν
288 2116 402 2200 ἄρδην
425 2116 620 2200 ἀνατρέπει
641 2117 683 2178 τὰ
706 2113 794 2178 ὄντα
815 2118 932 2180 πάντα
954 2117 1013 2180 καί
1036 2118 1096 2201 τὴν
1118 2116 1214 2186 τάῖιν
1237 2117 1351 2182 αῦτῶν
1367 2119 1429 2204 τὴν
1445 2119 1513 2184 ἀπό

148 2243 240 2288 τινος
256 2217 458 2303 ὡρισμένης
481 2219 595 2303 ἀρχῆς
617 2217 840 2300 προϊοῦσαν’.
877 2224 997 2283 τοιαῦτα
1019 2221 1071 2301 μὲν
1094 2221 1110 2284 ό
1134 2219 1372 2305 Θεόφραστος
1394 2221 1512 2307 ἐπιτιμᾷ

148 2329 190 2408 τῷ
223 2321 354 2386 Πλάτωνι
392 2321 457 2405 περὶ
488 2322 578 2404 τῆσδε
606 2324 658 2402 τῆς
690 2322 863 2406 ψυχογονίας
895 2321 979 2386 οῦδὲ
1007 2321 1066 2385 ἐπί
1097 2327 1165 2387 τῶν
1188 2329 1350 2409 φυσικῶν
1373 2325 1513 2388 πάντων

148 2425 240 2506 λέγων
267 2425 338 2486 δεῖν
369 2425 460 2506 ἡμᾶς
493 2423 684 2504 ἐπιζητεῖν
712 2423 753 2485 τὸ
785 2424 845 2486 διὰ
876 2425 922 2486 τί·
950 2427 1094 2507 γελοῖον
1125 2428 1189 2510 γάρ
1220 2448 1307 2512 φησιν
1341 2427 1510 2510 ἀπορεῖν,
1528 2452 1552 2490 u

149 2527 206 2590 διά
228 2526 260 2588 τί
282 2526 377 2589 καίει
399 2525 436 2588 τὸ
458 2529 525 2609 πῦρ
547 2526 609 2608 [καί
632 2525 680 2588 διὰ
701 2524 730 2588 τί
751 2527 821 2610 πῦρ]
844 2527 901 2591 καί
924 2527 982 2591 διὰ
1004 2529 1037 2591 τί
1058 2529 1164 2613 ψύχει
1187 2531 1206 2612 ἡ
1229 2533 1328 2614 χιών.

810 2833 848 2897 11

209 2938 331 2986 Taurus
350 2951 391 3001 ap.
410 2937 549 3002 Philopon.
570 2938 629 2986 adv.
648 2938 734 2988 Proel.
747 2938 786 2986 v1
799 2934 868 2990 8-17

234 3037 292 3103 Καὶ
323 3039 550 3124 Θεόφραστος
574 3039 671 3120 μέντοι
693 3037 723 3101 ἐν
750 3045 797 3124 τῷ
823 3039 910 3124 Περὶ
932 3046 1002 3103 τῶν
1025 3045 1186 3125 φυσικῶν
1210 3040 1318 3109 δοξῶν
1341 3041 1415 3102 κατὰ
1438 3041 1514 3106 Πλά·

147 3145 226 3206 τωνά
248 3163 319 3226 φησι
342 3143 459 3224 γενητὸν
481 3143 531 3205 τόν
553 3143 662 3224 κόσμον
684 3142 732 3204 καί
755 3141 832 3204 οὕτω
855 3147 976 3206 ποιεῖται
1004 3143 1055 3213 τὰς
1078 3143 1238 3222 ἐνστάσεις,
1268 3144 1459 3228 παρεμφαίνει
1482 3145 1515 3208 δὲ

150 3247 194 3309 ότι
219 3243 302 3313 ἴσως
325 3246 520 3328 σαφηνείας
542 3245 648 3328 χάριν
670 3245 820 3327 γενητὸν
843 3244 930 3308 αὐτὸν
954 3245 1131 3309 ὑποτίθεται.

213 3369 301 3416 Idem
320 3369 372 3416 1ο.
392 3362 542 3416 1111117.

230 3449 262 3516 Ὁ
296 3453 329 3514 δὲ
358 3451 590 3536 Θεόφραστος
618 3450 708 3514 εἰπὼν
737 3451 780 3514 ότι
809 3448 902 3536 ’τάχ’
939 3450 977 3514 ἀν
1003 3453 1156 3535 γενητὸν
1186 3450 1283 3533 λέγοι
1317 3451 1554 3537 σαφηνείαςεο
1634 3509 1636 3514 .

152 3647 162 3696 1
179 3645 223 3701 τὰς
237 3661 290 3694 om.
300 3645 322 3696 B
335 3640 349 3710 ΙΙ
360 3642 553 3706 Theophrastus
563 3642 692 3705 profectus
703 3641 804 3690 videtur
855 3639 898 3692 τὸν
908 3639 1011 3709 οὐρανόν
1021 3637 1077 3692 κτλ.
1085 3637 1100 3708 Η
1109 3641 1186 3704 θοοο.
1198 3642 1365 3707 οῦΤ1ιευρ1ιτ.
1372 3643 1513 3708 metaphys.

148 3749 164 3782 a
182 3731 362 3798 Metuph.A6
381 3747 405 3794 ρ.
418 3727 516 3781 98817
542 3722 715 3778 Πλάτων
738 3725 803 3778 δυοῖν
856 3729 916 3794 Sp.
929 3728 1017 3792 319‚8
1036 3732 1067 3781 cf.
1087 3731 1188 3780 Usener
1205 3731 1274 3780 Mus.
1288 3730 1337 3780 Rh.
1352 3731 1418 3779 XVI
1431 3727 1483 3782 160
1498 3725 1511 3793 ΙΙ

149 3819 237 3871 αἰτίαιν
257 3817 331 3884 μόνον
352 3816 474 3884 κέχρηται
491 3821 523 3884 τη·
542 3832 570 3866 τε
587 3817 632 3866 τοῦ
649 3813 674 3865 τί
691 3815 742 3866 ἐστι
761 3813 804 3865 καί
856 3815 956 3886 ἔχοντες
969 3819 1080 3867 coniecit
1094 3817 1194 3868 Usener
1214 3814 1227 3881 ΙΙ
1249 3815 1282 3870 16
1301 3815 1345 3866 καί
1362 3813 1402 3866 διὰ
1420 3815 1444 3866 τί
1465 3818 1513 3883 πῦρ

149 3913 183 3976 τη
203 3906 270 3957 κατὰ
288 3905 335 3974 τὴν
349 3901 411 3972 ὕλην
424 3939 430 3954 .
444 3940 471 3953 ..
491 3903 534 3954 καί
552 3903 589 3960 τίς
606 3903 622 3971 η
642 3899 689 3972 ὕλη
707 3903 723 3971 ἡ
742 3901 803 3954 ῦπο-
857 3906 941 3956 delevi
961 3903 1121 3955 manifestam
1141 3903 1342 3969 dittographiam

151 3995 253 4063 κειμένη
269 4031 274 4041 .
290 4031 295 4041 .
312 4029 317 4041 .
332 3990 368 4042 ἔτι
386 3989 412 4042 δὲ
430 3991 477 4059 τὴν
490 3995 534 4042 τοῦ
547 3989 573 4042 εῦ
592 3991 636 4042 καί
653 3993 698 4041 τοῦ
717 3996 806 4048 κακῶς
890 3991 922 4044 17
936 3995 966 4042 οἰ.
977 3991 1079 4056 [Philo]
1092 3994 1124 4042 de
1134 3995 1273 4056 ῖηοοττυρτ.
1283 3992 1370 4042 mund.
1383 3989 1514 4056 p.490,13

150 4081 230 4134 αἰτίαν
247 4085 299 4137 τοῖς
319 4079 448 4147 στοιχείοις
460 4077 590 4130 ἀπέδωκεν
603 4077 729 4147 έκατίροις
748 4078 805 4130 ἰκα-
858 4077 1141 4144 Μεος.111,1Βειτι.
1161 4077 1244 4134 τινές
1262 4075 1281 4128 δ’
1304 4075 1395 4128 οἰονται
1418 4076 1514 4145 σοφιζό-

149 4171 223 4239 τέραν
247 4166 301 4219 κτλ.
330 4163 344 4234 Η
373 4165 389 4218 1
418 4164 453 4224 ῶς
480 4163 643 4234 ὑποκείμενον
669 4165 716 4234 τὴν
744 4163 806 4235 ῦλην
858 4181 926 4232 μενοι
954 4166 1020 4216 κατὰ
1048 4161 1172 4217 Πλάτωνα
1200 4163 1302 4233 γενητόν
1332 4160 1446 4232 λέγεσθαι
1473 4163 1515 4214 τόν

150 4261 216 4308 coni.
235 4257 354 4307 Torstrik
375 4250 387 4318 Ιί
410 4251 530 4321 πανδεχίς
549 4255 616 4306 Tim.
635 4272 660 4320 ρ.
678 4253 710 4314 51
727 4270 745 4306 Α
774 4257 805 4305 εἰ.
858 4251 952 4320 κόσμον
975 4250 1004 4304 οῦ
1028 4252 1065 4321 τῷ
1088 4250 1171 4320 λαβεῖν
1194 4253 1312 4319 γενίσεως
1335 4251 1429 4320 ἀρχὴν,
1452 4247 1515 4302 ἀλλὰ

151 4348 257 4395 Aristot.
287 4361 312 4408 p.
332 4340 447 4394 319114
474 4350 500 4391 et
528 4339 648 4394 306119.
681 4360 694 4393 ε
718 4345 804 4393 Theo·
857 4346 894 4408 τῷ
913 4337 980 4408 εῖπιρ
999 4339 1105 4408 ἐγίγνετο
1132 4339 1167 4407 μὴ
1192 4337 1221 4389 ἂν
1244 4339 1335 4406 ἑτέρως
1354 4336 1370 4405 ἢ
1388 4335 1431 4388 τόν
1449 4336 1514 4405 εἰρη-

150 4435 254 4499 ρίιτυετο
277 4433 373 4498 pendet
395 4431 560 4480 Cic.Lueull.
575 4427 657 4480 37118
676 4425 689 4496 ΙΙ
711 4427 727 4480 3
745 4424 804 4480 θεοῦ
858 4427 931 4494 μένον
951 4431 1069 4497 συστῆναι
1081 4426 1171 4496 τρόπον
1183 4425 1199 4494 ῖγ
1213 4425 1253 4477 διὰ
1270 4424 1299 4476 τὸ
1318 4423 1344 4475 ἰν
1362 4424 1453 4491 γενέσει
1472 4424 1516 4474 καὶ

148 4523 250 4571 ΒΕΕῑι
269 4516 337 4571 θείου
356 4519 395 4568 οΙί
415 4513 428 4584 λλ
449 4521 481 4585 τῇ
505 4519 551 4567 τοῦ
575 4511 670 4584 ἀγαθοῦ
690 4519 804 4568 υΕΕ·Ε;
858 4509 1516 4585 μεταβολῇτάμίρηθεωρεῖσθαιΙΙ1οΤἰιεορ1πιιο1υε

149 4611 195 4660 τοῦ
214 4603 310 4676 ἀγαθοῦ
328 4609 352 4657 D
857 4605 952 4668 pendet
964 4605 996 4655 ab
1008 4607 1114 4654 Aristot.
1125 4605 1150 4652 d.
1164 4601 1251 4652 υεοΙ.Ι
1265 4598 1299 4651 10
1316 4618 1341 4665 ρ.
1356 4597 1465 4651 179131
1484 4595 1515 4665 ἣν

195 4697 210 4748 6
239 4698 270 4746 ef.
292 4697 377 4746 Proel.
401 4697 428 4744 in
452 4693 518 4742 Tim.
543 4710 566 4757 ρ.
588 4691 636 4744 177
665 4693 725 4742 Βυε.
753 4689 806 4743 418
858 4689 884 4742 δί
911 4707 974 4748 τινες
997 4687 1114 4759 βοήθειαν
1143 4687 1292 4757 ἐπιχειροῦσι
1315 4687 1397 4756 φέρειν
1419 4685 1515 4743 ἑαυτοῖς

149 4784 272 4834 Schneid.
292 4779 305 4832 δ
324 4780 369 4848 μὲν
388 4776 586 4847 Θεόφραστος
604 4777 709 4835 εἰκότως
727 4776 808 4846 ἀρχὴν
859 4782 910 4829 τῶν
933 4775 1056 4846 λεγόντων
1080 4773 1208 4846 ἄφθαρτον
1231 4774 1276 4842 μίν
1295 4772 1368 4837 εἰναι,
1386 4772 1516 4842 γενόμενον

150 4867 273 4937 κινήσεως
302 4866 349 4935 τὴν
372 4865 457 4936 ψυχὴν
484 4865 562 4917 εἰπὼν
589 4863 646 4916 οἰιδί
677 4862 738 4915 ἀλλο
760 4863 808 4933 πρὸ
859 4862 894 4928 δί,
917 4862 965 4914 οἰικ
983 4863 1049 4916 ἔστιν
1067 4859 1172 4931 ἀληθής.
1201 4860 1294 4928 ὁμοίως
1316 4862 1361 4929 γάρ
1383 4875 1443 4930 φασι
1464 4866 1516 4919 τοῖς

149 4954 228 5024 αὐτῆς
248 4951 401 5021 ὑποθέμενος
424 4954 504 5022 ἀρχῆς
527 4951 574 5004 οῦκ
599 4951 675 5004 οἴεται
699 4949 747 5003 δεῖν
766 4951 807 5019 ἀρ·
859 4952 891 5003 τὰ
908 4949 1083 5020 διαγράμματα
1101 4951 1220 5019 γράφουσι
1243 4948 1287 5000 καί
1310 4953 1373 5016 σφᾶς
1392 4948 1517 5018 εἰρηκέναι

150 5043 200 5111 χην
218 5041 352 5112 ἰπιζητεῖν·
371 5039 486 5111 ἔμψυχον
505 5041 551 5109 γὰρ
569 5038 614 5092 καί
631 5037 705 5096 αἰετὸς
722 5037 808 5091 δίδωσι
859 5039 914 5108 περὶ
935 5042 981 5107 τῆς
1005 5038 1131 5106 γενέσεως,
1154 5035 1201 5105 οἰιχ
1229 5035 1264 5094 ῶς
1287 5036 1419 5104 γενομένου
1445 5036 1515 5102 ποτέ,
