3648 5736
454 397 651 449 ιιιννυυκτι
670 396 1034 448 τιτιεοεουιςυυυυοιν
1057 395 1088 448 ιο
1103 404 1183 444 ο-οο
1437 393 1500 458 569

183 567 217 630 δέ
239 567 314 648 μόνα
340 567 447 648 κυρίως
469 564 560 647 λέγειν
582 565 670 649 φασίν
692 565 780 630 αότδν
802 565 838 628 τά
860 566 925 650 περὶ
948 568 1061 652 ψυχήν,
1091 566 1128 629 τὰ
1151 565 1184 628 δέ
1205 566 1270 649 περὶ
1292 569 1380 648 σῶμα
1402 565 1450 628 καί

183 669 220 732 τά
241 668 325 738 ἐκτδς
346 668 400 732 ούκ
422 666 465 732 ἔτι
487 667 593 751 κυρίως
615 668 728 752 ἀγαθά,
757 666 832 731 ἀλλὰ
854 668 996 752 λεγόμενα
1024 668 1136 751 ἀγαθά,
1162 670 1315 753 πολλαχοῦ
1342 667 1375 730 δέ
1401 667 1450 730 καὶ

184 770 260 850 μέσα
288 769 471 852 ὠνομακέναι
498 770 587 834 αύτά·
617 769 689 835 είναι
716 771 771 854 γὰρ
796 769 895 840 αὐτοῖς
920 770 969 833 καί
997 773 1095 840 καλῶς
1117 771 1165 833 καὶ
1188 773 1286 840 κακῶς
1308 769 1450 856 χρῆσθαι.

247 873 299 944 τάς
322 873 374 956 μὲν
397 869 448 936 ούν
470 873 574 957 ἀρετὰς
595 874 670 937 κατὰ
691 874 777 957 τιμὴν
800 872 961 957 ἀκρότητας
984 872 1058 937 είναί
1079 893 1166 958 φησι,
1195 871 1269 936 κατὰ
1291 872 1325 936 δὲ
1346 871 1446 936 οδσίαν
1469 883 1500 936 16

154 975 358 1059 νμεσότητας·
386 975 843 1062 τιμιύτερον1μλν]γάρούδὲν
870 977 984 1061 ἀρετῆς.
1030 977 1062 1039 τδ
1090 975 1123 1039 δὲ
1148 975 1326 1060 δτερβσλλυν
1352 975 1449 1040 αὐτῶν

186 1080 206 1164 ἢ
229 1079 326 1143 ἐνδέον
353 1078 394 1148 είς
419 1078 523 1143 κακίαν
545 1081 693 1143 τελευτᾶν·
722 1079 782 1144 οἷον
804 1078 946 1162 τέσσαρές
968 1099 1055 1162 φησιν
1077 1077 1150 1142 εἶναι
1177 1075 1282 1162 ἀρετὰς
1310 1077 1448 1161 φρόνησιν

185 1181 375 1267 σωφροσύνην
412 1181 595 1264 δικαιοσύνην
640 1182 789 1266 ἀνδρείαν·
839 1180 950 1245 τούτων
989 1181 1100 1264 έκέατη
1133 1179 1363 1264 παρακολουθεῖν
1397 1181 1449 1244 δύο

185 1285 288 1353 κακίας
322 1281 391 1346 καθ’
425 1284 588 1370 ὑπερβολὴν
620 1284 668 1348 καὶ
704 1285 842 1368 μείωσιν,
871 1284 932 1348 οἷον
961 1284 1000 1366 τῇ
1033 1285 1085 1366 μέν
1117 1285 1255 1368 φρονήσει
1286 1281 1450 1367 ἀφροσύνην

186 1387 260 1450 κατὰ
283 1385 413 1469 μείωσιν,
436 1386 610 1471 πανουργίαν
633 1385 757 1450 δὲκαθ’
786 1387 960 1473 ὑπερβολήν,
981 1387 1021 1468 πή
1043 1385 1076 1450 δέ
1098 1386 1274 1471 σωφροσύνη
1290 1384 1449 1450 ἀκολασίαν

148 1510 171 1548 ιο
188 1488 262 1552 κατὰ
285 1488 414 1570 μαίωσιν,
437 1490 594 1573 σκαιότητα
617 1487 688 1554 καθ’
709 1489 883 1576 ὑπερβολήν,
905 1490 944 1572 τή
966 1489 999 1554 δέ
1021 1488 1190 1571 δικαιοσύνη
1205 1486 1362 1570 μειονεξίαν
1376 1485 1451 1550 κατὰ

187 1593 320 1675 μείωσιν,
350 1590 515 1661 πλεονεξίαν
536 1591 605 1656 καθ’
635 1592 812 1676 ὑπερβολήν,
839 1592 879 1674 τῇ
900 1591 933 1654 δὲ
955 1592 1072 1676 ἀνδρείᾳ
1094 1591 1200 1655 δειλίαν
1222 1591 1297 1655 κατὰ
1319 1589 1448 1673 μείωσιν,

184 1694 352 1778 θρασύτητα
381 1692 450 1758 καθ’
478 1695 650 1780 ὑπερβολήν.
685 1693 791 1763 ταύτας
819 1693 853 1756 δὲ
878 1693 1064 1777 έγγενομένας
1091 1694 1142 1764 τὰς
1172 1693 1275 1778 ἀρετὰς
1298 1693 1448 1776 ἀνθριίνπιμ

186 1796 402 1882 ἀπεργάζεσθαι
424 1797 512 1861 αὐτὸν
534 1797 643 1860 τέλειον
664 1797 713 1860 καί
735 1797 874 1882 παρέχειν
896 1797 978 1882 αὐτῷ
1001 1796 1195 1879 εὐδαιμονίαν.
1345 1795 1398 1878 τὴν
1414 1793 1447 1857 δέ
1468 1802 1499 1854 17

187 1900 371 1981 εὐδαιμονίαν
393 1899 469 1964 εἶναι’
489 1919 576 1984 φησιν
600 1900 740 1982 ὁμοίωσιν
766 1899 830 1984 θεῷ
853 1899 929 1963 κατά
950 1900 983 1964 τδ
1006 1899 1136 1964 δυνατόν.
1179 1900 1232 1983 τὴν
1255 1900 1288 1962 δὲ
1310 1897 1449 1981 ὁμοίωσιν

146 2008 229 2088 τιτῷ
264 2003 343 2087 θεῷ,
375 2003 443 2067 ὅταν
472 2024 514 2072 τις
544 2002 624 2073 όσιός
655 2002 757 2066 τεκαὶ
780 2002 889 2071 δίκαιος
911 2001 1027 2084 γένηται
1051 2001 1123 2085 μετὰ
1145 2003 1325 2087 φρονήσεως.
1368 1999 1450 2068 τέλος

183 2105 237 2189 γὰρ
259 2109 345 2169 τοῦτο
366 2107 419 2189 τῆς
440 2103 530 2190 ἄκρας
553 2107 655 2191 σοφίας
678 2105 726 2169 καὶ
749 2105 854 2188 ἀρετῆς
879 2103 1057 2168 ὑποτίθεται.
1231 2103 1307 2187 λέγει
1329 2101 1363 2167 δέ
1385 2103 1446 2166 ἀντ-
1468 2109 1501 2164 18

185 2207 357 2271 ακολουθεῖν
378 2207 430 2277 τάς
453 2207 557 2291 ἀρετὰς
579 2209 718 2294 ἀλλήλαις
741 2207 789 2272 καί
812 2209 969 2290 μονοειδεῖς
996 2205 1068 2271 είναι
1096 2208 1143 2272 καί
1172 2206 1319 2290 μηδέποτε
1345 2206 1450 2270 έναντι·

187 2311 294 2375 ούσθοιι
317 2311 467 2396 ἀλλήλαις.
510 2309 561 2380 τὰς
583 2311 616 2373 δὲ
637 2309 740 2380 κακίας
762 2309 960 2394 πολυτρόπους
981 2331 1013 2374 τε
1034 2309 1106 2374 εἶναι
1130 2310 1178 2374 καὶ
1201 2311 1273 2373 ποτὲ
1295 2309 1348 2392 μὲν
1367 2307 1450 2371 ἀντα-

184 2412 347 2491 κολουθεῖν,
368 2413 441 2478 πατλ
455 2413 488 2476 δὲ
503 2411 703 2478 ἐναντιοῦσθαι
718 2413 869 2498 ἀλλήλαις.
965 2451 969 2457 ·
1021 2412 1197 2497 εἱμαρμένην
1212 2413 1245 2476 δέ
1259 2431 1347 2497 φησιν
1362 2408 1446 2488 εἶναι,
1468 2420 1499 2472 19

145 2535 169 2572 ω
187 2515 221 2578 ού
245 2515 303 2599 μὴν
331 2517 426 2580 πάντα
447 2513 517 2580 καθ’
545 2515 722 2600 εἱμαρμένην
748 2515 893 2602 γίνεσθαι,
921 2513 985 2580 ἀλλ’
1012 2515 1086 2581 εἶναί
1111 2537 1138 2579 τι
1159 2515 1208 2580 καὶ
1230 2511 1278 2600 ἐφ’
1306 2515 1390 2598 ἡμῖν,
1417 2511 1448 2576 έν

184 2617 228 2687 οίς
250 2637 338 2701 φησιν
356 2617 450 2682 (αἰτία
472 2617 622 2700 έλομένου,
644 2618 713 2688 θεὸς
735 2617 870 2688 ἀναίτιος’
895 2619 946 2683 καί
962 2619 1088 2703 (θεσμός
1112 2637 1145 2682 τε
1163 2616 1346 2702 Ἀδραστείας
1371 2613 1447 2680 όδε’.

181 2720 260 2782 οὕτω
297 2720 330 2783 τδ
372 2719 441 2784 καθ’
485 2720 661 2805 εἱμαρμένην
705 2718 766 2784 οίδι
808 2722 856 2786 καί
898 2723 931 2785 τδ
974 2721 1021 2808 ἐφ’
1066 2723 1149 2805 ἡμῖν·
1323 2719 1446 2784 ἀκούσια
1465 2725 1499 2779 20

188 2822 221 2884 δέ
242 2842 329 2906 φησιν
352 2820 423 2886 είναι
445 2824 482 2887 τά
504 2823 714 2908 ἁμαρτήματα·
747 2823 788 2894 εἰς
809 2825 864 2909 γὰρ
885 2825 919 2888 τό
946 2827 1097 2890 καλλιστον
1123 2827 1182 2887 τῶν
1209 2823 1239 2886 ἐν
1266 2824 1350 2906 ἡμῖν,
1377 2822 1448 2904 όπερ

189 2925 265 2989 ἐστὶν
281 2926 300 3009 ή
316 2927 413 3010 ψυχή,
435 2925 489 2990 οὐκ
510 2925 546 2990 ἀν
567 2947 629 2990 τινα
650 2926 684 2988 τδ
706 2927 796 2990 κακδν
818 2927 1051 3011 παραδέξασθαι,
1072 2923 1146 2990 τοῦτ’
1163 2923 1224 2990 ἔστι
1246 2926 1299 3009 τὴν
1321 2924 1449 2989 ἀδικίαν·

148 3047 171 3084 ω
190 3027 264 3090 κατὰ
286 3026 402 3110 ἄγνοιαν
425 3029 458 3092 δὲ
479 3029 528 3093 καὶ
551 3030 671 3113 σφάλμα
696 3033 748 3092 τού
775 3028 905 3113 ἀγαθού,
933 3031 1084 3114 οἰομένους
1111 3027 1199 3093 καλόν
1222 3051 1248 3092 τι
1270 3031 1376 3104 ποιεῖν,
1402 3027 1449 3090 ἐπὶ

185 3131 219 3192 τδ
247 3131 337 3194 κακδν
366 3129 519 3217 ἔρχεσθαι.
697 3132 745 3194 καί
773 3131 847 3202 λέξις
874 3133 977 3198 τούτου
1009 3133 1211 3219 ἐμφανεστάτη
1241 3130 1317 3195 ἐστίν
1346 3131 1376 3194 έν
1408 3131 1447 3212 πή
1465 3136 1498 3190 21

187 3233 334 3317 Ιίολιτείηι,
356 3233 387 3296 έν
409 3230 430 3316 ή
454 3253 525 3319 φησι
544 3233 645 3298 “παλιν
668 3231 695 3298 δ’
723 3231 760 3298 αδ
782 3237 909 3318 τολμᾶτε
929 3236 1022 3320 λέγειν
1049 3239 1089 3306 ςίις
1114 3235 1236 3321 οιίσχρδν
1251 3235 1299 3298 καὶ
1315 3233 1451 3316 θεομισές

187 3338 206 3419 ἡ
233 3337 336 3400 κακία·
367 3339 430 3406 πῶς
457 3334 507 3401 ούν
529 3338 566 3422 δή
588 3360 630 3408 τις
652 3338 686 3401 τδ
709 3341 838 3401 τοιοῦτον
867 3339 957 3402 κακδν
979 3335 1081 3424 αίροῖτ’
1108 3336 1157 3422 ἄνη
1187 3339 1283 3422 ήττων
1305 3337 1338 3407 ὃς
1359 3335 1394 3400 ἂν
1416 3334 1449 3419 ή,

185 3439 270 3524 φατέ,
292 3444 350 3502 τῶν
374 3442 500 3524 ήδονιῖιν.
544 3440 649 3504 ούκούν
678 3441 726 3504 καί
752 3445 838 3505 τούτο
860 3440 1010 3519 ἀκούσιον,
1038 3439 1118 3525 είπερ
1145 3441 1178 3504 τδ
1201 3444 1281 3504 νικᾶν
1303 3439 1449 3524 έκούσιονγ

148 3561 171 3599 νο
190 3543 268 3606 ὥστε
289 3541 324 3605 ὲκ
346 3543 451 3612 παντὸς
472 3543 560 3626 λόγου
581 3543 615 3608 τό
637 3565 670 3626 γε
690 3544 800 3608 ἀδικεῖν
822 3543 957 3608 ἀκούσιον
981 3543 997 3607 ό
1019 3543 1104 3626 λόγος
1125 3540 1228 3628 αίρεῖ’.
1374 3542 1447 3605 ἀντι·
1467 3549 1501 3603 12

185 3644 296 3708 τίθεται
318 3643 351 3707 δέ
372 3667 414 3714 τις
435 3644 517 3732 αὐτῷ
540 3647 612 3731 πρὸς
633 3650 732 3710 τούτο·
756 3645 804 3710 διδ
825 3646 854 3709 τί
874 3644 925 3710 οὖν
948 3646 1128 3724 κολάζονται,
1150 3645 1176 3710 εί
1199 3643 1344 3714 ἀκουσίως
1360 3645 1449 3728 ἁμαρ

184 3750 331 3831 τάνουσιν;
362 3749 434 3812 όδέ
455 3749 548 3832 λέγει,
576 3750 624 3814 ίνα
651 3771 683 3812 τε
703 3748 791 3820 αύτδς
814 3750 857 3814 ότι
880 3750 1003 3835 τάχιστα
1025 3749 1182 3833 ἀπαλλαγή
1207 3748 1311 3818 κακίας
1332 3747 1380 3810 καί
1402 3747 1450 3811 κό-

183 3853 265 3915 λασιν
294 3851 424 3936 ύπόσχη.
446 3879 449 3884 ·
474 3851 507 3915 τδ
538 3850 593 3936 γὰρ
619 3851 738 3916 κόλασιν
767 3853 908 3938 ύποσχεῖν
933 3852 968 3918 ού
999 3853 1089 3916 κακδν
1111 3851 1194 3929 εἶναι,
1223 3850 1299 3914 ἀλλά
1328 3849 1450 3933 ἀγαθόν,

133 4037 315 4093 ’ΞούκίστιΤ
333 4038 345 4108 11
364 4040 530 4109 ίφασίυιιεε
545 4041 668 4093 Wolflum
684 4038 696 4108 11
712 4039 728 4094 5
746 4041 792 4110 μλν
843 4045 910 4096 libri.
941 4039 989 4095 δδι.
1022 4041 1042 4093 τί
1073 4037 1099 4092 δὲ
1129 4041 1221 4092 Οτυῑυε
1260 4037 1274 4106 11
1312 4035 1362 4091 οίδτ
1393 4039 1496 4091 Omine:

136 4131 232 4180 delevit
257 4129 357 4180 Οτυλυε.
377 4136 458 4180 totum
477 4130 553 4180 ουλοτι
572 4131 663 4180 melius
681 4138 792 4195 ponetur
844 4130 867 4183 οί
900 4128 926 4183 δέ
953 4133 1011 4182 libri
1045 4126 1057 4196 11
1091 4127 1125 4182 26
1157 4129 1237 4179 falsu·
1268 4135 1307 4178 εει
1337 4129 1501 4194 Hippolytus,

134 4225 193 4282 ροσε
210 4229 270 4285 φησι
290 4215 344 4266 ν.4
370 4212 384 4282 11
405 4215 421 4269 6
440 4215 514 4284 φασὶν
531 4223 590 4266 ουλε
609 4215 756 4282 Βοερεταω
774 4213 789 4282 11
844 4235 904 4271 nam
923 4229 963 4271 σοι
980 4221 1007 4270 in
1027 4219 1194 4283 ΟΙίιορθυιτιε
1207 4233 1232 4282 ρ.
1244 4213 1322 4268 4071)
1344 4211 1356 4282 11
1375 4213 1500 4266 mmm

133 4301 295 4373 ὃάφροσύνη
317 4305 364 4356 BL
391 4300 404 4370 11
431 4302 447 4356 9
472 4299 594 4354 ἀκολασία
615 4303 638 4354 Β
663 4301 676 4370 11
702 4303 735 4356 10
758 4309 790 4373 ιη
843 4302 867 4358 δ’
893 4303 963 4375 αύτῷ
987 4303 1066 4374 ίματι
1088 4302 1167 4372 λίγιιν
1191 4305 1249 4355 libri
1276 4299 1288 4370 11
1314 4299 1349 4355 28
1371 4305 1420 4360 πᾶς
1441 4304 1463 4354 Β
1485 4301 1497 4368 11

133 4388 236 4442 δλ-ΙΙ
263 4388 404 4459 ύιτιρβολήν
423 4391 515 4441 om.B
540 4387 552 4456 11
573 4387 715 4458 δικαιοσύνη
734 4388 791 4442 πλε·
844 4391 931 4462 ἡτῶν
950 4390 996 4445 όσα
1013 4391 1045 4461 δή
1064 4409 1127 4461 φατε
1145 4394 1203 4442 nbri
1224 4388 1236 4456 11
1257 4389 1291 4444 29
1303 4385 1415 4440 ἀκούσιον
1433 4390 1502 4454 (post

132 4475 225 4536 ονιξίαν
254 4480 277 4529 Τ
307 4475 319 4546 11
352 4476 383 4529 12
410 4473 554 4547 θρασύτητα
587 4479 621 4529 B:
654 4475 792 4547 σκαιότητα
843 4483 925 4544 νικᾶν)
944 4497 976 4533 εκ
996 4477 1111 4532 ἀκούσιον
1130 4495 1195 4531 corr.
1209 4480 1232 4529 B
1247 4474 1260 4544 11
1276 4475 1310 4530 δθ
1323 4475 1444 4528 ἀδικονΤ
1460 4473 1500 4542 11δ

132 4569 303 4632 superscripto
321 4561 414 4634 θρᾶσος
432 4567 467 4617 L:
486 4559 577 4634 θράσος
594 4565 615 4616 O
631 4566 643 4632 11
665 4565 698 4617 14
717 4565 791 4636 φησίν
843 4569 916 4637 λόγος
935 4567 1099 4638 ιίριιΡμιοι
1117 4565 1189 4636 λόγος
1208 4565 1326 4636 λραιιοοι
1341 4563 1354 4632 11
1368 4562 1440 4632 λόγος
1453 4562 1503 4633 δρα

133 4654 240 4704 Theaet-
259 4671 284 4718 p.
300 4652 372 4706 176A
389 4676 400 4718 1,
419 4653 450 4705 lb
463 4649 527 4710 ὅσιος
539 4654 610 4710 vel:
629 4649 642 4718 11
664 4652 696 4705 17
714 4650 790 4722 ἀλλή-
844 4653 992 4709 ἀντιτίθεται
1010 4659 1077 4707 inter
1088 4651 1204 4706 ἀκούσιον
1216 4663 1242 4703 ει
1253 4650 1320 4720 είπτρ
1332 4668 1410 4719 συρτει
1426 4655 1502 4704 iterat

132 4737 189 4796 λοος
207 4741 230 4791 Β
251 4737 263 4806 11
288 4739 320 4792 18
338 4737 486 4809 ἀλλήλοιςΒ
501 4735 513 4806 11
531 4740 563 4792 19
576 4737 603 4792 δέ
617 4753 691 4809 φησιν
700 4741 790 4794 Cadra
843 4747 865 4796 Β
882 4741 941 4812 1131
960 4745 1035 4796 τοῦτο
1053 4745 1112 4795 ΒΤι
1131 4737 1213 4808 τούτῳ
1232 4741 1254 4792 O
1269 4737 1281 4806 11
1296 4737 1360 4807 λίγα
1377 4741 1500 4791 incertum

131 4827 204 4896 φασίν
232 4829 293 4890 (om.
318 4825 354 4890 δλ)
383 4829 442 4880 libri
468 4824 480 4894 11
507 4825 537 4879 οδ
562 4827 646 4893 μίνποι
671 4829 747 4881 Οιδτ.
776 4827 788 4897 11
844 4849 919 4898 quem
943 4835 1029 4884 locum
1054 4833 1175 4897 τυερ1α1αι
1197 4831 1228 4880 εί.
1255 4829 1334 4892 Gorg.
1354 4823 1429 4879 4781
1448 4827 1500 4878 Re·

133 4913 165 4966 21
185 4927 259 4984 φησιν
277 4915 467 4980 Qum
483 4913 627 4984 11αίτίανΤ
648 4913 660 4983 11
681 4915 791 4970 ἀναιτίαν
843 4920 912 4984 publ.
927 4915 1055 4970 1115911
1081 4914 1283 4984 λος-1119341
1304 4916 1376 4967 Prot.
1389 4911 1464 4966 ³24³
1486 4911 1498 4978 ΙΙ

132 5004 154 5054 Τ
185 5001 197 5068 11
230 5001 261 5053 21
291 4997 333 5055 όδι
358 5005 436 5056 Plato
464 5005 575 5057 Phaedr.
598 5003 688 5058 δίδοι
718 5004 741 5056 οί
764 5003 791 5058 δέ
843 5005 877 5060 ³2
896 5003 934 5058 ότι
951 5005 1044 5058 om.B
