<?xml version="1.0" encoding="UTF-8"?>
<!DOCTYPE html PUBLIC "-//W3C//DTD XHTML 1.0 Transitional//EN"
    "http://www.w3.org/TR/xhtml1/DTD/xhtml1-transitional.dtd">
<html xmlns="http://www.w3.org/1999/xhtml" xml:lang="en" lang="en">
 <head>
  <title>
</title>
<meta http-equiv="Content-Type" content="text/html;charset=utf-8" />
  <meta name='ocr-system' content='tesseract 3.04.00' />
  <meta name='ocr-capabilities' content='ocr_page ocr_carea ocr_par ocr_line ocrx_word'/>
</head>
<body>
  <div class='ocr_page' id='page_1' title='image "./doxographigraec01dielgoog/doxographigraec01dielgoog_0662.png"; bbox 0 0 3648 5736; ppageno 0'>
   <div class='ocr_carea' id='block_1_1' title="bbox 495 401 1480 466">
    <p class='ocr_par' dir='ltr' id='par_1_1' title="bbox 495 401 1480 466">
     <span class='ocr_line' id='line_1_1' title="bbox 495 401 1480 466; baseline 0.013 -12"><span class='ocrx_word' id='word_1_1' title='bbox 495 403 632 454; x_wconf 69' lang='grc' dir='ltr'>σκοποῖ</span> <span class='ocrx_word' id='word_1_2' title='bbox 653 401 790 454; x_wconf 77' lang='grc' dir='ltr'>υτετοκ.</span> <span class='ocrx_word' id='word_1_3' title='bbox 809 401 949 454; x_wconf 74' lang='grc' dir='ltr'>Ρκιοοε.</span> <span class='ocrx_word' id='word_1_4' title='bbox 964 401 1101 456; x_wconf 76' lang='grc' dir='ltr'>ιιτ-ινο</span> <span class='ocrx_word' id='word_1_5' title='bbox 1416 403 1480 466; x_wconf 85' lang='grc'>643</span> 
     </span>
    </p>
   </div>
   <div class='ocr_carea' id='block_1_2' title="bbox 167 619 1429 708">
    <p class='ocr_par' dir='ltr' id='par_1_2' title="bbox 167 619 1429 708">
     <span class='ocr_line' id='line_1_2' title="bbox 167 619 1429 708; baseline -0.002 -23"><span class='ocrx_word' id='word_1_6' title='bbox 167 623 224 686; x_wconf 78' lang='grc'>117</span> <span class='ocrx_word' id='word_1_7' title='bbox 247 619 326 690; x_wconf 85' lang='grc' dir='ltr'>Πῶς</span> <span class='ocrx_word' id='word_1_8' title='bbox 342 625 476 706; x_wconf 85' lang='grc' dir='ltr'>στεῖραι</span> <span class='ocrx_word' id='word_1_9' title='bbox 492 621 648 708; x_wconf 88' lang='grc' dir='ltr'>γίνονται</span> <span class='ocrx_word' id='word_1_10' title='bbox 664 626 826 704; x_wconf 85' lang='grc' dir='ltr'>γυναῖκες</span> <span class='ocrx_word' id='word_1_11' title='bbox 841 623 898 686; x_wconf 86' lang='grc' dir='ltr'>καὶ</span> <span class='ocrx_word' id='word_1_12' title='bbox 914 622 1037 706; x_wconf 84' lang='grc' dir='ltr'>ἄνδρες</span> <span class='ocrx_word' id='word_1_13' title='bbox 1051 621 1178 704; x_wconf 88' lang='grc' dir='ltr'>ἀγονοι.</span> <span class='ocrx_word' id='word_1_14' title='bbox 1203 629 1285 693; x_wconf 82' lang='lat' dir='ltr'><strong>[Plut.</strong></span> <span class='ocrx_word' id='word_1_15' title='bbox 1295 634 1319 682; x_wconf 84' lang='lat' dir='ltr'>V</span> <span class='ocrx_word' id='word_1_16' title='bbox 1331 629 1429 700; x_wconf 76' lang='lat'><strong>131—3]</strong></span> 
     </span>
    </p>
   </div>
   <div class='ocr_carea' id='block_1_3' title="bbox 140 775 1483 1376">
    <p class='ocr_par' dir='ltr' id='par_1_3' title="bbox 258 775 1430 862">
     <span class='ocr_line' id='line_1_3' title="bbox 258 775 1430 862; baseline 0 -20"><span class='ocrx_word' id='word_1_17' title='bbox 258 775 296 842; x_wconf 86' lang='grc' dir='ltr'>Οἱ</span> <span class='ocrx_word' id='word_1_18' title='bbox 320 775 329 838; x_wconf 83' lang='grc'><strong>1</strong></span> <span class='ocrx_word' id='word_1_19' title='bbox 335 778 433 860; x_wconf 88' lang='grc' dir='ltr'>ατροὶ</span> <span class='ocrx_word' id='word_1_20' title='bbox 456 776 568 861; x_wconf 82' lang='grc' dir='ltr'>στείρας</span> <span class='ocrx_word' id='word_1_21' title='bbox 583 778 654 862; x_wconf 82' lang='grc' dir='ltr'>φασὶ</span> <span class='ocrx_word' id='word_1_22' title='bbox 669 778 817 861; x_wconf 89' lang='grc' dir='ltr'>γίγνεσθαι</span> <span class='ocrx_word' id='word_1_23' title='bbox 832 779 910 862; x_wconf 84' lang='grc' dir='ltr'>παρὰ</span> <span class='ocrx_word' id='word_1_24' title='bbox 925 779 957 841; x_wconf 84' lang='grc' dir='ltr'>τὸ</span> <span class='ocrx_word' id='word_1_25' title='bbox 973 779 1026 862; x_wconf 81' lang='grc' dir='ltr'>τὴν</span> <span class='ocrx_word' id='word_1_26' title='bbox 1042 779 1151 862; x_wconf 79' lang='grc' dir='ltr'><strong>μήτραν</strong></span> <span class='ocrx_word' id='word_1_27' title='bbox 1167 776 1343 861; x_wconf 81' lang='grc' dir='ltr'>στενωτέραν</span> <span class='ocrx_word' id='word_1_28' title='bbox 1358 776 1430 842; x_wconf 83' lang='grc' dir='ltr'>εῖναι</span> 
     </span>
    </p>

    <p class='ocr_par' dir='ltr' id='par_1_4' title="bbox 160 879 1431 966">
     <span class='ocr_line' id='line_1_4' title="bbox 160 879 1431 966; baseline 0.001 -23"><span class='ocrx_word' id='word_1_29' title='bbox 160 880 180 963; x_wconf 88' lang='grc' dir='ltr'>ῆ</span> <span class='ocrx_word' id='word_1_30' title='bbox 210 879 381 964; x_wconf 80' lang='grc' dir='ltr'>ἀραιοτέραν</span> <span class='ocrx_word' id='word_1_31' title='bbox 405 880 424 962; x_wconf 79' lang='grc' dir='ltr'><strong>ἢ</strong></span> <span class='ocrx_word' id='word_1_32' title='bbox 448 879 619 965; x_wconf 81' lang='grc' dir='ltr'>διάστροφον</span> <span class='ocrx_word' id='word_1_33' title='bbox 646 879 724 966; x_wconf 87' lang='grc' dir='ltr'>ἔχειν</span> <span class='ocrx_word' id='word_1_34' title='bbox 747 882 796 944; x_wconf 91' lang='grc' dir='ltr'>τδν</span> <span class='ocrx_word' id='word_1_35' title='bbox 819 881 1021 966; x_wconf 86' lang='grc' dir='ltr'>σχηματισμὸν</span> <span class='ocrx_word' id='word_1_36' title='bbox 1044 880 1063 963; x_wconf 85' lang='grc' dir='ltr'>ῆ</span> <span class='ocrx_word' id='word_1_37' title='bbox 1087 879 1165 962; x_wconf 83' lang='grc' dir='ltr'>παρὰ</span> <span class='ocrx_word' id='word_1_38' title='bbox 1191 880 1224 941; x_wconf 84' lang='grc' dir='ltr'>τὸ</span> <span class='ocrx_word' id='word_1_39' title='bbox 1247 880 1431 964; x_wconf 78' lang='grc' dir='ltr'>παρέπεσθαι</span> 
     </span>
    </p>

    <p class='ocr_par' dir='ltr' id='par_1_5' title="bbox 169 981 1423 1068">
     <span class='ocr_line' id='line_1_5' title="bbox 169 981 1423 1068; baseline 0.001 -23"><span class='ocrx_word' id='word_1_40' title='bbox 169 981 343 1066; x_wconf 82' lang='grc' dir='ltr'>δυσκρασίαν</span> <span class='ocrx_word' id='word_1_41' title='bbox 366 981 532 1066; x_wconf 90' lang='grc' dir='ltr'>μοχθηράν.</span> <span class='ocrx_word' id='word_1_42' title='bbox 576 983 736 1068; x_wconf 81' lang='grc' dir='ltr'>Διοκλῆς</span> <span class='ocrx_word' id='word_1_43' title='bbox 764 983 799 1048; x_wconf 83' lang='grc' dir='ltr'>δι’</span> <span class='ocrx_word' id='word_1_44' title='bbox 828 984 943 1048; x_wconf 80' lang='grc' dir='ltr'>ἀτονίαν</span> <span class='ocrx_word' id='word_1_45' title='bbox 964 987 1023 1046; x_wconf 89' lang='grc' dir='ltr'>τῶν</span> <span class='ocrx_word' id='word_1_46' title='bbox 1048 982 1161 1065; x_wconf 89' lang='grc' dir='ltr'>ἀνδρῶν</span> <span class='ocrx_word' id='word_1_47' title='bbox 1183 981 1203 1064; x_wconf 88' lang='grc' dir='ltr'>ῆ</span> <span class='ocrx_word' id='word_1_48' title='bbox 1227 981 1275 1044; x_wconf 89' lang='grc' dir='ltr'>διά</span> <span class='ocrx_word' id='word_1_49' title='bbox 1296 983 1329 1044; x_wconf 89' lang='grc' dir='ltr'>τδ</span> <span class='ocrx_word' id='word_1_50' title='bbox 1353 982 1423 1066; x_wconf 81' lang='grc' dir='ltr'>μηδ’</span> 
     </span>
    </p>

    <p class='ocr_par' dir='ltr' id='par_1_6' title="bbox 140 1083 1431 1170">
     <span class='ocr_line' id='line_1_6' title="bbox 140 1083 1431 1170; baseline 0.005 -28"><span class='ocrx_word' id='word_1_51' title='bbox 140 1085 248 1152; x_wconf 80' lang='grc' dir='ltr'>τόλως</span> <span class='ocrx_word' id='word_1_52' title='bbox 280 1083 433 1166; x_wconf 86' lang='grc' dir='ltr'>προίεσθαι</span> <span class='ocrx_word' id='word_1_53' title='bbox 464 1086 549 1169; x_wconf 82' lang='grc' dir='ltr'>γονὴν</span> <span class='ocrx_word' id='word_1_54' title='bbox 581 1086 600 1169; x_wconf 88' lang='grc' dir='ltr'>ῆ</span> <span class='ocrx_word' id='word_1_55' title='bbox 632 1085 710 1170; x_wconf 78' lang='grc' dir='ltr'>παρὰ</span> <span class='ocrx_word' id='word_1_56' title='bbox 735 1088 769 1149; x_wconf 90' lang='grc' dir='ltr'>τδ</span> <span class='ocrx_word' id='word_1_57' title='bbox 792 1083 910 1150; x_wconf 83' lang='grc' dir='ltr'>ἔλαττον</span> <span class='ocrx_word' id='word_1_58' title='bbox 937 1084 1008 1149; x_wconf 81' lang='grc' dir='ltr'>εἶναι</span> <span class='ocrx_word' id='word_1_59' title='bbox 1037 1087 1088 1146; x_wconf 82' lang='grc' dir='ltr'>τοῦ</span> <span class='ocrx_word' id='word_1_60' title='bbox 1119 1083 1233 1152; x_wconf 80' lang='grc' dir='ltr'>δέοντος</span> <span class='ocrx_word' id='word_1_61' title='bbox 1254 1084 1274 1168; x_wconf 84' lang='grc' dir='ltr'>ῆ</span> <span class='ocrx_word' id='word_1_62' title='bbox 1298 1085 1376 1168; x_wconf 82' lang='grc' dir='ltr'>παρὰ</span> <span class='ocrx_word' id='word_1_63' title='bbox 1397 1089 1431 1150; x_wconf 90' lang='grc' dir='ltr'>τδ</span> 
     </span>
    </p>

    <p class='ocr_par' dir='ltr' id='par_1_7' title="bbox 168 1183 1483 1376">
     <span class='ocr_line' id='line_1_7' title="bbox 171 1183 1431 1274; baseline 0.002 -26"><span class='ocrx_word' id='word_1_64' title='bbox 171 1185 273 1268; x_wconf 79' lang='grc' dir='ltr'>ἄγονον</span> <span class='ocrx_word' id='word_1_65' title='bbox 298 1184 370 1250; x_wconf 77' lang='grc' dir='ltr'>εἶναι</span> <span class='ocrx_word' id='word_1_66' title='bbox 401 1187 449 1249; x_wconf 74' lang='grc' dir='ltr'>καί</span> <span class='ocrx_word' id='word_1_67' title='bbox 476 1187 610 1274; x_wconf 90' lang='grc' dir='ltr'>καθάπερ</span> <span class='ocrx_word' id='word_1_68' title='bbox 640 1187 755 1252; x_wconf 85' lang='grc' dir='ltr'>ἔκλυσιν</span> <span class='ocrx_word' id='word_1_69' title='bbox 782 1193 841 1252; x_wconf 88' lang='grc' dir='ltr'>τῶν</span> <span class='ocrx_word' id='word_1_70' title='bbox 868 1187 989 1272; x_wconf 84' lang='grc' dir='ltr'>μορίων.</span> <span class='ocrx_word' id='word_1_71' title='bbox 1032 1183 1070 1250; x_wconf 81' lang='grc' dir='ltr'>Οἱ</span> <span class='ocrx_word' id='word_1_72' title='bbox 1100 1183 1252 1248; x_wconf 79' lang='grc' dir='ltr'>Στωικοὶ</span> <span class='ocrx_word' id='word_1_73' title='bbox 1284 1186 1431 1252; x_wconf 82' lang='grc' dir='ltr'>αἰτιῶνται</span> 
     </span>
     <span class='ocr_line' id='line_1_8' title="bbox 168 1287 1483 1376; baseline -0.002 -24"><span class='ocrx_word' id='word_1_74' title='bbox 168 1289 219 1358; x_wconf 86' lang='grc' dir='ltr'>τάς</span> <span class='ocrx_word' id='word_1_75' title='bbox 241 1287 404 1373; x_wconf 74' lang='grc' dir='ltr'>συμφύτους</span> <span class='ocrx_word' id='word_1_76' title='bbox 426 1288 467 1359; x_wconf 77' lang='grc' dir='ltr'>εἰς</span> <span class='ocrx_word' id='word_1_77' title='bbox 483 1290 618 1374; x_wconf 83' lang='grc' dir='ltr'>ἑκάτερον</span> <span class='ocrx_word' id='word_1_78' title='bbox 640 1294 699 1354; x_wconf 91' lang='grc' dir='ltr'>τῶν</span> <span class='ocrx_word' id='word_1_79' title='bbox 721 1290 940 1373; x_wconf 76' lang='grc' dir='ltr'>πλησιαζόντων</span> <span class='ocrx_word' id='word_1_80' title='bbox 963 1289 1097 1372; x_wconf 84' lang='grc' dir='ltr'>δυνάμεις</span> <span class='ocrx_word' id='word_1_81' title='bbox 1118 1312 1150 1352; x_wconf 87' lang='grc' dir='ltr'>τε</span> <span class='ocrx_word' id='word_1_82' title='bbox 1171 1290 1219 1352; x_wconf 84' lang='grc' dir='ltr'>καὶ</span> <span class='ocrx_word' id='word_1_83' title='bbox 1241 1289 1416 1376; x_wconf 68' lang='grc' dir='ltr'>ποιόήτητας.</span> <span class='ocrx_word' id='word_1_84' title='bbox 1447 1311 1483 1349; x_wconf 76' lang='grc' dir='ltr'>ονε</span> 
     </span>
    </p>
   </div>
   <div class='ocr_carea' id='block_1_4' title="bbox 344 1546 1253 1631">
    <p class='ocr_par' dir='ltr' id='par_1_8' title="bbox 344 1546 1253 1631">
     <span class='ocr_line' id='line_1_9' title="bbox 344 1546 1253 1631; baseline -0.003 -20"><span class='ocrx_word' id='word_1_85' title='bbox 344 1548 404 1612; x_wconf 86' lang='grc'>118</span> <span class='ocrx_word' id='word_1_86' title='bbox 441 1546 506 1610; x_wconf 88' lang='grc' dir='ltr'>Διά</span> <span class='ocrx_word' id='word_1_87' title='bbox 528 1546 561 1608; x_wconf 85' lang='grc' dir='ltr'>τί</span> <span class='ocrx_word' id='word_1_88' title='bbox 581 1547 616 1609; x_wconf 83' lang='grc' dir='ltr'>αἱ</span> <span class='ocrx_word' id='word_1_89' title='bbox 639 1546 781 1630; x_wconf 81' lang='grc' dir='ltr'>ἡμίονοι</span> <span class='ocrx_word' id='word_1_90' title='bbox 804 1551 950 1631; x_wconf 88' lang='grc' dir='ltr'>στεῖραι.</span> <span class='ocrx_word' id='word_1_91' title='bbox 989 1555 1253 1624; x_wconf 76' lang='lat' dir='ltr'><strong>[Plut.V151.2.a]</strong></span> 
     </span>
    </p>
   </div>
   <div class='ocr_carea' id='block_1_5' title="bbox 131 1699 1433 2301">
    <p class='ocr_par' dir='ltr' id='par_1_9' title="bbox 256 1699 1432 1788">
     <span class='ocr_line' id='line_1_10' title="bbox 256 1699 1432 1788; baseline 0.003 -24"><span class='ocrx_word' id='word_1_92' title='bbox 256 1699 454 1783; x_wconf 85' lang='grc' dir='ltr'>Ἀλκμαίων</span> <span class='ocrx_word' id='word_1_93' title='bbox 477 1703 535 1763; x_wconf 91' lang='grc' dir='ltr'>τῶν</span> <span class='ocrx_word' id='word_1_94' title='bbox 559 1701 687 1784; x_wconf 80' lang='grc' dir='ltr'>ἡμιόνων</span> <span class='ocrx_word' id='word_1_95' title='bbox 709 1702 775 1771; x_wconf 77' lang='grc' dir='ltr'>τοὺς</span> <span class='ocrx_word' id='word_1_96' title='bbox 798 1701 918 1786; x_wconf 89' lang='grc' dir='ltr'>ἀρρενας</span> <span class='ocrx_word' id='word_1_97' title='bbox 948 1704 1068 1786; x_wconf 85' lang='grc' dir='ltr'>ἀγόνους</span> <span class='ocrx_word' id='word_1_98' title='bbox 1095 1703 1173 1788; x_wconf 85' lang='grc' dir='ltr'>παρὰ</span> <span class='ocrx_word' id='word_1_99' title='bbox 1195 1705 1247 1788; x_wconf 81' lang='grc' dir='ltr'>τῆν</span> <span class='ocrx_word' id='word_1_100' title='bbox 1270 1703 1432 1786; x_wconf 88' lang='grc' dir='ltr'>λεπτότητα</span> 
     </span>
    </p>

    <p class='ocr_par' dir='ltr' id='par_1_10' title="bbox 131 1802 1433 1890">
     <span class='ocr_line' id='line_1_11' title="bbox 131 1802 1433 1890; baseline 0.008 -31"><span class='ocrx_word' id='word_1_101' title='bbox 131 1823 155 1860; x_wconf 87' lang='grc' dir='ltr'>ιο</span> <span class='ocrx_word' id='word_1_102' title='bbox 172 1807 225 1887; x_wconf 85' lang='grc' dir='ltr'>τῆς</span> <span class='ocrx_word' id='word_1_103' title='bbox 248 1802 354 1886; x_wconf 89' lang='grc' dir='ltr'>σαρκδς</span> <span class='ocrx_word' id='word_1_104' title='bbox 375 1803 423 1864; x_wconf 82' lang='grc' dir='ltr'>καλ</span> <span class='ocrx_word' id='word_1_105' title='bbox 446 1803 631 1886; x_wconf 81' lang='grc' dir='ltr'>ψυχρότητα,</span> <span class='ocrx_word' id='word_1_106' title='bbox 653 1805 704 1874; x_wconf 86' lang='grc' dir='ltr'>τὰς</span> <span class='ocrx_word' id='word_1_107' title='bbox 727 1805 759 1868; x_wconf 82' lang='grc' dir='ltr'>δὲ</span> <span class='ocrx_word' id='word_1_108' title='bbox 781 1803 902 1888; x_wconf 79' lang='grc' dir='ltr'>θηλείας</span> <span class='ocrx_word' id='word_1_109' title='bbox 928 1805 1007 1890; x_wconf 83' lang='grc' dir='ltr'>παρὰ</span> <span class='ocrx_word' id='word_1_110' title='bbox 1035 1807 1069 1868; x_wconf 87' lang='grc' dir='ltr'>τὸ</span> <span class='ocrx_word' id='word_1_111' title='bbox 1097 1805 1159 1869; x_wconf 84' lang='grc' dir='ltr'>ἀνω</span> <span class='ocrx_word' id='word_1_112' title='bbox 1190 1807 1231 1890; x_wconf 82' lang='grc' dir='ltr'>μὴ</span> <span class='ocrx_word' id='word_1_113' title='bbox 1261 1805 1433 1869; x_wconf 84' lang='grc' dir='ltr'>ἀνακόπτειν</span> 
     </span>
    </p>

    <p class='ocr_par' dir='ltr' id='par_1_11' title="bbox 172 1902 1433 2002">
     <span class='ocr_line' id='line_1_12' title="bbox 172 1902 1433 2002; baseline 0.003 -35"><span class='ocrx_word' id='word_1_114' title='bbox 172 1904 223 1974; x_wconf 93' lang='grc' dir='ltr'>τάς</span> <span class='ocrx_word' id='word_1_115' title='bbox 239 1906 360 1989; x_wconf 77' lang='grc' dir='ltr'>μήτρας.</span> <span class='ocrx_word' id='word_1_116' title='bbox 395 1902 633 1990; x_wconf 82' lang='grc' dir='ltr'>Ἐμπεδοκλῆς</span> <span class='ocrx_word' id='word_1_117' title='bbox 649 1907 682 1970; x_wconf 82' lang='grc' dir='ltr'>δὲ</span> <span class='ocrx_word' id='word_1_118' title='bbox 697 1907 744 2002; x_wconf 77' lang='grc' dir='ltr'>διὰ</span> <span class='ocrx_word' id='word_1_119' title='bbox 759 1908 811 1991; x_wconf 81' lang='grc' dir='ltr'>τῆν</span> <span class='ocrx_word' id='word_1_120' title='bbox 827 1909 1005 1992; x_wconf 88' lang='grc' dir='ltr'>σμικρότητα</span> <span class='ocrx_word' id='word_1_121' title='bbox 1020 1909 1067 1974; x_wconf 85' lang='grc' dir='ltr'>καὶ</span> <span class='ocrx_word' id='word_1_122' title='bbox 1083 1909 1240 1992; x_wconf 85' lang='grc' dir='ltr'>στενότητα</span> <span class='ocrx_word' id='word_1_123' title='bbox 1254 1912 1306 1992; x_wconf 85' lang='grc' dir='ltr'>τῆς</span> <span class='ocrx_word' id='word_1_124' title='bbox 1322 1910 1433 1993; x_wconf 83' lang='grc' dir='ltr'>μήτρας</span> 
     </span>
    </p>

    <p class='ocr_par' dir='ltr' id='par_1_12' title="bbox 170 2007 1433 2096">
     <span class='ocr_line' id='line_1_13' title="bbox 170 2007 1433 2096; baseline 0.003 -26"><span class='ocrx_word' id='word_1_125' title='bbox 170 2007 417 2092; x_wconf 87' lang='grc' dir='ltr'>ἀπεστραμμένως</span> <span class='ocrx_word' id='word_1_126' title='bbox 447 2009 681 2094; x_wconf 84' lang='grc' dir='ltr'>προσπεφυκυίας</span> <span class='ocrx_word' id='word_1_127' title='bbox 711 2015 748 2092; x_wconf 75' lang='grc' dir='ltr'>τῇ</span> <span class='ocrx_word' id='word_1_128' title='bbox 780 2013 876 2094; x_wconf 82' lang='grc' dir='ltr'>σαρκί.</span> <span class='ocrx_word' id='word_1_129' title='bbox 919 2012 1073 2096; x_wconf 78' lang='grc' dir='ltr'>Διοκλῆς</span> <span class='ocrx_word' id='word_1_130' title='bbox 1104 2013 1137 2074; x_wconf 82' lang='grc' dir='ltr'>δὲ</span> <span class='ocrx_word' id='word_1_131' title='bbox 1171 2015 1309 2095; x_wconf 85' lang='grc' dir='ltr'>μαρτυρεῖ</span> <span class='ocrx_word' id='word_1_132' title='bbox 1340 2011 1433 2092; x_wconf 89' lang='grc' dir='ltr'>λέγων</span> 
     </span>
    </p>

    <p class='ocr_par' dir='ltr' id='par_1_13' title="bbox 169 2110 1432 2301">
     <span class='ocr_line' id='line_1_14' title="bbox 169 2110 1432 2198; baseline 0.003 -26"><span class='ocrx_word' id='word_1_133' title='bbox 169 2110 308 2180; x_wconf 84' lang='grc' dir='ltr'>πολλάκις</span> <span class='ocrx_word' id='word_1_134' title='bbox 330 2111 491 2195; x_wconf 82' lang='grc' dir='ltr'>ἑωρακέναι</span> <span class='ocrx_word' id='word_1_135' title='bbox 512 2111 647 2194; x_wconf 79' lang='grc' dir='ltr'>τοιαύτην</span> <span class='ocrx_word' id='word_1_136' title='bbox 671 2115 782 2196; x_wconf 80' lang='grc' dir='ltr'>μήτραν</span> <span class='ocrx_word' id='word_1_137' title='bbox 804 2113 834 2176; x_wconf 89' lang='grc' dir='ltr'>έν</span> <span class='ocrx_word' id='word_1_138' title='bbox 857 2119 919 2184; x_wconf 87' lang='grc' dir='ltr'>ταῖς</span> <span class='ocrx_word' id='word_1_139' title='bbox 951 2115 1108 2196; x_wconf 88' lang='grc' dir='ltr'>ἀνατομαῖς</span> <span class='ocrx_word' id='word_1_140' title='bbox 1137 2117 1195 2177; x_wconf 87' lang='grc' dir='ltr'>τῶν</span> <span class='ocrx_word' id='word_1_141' title='bbox 1224 2113 1354 2198; x_wconf 81' lang='grc' dir='ltr'>ἡμίονων</span> <span class='ocrx_word' id='word_1_142' title='bbox 1384 2115 1432 2176; x_wconf 83' lang='grc' dir='ltr'>καὶ</span> 
     </span>
     <span class='ocr_line' id='line_1_15' title="bbox 170 2213 1298 2301; baseline 0 -25"><span class='ocrx_word' id='word_1_143' title='bbox 170 2213 342 2300; x_wconf 82' lang='grc' dir='ltr'>ἐνδέχεσθαι</span> <span class='ocrx_word' id='word_1_144' title='bbox 364 2213 411 2276; x_wconf 86' lang='grc' dir='ltr'>διὰ</span> <span class='ocrx_word' id='word_1_145' title='bbox 433 2213 485 2284; x_wconf 91' lang='grc' dir='ltr'>τάς</span> <span class='ocrx_word' id='word_1_146' title='bbox 507 2214 641 2282; x_wconf 81' lang='grc' dir='ltr'>τοιαύτας</span> <span class='ocrx_word' id='word_1_147' title='bbox 664 2213 756 2284; x_wconf 85' lang='grc' dir='ltr'>αἰτίας</span> <span class='ocrx_word' id='word_1_148' title='bbox 778 2217 826 2296; x_wconf 75' lang='grc' dir='ltr'>καὶ</span> <span class='ocrx_word' id='word_1_149' title='bbox 849 2216 901 2286; x_wconf 88' lang='grc' dir='ltr'>τάς</span> <span class='ocrx_word' id='word_1_150' title='bbox 922 2221 1057 2298; x_wconf 84' lang='grc' dir='ltr'>γυναῖκας</span> <span class='ocrx_word' id='word_1_151' title='bbox 1080 2215 1192 2301; x_wconf 87' lang='grc' dir='ltr'>στείρας</span> <span class='ocrx_word' id='word_1_152' title='bbox 1215 2215 1298 2279; x_wconf 85' lang='grc' dir='ltr'>εἶναι.</span> 
     </span>
    </p>
   </div>
   <div class='ocr_carea' id='block_1_6' title="bbox 132 2467 1225 2556">
    <p class='ocr_par' dir='ltr' id='par_1_14' title="bbox 132 2467 1225 2556">
     <span class='ocr_line' id='line_1_16' title="bbox 132 2467 1225 2556; baseline -0.005 -20"><span class='ocrx_word' id='word_1_153' title='bbox 132 2491 156 2528; x_wconf 67' lang='lat'>1⁵</span> <span class='ocrx_word' id='word_1_154' title='bbox 372 2471 433 2535; x_wconf 72' lang='lat'>119</span> <span class='ocrx_word' id='word_1_155' title='bbox 469 2467 510 2534; x_wconf 77' lang='grc' dir='ltr'>Εἰ</span> <span class='ocrx_word' id='word_1_156' title='bbox 530 2471 568 2532; x_wconf 89' lang='grc' dir='ltr'>τδ</span> <span class='ocrx_word' id='word_1_157' title='bbox 591 2468 743 2555; x_wconf 86' lang='grc' dir='ltr'>ἔμβρυον</span> <span class='ocrx_word' id='word_1_158' title='bbox 768 2477 865 2556; x_wconf 83' lang='grc' dir='ltr'>ζῷον.</span> <span class='ocrx_word' id='word_1_159' title='bbox 903 2481 1225 2548; x_wconf 69' lang='lat' dir='ltr'>[Plut.vl51.2(a.4)5]</span> 
     </span>
    </p>
   </div>
   <div class='ocr_carea' id='block_1_7' title="bbox 173 2624 1485 2820">
    <p class='ocr_par' dir='ltr' id='par_1_15' title="bbox 173 2624 1485 2820">
     <span class='ocr_line' id='line_1_17' title="bbox 250 2624 1432 2714; baseline -0.001 -22"><span class='ocrx_word' id='word_1_160' title='bbox 250 2625 398 2692; x_wconf 86' lang='grc' dir='ltr'>Πλάτων</span> <span class='ocrx_word' id='word_1_161' title='bbox 427 2629 504 2710; x_wconf 81' lang='grc' dir='ltr'>ζῷον</span> <span class='ocrx_word' id='word_1_162' title='bbox 533 2624 605 2690; x_wconf 83' lang='grc' dir='ltr'>εἶναι</span> <span class='ocrx_word' id='word_1_163' title='bbox 632 2627 665 2688; x_wconf 91' lang='grc' dir='ltr'>τδ</span> <span class='ocrx_word' id='word_1_164' title='bbox 688 2625 812 2713; x_wconf 88' lang='grc' dir='ltr'>ἔμβρυον</span> <span class='ocrx_word' id='word_1_165' title='bbox 835 2628 989 2712; x_wconf 85' lang='grc' dir='ltr'>ύπειληφε·</span> <span class='ocrx_word' id='word_1_166' title='bbox 1020 2629 1068 2692; x_wconf 82' lang='grc' dir='ltr'>καὶ</span> <span class='ocrx_word' id='word_1_167' title='bbox 1090 2630 1144 2714; x_wconf 90' lang='grc' dir='ltr'>γάρ</span> <span class='ocrx_word' id='word_1_168' title='bbox 1167 2630 1215 2692; x_wconf 82' lang='grc' dir='ltr'>καὶ</span> <span class='ocrx_word' id='word_1_169' title='bbox 1238 2629 1379 2692; x_wconf 88' lang='grc' dir='ltr'>κινεῖσθαι</span> <span class='ocrx_word' id='word_1_170' title='bbox 1402 2629 1432 2691; x_wconf 82' lang='grc' dir='ltr'>ἐν</span> 
     </span>
     <span class='ocr_line' id='line_1_18' title="bbox 173 2727 1485 2820; baseline 0.002 -30"><span class='ocrx_word' id='word_1_171' title='bbox 173 2735 211 2812; x_wconf 86' lang='grc' dir='ltr'>τῆ</span> <span class='ocrx_word' id='word_1_172' title='bbox 234 2730 333 2812; x_wconf 82' lang='grc' dir='ltr'>γαστρὶ</span> <span class='ocrx_word' id='word_1_173' title='bbox 356 2729 403 2792; x_wconf 85' lang='grc' dir='ltr'>καὶ</span> <span class='ocrx_word' id='word_1_174' title='bbox 426 2728 584 2813; x_wconf 83' lang='grc' dir='ltr'>τρέφεσθαι</span> <span class='ocrx_word' id='word_1_175' title='bbox 607 2729 654 2792; x_wconf 84' lang='grc' dir='ltr'>καὶ</span> <span class='ocrx_word' id='word_1_176' title='bbox 677 2727 825 2798; x_wconf 76' lang='grc' dir='ltr'>αὔξεσθαι.</span> <span class='ocrx_word' id='word_1_177' title='bbox 863 2729 899 2820; x_wconf 79' lang='grc' dir='ltr'>Οἱ</span> <span class='ocrx_word' id='word_1_178' title='bbox 914 2729 918 2816; x_wconf 78' lang='grc' dir='ltr'>Ι</span> <span class='ocrx_word' id='word_1_179' title='bbox 931 2731 1083 2794; x_wconf 83' lang='grc' dir='ltr'>Στωικοὶ</span> <span class='ocrx_word' id='word_1_180' title='bbox 1109 2732 1194 2816; x_wconf 87' lang='grc' dir='ltr'>μέρος</span> <span class='ocrx_word' id='word_1_181' title='bbox 1217 2731 1289 2796; x_wconf 80' lang='grc' dir='ltr'>εἶναι</span> <span class='ocrx_word' id='word_1_182' title='bbox 1311 2733 1432 2815; x_wconf 84' lang='grc' dir='ltr'>γαστρὸς</span> <span class='ocrx_word' id='word_1_183' title='bbox 1449 2750 1485 2788; x_wconf 74' lang='lat'>³³⁰</span> 
     </span>
    </p>
   </div>
   <div class='ocr_carea' id='block_1_8' title="bbox 132 2829 1435 3635">
    <p class='ocr_par' dir='ltr' id='par_1_16' title="bbox 174 2829 1434 2918">
     <span class='ocr_line' id='line_1_19' title="bbox 174 2829 1434 2918; baseline 0.003 -26"><span class='ocrx_word' id='word_1_184' title='bbox 174 2833 206 2895; x_wconf 89' lang='grc' dir='ltr'>τδ</span> <span class='ocrx_word' id='word_1_185' title='bbox 227 2829 351 2916; x_wconf 86' lang='grc' dir='ltr'>ἔμβρυον</span> <span class='ocrx_word' id='word_1_186' title='bbox 371 2831 419 2894; x_wconf 81' lang='grc' dir='ltr'>καὶ</span> <span class='ocrx_word' id='word_1_187' title='bbox 439 2829 546 2894; x_wconf 85' lang='grc' dir='ltr'>ἄπνουν</span> <span class='ocrx_word' id='word_1_188' title='bbox 565 2829 638 2896; x_wconf 77' lang='grc' dir='ltr'>εἶναι</span> <span class='ocrx_word' id='word_1_189' title='bbox 657 2829 687 2896; x_wconf 83' lang='grc' dir='ltr'>ἐν</span> <span class='ocrx_word' id='word_1_190' title='bbox 707 2838 744 2916; x_wconf 87' lang='grc' dir='ltr'>τῆ</span> <span class='ocrx_word' id='word_1_191' title='bbox 764 2835 873 2918; x_wconf 88' lang='grc' dir='ltr'>γαστρί.</span> <span class='ocrx_word' id='word_1_192' title='bbox 917 2837 1034 2918; x_wconf 85' lang='grc' dir='ltr'>πρώτην</span> <span class='ocrx_word' id='word_1_193' title='bbox 1062 2834 1094 2896; x_wconf 77' lang='grc' dir='ltr'>δὲ</span> <span class='ocrx_word' id='word_1_194' title='bbox 1115 2835 1261 2918; x_wconf 83' lang='grc' dir='ltr'>ἀναπνοὴν</span> <span class='ocrx_word' id='word_1_195' title='bbox 1283 2839 1335 2898; x_wconf 81' lang='grc' dir='ltr'>τοῦ</span> <span class='ocrx_word' id='word_1_196' title='bbox 1355 2833 1434 2918; x_wconf 79' lang='grc' dir='ltr'>ζῴου</span> 
     </span>
    </p>

    <p class='ocr_par' dir='ltr' id='par_1_17' title="bbox 134 2933 1434 3125">
     <span class='ocr_line' id='line_1_20' title="bbox 173 2933 1434 3026; baseline 0.001 -30"><span class='ocrx_word' id='word_1_197' title='bbox 173 2935 319 3026; x_wconf 79' lang='grc' dir='ltr'>γίγνεσθαι</span> <span class='ocrx_word' id='word_1_198' title='bbox 350 2933 425 2998; x_wconf 81' lang='grc' dir='ltr'>κατὰ</span> <span class='ocrx_word' id='word_1_199' title='bbox 451 2935 504 3017; x_wconf 81' lang='grc' dir='ltr'>τὴν</span> <span class='ocrx_word' id='word_1_200' title='bbox 532 2934 693 3017; x_wconf 87' lang='grc' dir='ltr'>ἀποκύησιν</span> <span class='ocrx_word' id='word_1_201' title='bbox 718 2939 771 3018; x_wconf 88' lang='grc' dir='ltr'>τῆς</span> <span class='ocrx_word' id='word_1_202' title='bbox 799 2936 851 3017; x_wconf 81' lang='grc' dir='ltr'>μὲν</span> <span class='ocrx_word' id='word_1_203' title='bbox 881 2938 945 3021; x_wconf 82' lang='grc' dir='ltr'>περὶ</span> <span class='ocrx_word' id='word_1_204' title='bbox 967 2941 1026 3008; x_wconf 89' lang='grc' dir='ltr'>τοῖς</span> <span class='ocrx_word' id='word_1_205' title='bbox 1050 2936 1183 3022; x_wconf 88' lang='grc' dir='ltr'>βρέφεσιν</span> <span class='ocrx_word' id='word_1_206' title='bbox 1206 2936 1342 3020; x_wconf 87' lang='grc' dir='ltr'>ὑγρασίας</span> <span class='ocrx_word' id='word_1_207' title='bbox 1364 2937 1434 3000; x_wconf 89' lang='grc' dir='ltr'>ἀπο-</span> 
     </span>
     <span class='ocr_line' id='line_1_21' title="bbox 134 3035 1434 3125; baseline 0.004 -31"><span class='ocrx_word' id='word_1_208' title='bbox 134 3055 158 3094; x_wconf 82' lang='grc' dir='ltr'>ιο</span> <span class='ocrx_word' id='word_1_209' title='bbox 176 3035 341 3122; x_wconf 86' lang='grc' dir='ltr'>χωρούσης,</span> <span class='ocrx_word' id='word_1_210' title='bbox 363 3037 402 3119; x_wconf 82' lang='grc' dir='ltr'>τῆ</span> <span class='ocrx_word' id='word_1_211' title='bbox 423 3037 456 3100; x_wconf 82' lang='grc' dir='ltr'>δὲ</span> <span class='ocrx_word' id='word_1_212' title='bbox 478 3036 622 3121; x_wconf 87' lang='grc' dir='ltr'>ἐπεισόδιμ</span> <span class='ocrx_word' id='word_1_213' title='bbox 645 3041 696 3100; x_wconf 81' lang='grc' dir='ltr'>τού</span> <span class='ocrx_word' id='word_1_214' title='bbox 718 3037 801 3107; x_wconf 81' lang='grc' dir='ltr'>ἐκτὸς</span> <span class='ocrx_word' id='word_1_215' title='bbox 823 3039 908 3124; x_wconf 88' lang='grc' dir='ltr'>ἀέρος</span> <span class='ocrx_word' id='word_1_216' title='bbox 928 3040 1078 3123; x_wconf 85' lang='grc' dir='ltr'>γινομένου</span> <span class='ocrx_word' id='word_1_217' title='bbox 1093 3038 1134 3110; x_wconf 86' lang='grc' dir='ltr'>εἰς</span> <span class='ocrx_word' id='word_1_218' title='bbox 1149 3039 1186 3103; x_wconf 82' lang='grc' dir='ltr'>τὰ</span> <span class='ocrx_word' id='word_1_219' title='bbox 1200 3037 1434 3125; x_wconf 81' lang='grc' dir='ltr'>παρανοιχθέντα</span> 
     </span>
    </p>

    <p class='ocr_par' dir='ltr' id='par_1_18' title="bbox 172 3139 1435 3228">
     <span class='ocr_line' id='line_1_22' title="bbox 172 3139 1435 3228; baseline 0.001 -26"><span class='ocrx_word' id='word_1_220' title='bbox 172 3143 230 3202; x_wconf 90' lang='grc' dir='ltr'>τῶν</span> <span class='ocrx_word' id='word_1_221' title='bbox 263 3139 396 3222; x_wconf 85' lang='grc' dir='ltr'>ἀγγείων.</span> <span class='ocrx_word' id='word_1_222' title='bbox 445 3139 489 3200; x_wconf 89' lang='grc' dir='ltr'>διδ</span> <span class='ocrx_word' id='word_1_223' title='bbox 522 3139 670 3202; x_wconf 90' lang='grc' dir='ltr'>τίκτεσθαι</span> <span class='ocrx_word' id='word_1_224' title='bbox 704 3140 756 3222; x_wconf 81' lang='grc' dir='ltr'>μὲν</span> <span class='ocrx_word' id='word_1_225' title='bbox 789 3141 825 3204; x_wconf 87' lang='grc' dir='ltr'>τά</span> <span class='ocrx_word' id='word_1_226' title='bbox 858 3142 951 3228; x_wconf 89' lang='grc' dir='ltr'>βρέφη</span> <span class='ocrx_word' id='word_1_227' title='bbox 984 3141 1229 3228; x_wconf 84' lang='grc' dir='ltr'>ἐνθερμανθέντος</span> <span class='ocrx_word' id='word_1_228' title='bbox 1261 3146 1312 3204; x_wconf 81' lang='grc' dir='ltr'>τοῦ</span> <span class='ocrx_word' id='word_1_229' title='bbox 1345 3140 1435 3226; x_wconf 85' lang='grc' dir='ltr'>ἐμφύ-</span> 
     </span>
    </p>

    <p class='ocr_par' dir='ltr' id='par_1_19' title="bbox 173 3240 1434 3330">
     <span class='ocr_line' id='line_1_23' title="bbox 173 3240 1434 3330; baseline 0.002 -26"><span class='ocrx_word' id='word_1_230' title='bbox 173 3265 223 3306; x_wconf 89' lang='grc' dir='ltr'>του</span> <span class='ocrx_word' id='word_1_231' title='bbox 246 3241 368 3326; x_wconf 82' lang='grc' dir='ltr'>θερμοῶ,</span> <span class='ocrx_word' id='word_1_232' title='bbox 390 3240 502 3310; x_wconf 78' lang='grc' dir='ltr'>εὐθέως</span> <span class='ocrx_word' id='word_1_233' title='bbox 525 3242 722 3326; x_wconf 89' lang='grc' dir='ltr'>προχυθέντος</span> <span class='ocrx_word' id='word_1_234' title='bbox 744 3247 795 3306; x_wconf 82' lang='grc' dir='ltr'>τοῦ</span> <span class='ocrx_word' id='word_1_235' title='bbox 819 3243 942 3328; x_wconf 85' lang='grc' dir='ltr'>βρέφους</span> <span class='ocrx_word' id='word_1_236' title='bbox 964 3247 996 3308; x_wconf 88' lang='grc' dir='ltr'>τδ</span> <span class='ocrx_word' id='word_1_237' title='bbox 1020 3246 1132 3330; x_wconf 81' lang='grc' dir='ltr'>ψυχρόν</span> <span class='ocrx_word' id='word_1_238' title='bbox 1154 3244 1195 3313; x_wconf 84' lang='grc' dir='ltr'>εἰς</span> <span class='ocrx_word' id='word_1_239' title='bbox 1216 3243 1265 3306; x_wconf 84' lang='grc' dir='ltr'>τὸν</span> <span class='ocrx_word' id='word_1_240' title='bbox 1288 3243 1434 3326; x_wconf 88' lang='grc' dir='ltr'>πνεύμονα</span> 
     </span>
    </p>

    <p class='ocr_par' dir='ltr' id='par_1_20' title="bbox 175 3341 1434 3432">
     <span class='ocr_line' id='line_1_24' title="bbox 175 3341 1434 3432; baseline 0 -24"><span class='ocrx_word' id='word_1_241' title='bbox 175 3343 360 3430; x_wconf 79' lang='grc' dir='ltr'>ἐφέλκεσθαι.</span> <span class='ocrx_word' id='word_1_242' title='bbox 400 3341 597 3428; x_wconf 87' lang='grc' dir='ltr'>Ἡρόφιλος·</span> <span class='ocrx_word' id='word_1_243' title='bbox 621 3343 731 3428; x_wconf 88' lang='grc' dir='ltr'>κίνησις</span> <span class='ocrx_word' id='word_1_244' title='bbox 753 3345 939 3410; x_wconf 92' lang='grc' dir='ltr'>ἀπολείπεται</span> <span class='ocrx_word' id='word_1_245' title='bbox 960 3348 1069 3432; x_wconf 84' lang='grc' dir='ltr'>φυσικὴ</span> <span class='ocrx_word' id='word_1_246' title='bbox 1092 3347 1122 3409; x_wconf 86' lang='grc' dir='ltr'>ἐν</span> <span class='ocrx_word' id='word_1_247' title='bbox 1144 3349 1203 3414; x_wconf 86' lang='grc' dir='ltr'>τοῖς</span> <span class='ocrx_word' id='word_1_248' title='bbox 1225 3346 1361 3430; x_wconf 84' lang='grc' dir='ltr'>ἐμβρύοις</span> <span class='ocrx_word' id='word_1_249' title='bbox 1382 3349 1434 3408; x_wconf 82' lang='grc' dir='ltr'>τοῦ</span> 
     </span>
    </p>

    <p class='ocr_par' dir='ltr' id='par_1_21' title="bbox 132 3445 1434 3635">
     <span class='ocr_line' id='line_1_25' title="bbox 173 3445 1434 3533; baseline 0.001 -24"><span class='ocrx_word' id='word_1_250' title='bbox 173 3450 383 3530; x_wconf 79' lang='grc' dir='ltr'>πνευματικοῦ,</span> <span class='ocrx_word' id='word_1_251' title='bbox 411 3451 464 3530; x_wconf 85' lang='grc' dir='ltr'>τῆς</span> <span class='ocrx_word' id='word_1_252' title='bbox 493 3447 526 3508; x_wconf 82' lang='grc' dir='ltr'>δὲ</span> <span class='ocrx_word' id='word_1_253' title='bbox 555 3449 695 3530; x_wconf 90' lang='grc' dir='ltr'>κινήσεως</span> <span class='ocrx_word' id='word_1_254' title='bbox 718 3445 796 3511; x_wconf 89' lang='grc' dir='ltr'>αίτια</span> <span class='ocrx_word' id='word_1_255' title='bbox 826 3448 862 3512; x_wconf 90' lang='grc' dir='ltr'>τά</span> <span class='ocrx_word' id='word_1_256' title='bbox 892 3453 979 3532; x_wconf 84' lang='grc' dir='ltr'>νεῦρα</span> <span class='ocrx_word' id='word_1_257' title='bbox 1000 3454 1051 3512; x_wconf 82' lang='grc' dir='ltr'>τοῦ</span> <span class='ocrx_word' id='word_1_258' title='bbox 1082 3447 1160 3533; x_wconf 84' lang='grc' dir='ltr'>ζῴου</span> <span class='ocrx_word' id='word_1_259' title='bbox 1191 3447 1338 3530; x_wconf 86' lang='grc' dir='ltr'>γίνεσθαι,</span> <span class='ocrx_word' id='word_1_260' title='bbox 1367 3447 1434 3510; x_wconf 89' lang='grc' dir='ltr'>όταν</span> 
     </span>
     <span class='ocr_line' id='line_1_26' title="bbox 132 3547 721 3635; baseline 0.007 -27"><span class='ocrx_word' id='word_1_261' title='bbox 132 3570 156 3608; x_wconf 79' lang='grc' dir='ltr'>ιτ</span> <span class='ocrx_word' id='word_1_262' title='bbox 173 3547 358 3635; x_wconf 89' lang='grc' dir='ltr'>προχυθέντα</span> <span class='ocrx_word' id='word_1_263' title='bbox 379 3549 532 3633; x_wconf 86' lang='grc' dir='ltr'>προσλάβη</span> <span class='ocrx_word' id='word_1_264' title='bbox 553 3553 605 3612; x_wconf 81' lang='grc' dir='ltr'>τοῦ</span> <span class='ocrx_word' id='word_1_265' title='bbox 628 3549 721 3634; x_wconf 88' lang='grc' dir='ltr'>ἀέρος.</span> 
     </span>
    </p>
   </div>
   <div class='ocr_carea' id='block_1_9' title="bbox 371 3801 1234 3890">
    <p class='ocr_par' dir='ltr' id='par_1_22' title="bbox 371 3801 1234 3890">
     <span class='ocr_line' id='line_1_27' title="bbox 371 3801 1234 3890; baseline -0.009 -20"><span class='ocrx_word' id='word_1_266' title='bbox 371 3807 433 3870; x_wconf 85' lang='grc'><strong>120</strong></span> <span class='ocrx_word' id='word_1_267' title='bbox 470 3803 549 3875; x_wconf 92' lang='grc' dir='ltr'>Πῶς</span> <span class='ocrx_word' id='word_1_268' title='bbox 571 3805 738 3890; x_wconf 89' lang='grc' dir='ltr'>τρέφεται</span> <span class='ocrx_word' id='word_1_269' title='bbox 760 3804 802 3868; x_wconf 86' lang='grc' dir='ltr'>τά</span> <span class='ocrx_word' id='word_1_270' title='bbox 823 3801 968 3890; x_wconf 85' lang='grc' dir='ltr'>ἔμβρυα.</span> <span class='ocrx_word' id='word_1_271' title='bbox 1005 3816 1234 3880; x_wconf 80' lang='lat' dir='ltr'><strong>[Plnt.vl61.2]</strong></span> 
     </span>
    </p>
   </div>
   <div class='ocr_carea' id='block_1_10' title="bbox 177 3959 1488 4149">
    <p class='ocr_par' dir='ltr' id='par_1_23' title="bbox 177 3959 1488 4149">
     <span class='ocr_line' id='line_1_28' title="bbox 264 3959 1488 4048; baseline -0.006 -22"><span class='ocrx_word' id='word_1_272' title='bbox 264 3961 488 4044; x_wconf 85' lang='grc' dir='ltr'>Δημόκριτος</span> <span class='ocrx_word' id='word_1_273' title='bbox 515 3963 563 4025; x_wconf 78' lang='grc' dir='ltr'>καὶ</span> <span class='ocrx_word' id='word_1_274' title='bbox 588 3959 792 4044; x_wconf 82' lang='grc' dir='ltr'>Ἐπίκουρος</span> <span class='ocrx_word' id='word_1_275' title='bbox 819 3961 866 4024; x_wconf 82' lang='grc' dir='ltr'>διὰ</span> <span class='ocrx_word' id='word_1_276' title='bbox 893 3965 944 4024; x_wconf 82' lang='grc' dir='ltr'>τοῦ</span> <span class='ocrx_word' id='word_1_277' title='bbox 971 3961 1113 4043; x_wconf 90' lang='grc' dir='ltr'>στόματος</span> <span class='ocrx_word' id='word_1_278' title='bbox 1135 3961 1309 4046; x_wconf 81' lang='grc' dir='ltr'>τρέφεσθαι·</span> <span class='ocrx_word' id='word_1_279' title='bbox 1331 3962 1434 4048; x_wconf 72' lang='grc' dir='ltr'>εύθθςγ</span> <span class='ocrx_word' id='word_1_280' title='bbox 1453 3981 1488 4020; x_wconf 80' lang='grc' dir='ltr'>ιιι</span> 
     </span>
     <span class='ocr_line' id='line_1_29' title="bbox 177 4061 1436 4149; baseline -0.002 -19"><span class='ocrx_word' id='word_1_281' title='bbox 177 4069 245 4149; x_wconf 79' lang='grc' dir='ltr'>γοῦν</span> <span class='ocrx_word' id='word_1_282' title='bbox 274 4064 321 4127; x_wconf 84' lang='grc' dir='ltr'>ἐπὶ</span> <span class='ocrx_word' id='word_1_283' title='bbox 347 4064 397 4128; x_wconf 92' lang='grc' dir='ltr'>τδν</span> <span class='ocrx_word' id='word_1_284' title='bbox 425 4065 516 4146; x_wconf 79' lang='grc' dir='ltr'>μαζὸν</span> <span class='ocrx_word' id='word_1_285' title='bbox 544 4063 685 4149; x_wconf 91' lang='grc' dir='ltr'>φέρεσθαι</span> <span class='ocrx_word' id='word_1_286' title='bbox 713 4061 756 4148; x_wconf 77' lang='grc' dir='ltr'>τῷ</span> <span class='ocrx_word' id='word_1_287' title='bbox 786 4065 922 4147; x_wconf 82' lang='grc' dir='ltr'>στόματι·</span> <span class='ocrx_word' id='word_1_288' title='bbox 952 4063 1024 4129; x_wconf 81' lang='grc' dir='ltr'>εἶναι</span> <span class='ocrx_word' id='word_1_289' title='bbox 1051 4066 1105 4148; x_wconf 83' lang='grc' dir='ltr'>γὰρ</span> <span class='ocrx_word' id='word_1_290' title='bbox 1132 4064 1180 4126; x_wconf 86' lang='grc' dir='ltr'>καὶ</span> <span class='ocrx_word' id='word_1_291' title='bbox 1203 4065 1233 4127; x_wconf 87' lang='grc' dir='ltr'>ἐν</span> <span class='ocrx_word' id='word_1_292' title='bbox 1256 4065 1300 4148; x_wconf 77' lang='grc' dir='ltr'>τῷ</span> <span class='ocrx_word' id='word_1_293' title='bbox 1323 4067 1436 4147; x_wconf 83' lang='grc' dir='ltr'>σώματι</span> 
     </span>
    </p>
   </div>
   <div class='ocr_carea' id='block_1_11' title="bbox 125 4271 1033 4282">
    <p class='ocr_par' dir='ltr' id='par_1_24' title="bbox 125 4271 1033 4282">
     <span class='ocr_line' id='line_1_30' title="bbox 125 4271 1033 4282; baseline -0.002 -2"><span class='ocrx_word' id='word_1_294' title='bbox 125 4271 325 4280; x_wconf 68' lang='grc'>-....-.---.</span> <span class='ocrx_word' id='word_1_295' title='bbox 835 4271 1033 4282; x_wconf 72' lang='lat'>-----—--·-·</span> 
     </span>
    </p>
   </div>
   <div class='ocr_carea' id='block_1_12' title="bbox 125 4401 1490 5084">
    <p class='ocr_par' dir='ltr' id='par_1_25' title="bbox 125 4401 1490 5084">
     <span class='ocr_line' id='line_1_31' title="bbox 163 4401 1489 4477; baseline -0.002 -17"><span class='ocrx_word' id='word_1_296' title='bbox 163 4408 174 4460; x_wconf 96' lang='lat' dir='ltr'>l</span> <span class='ocrx_word' id='word_1_297' title='bbox 196 4405 303 4475; x_wconf 88' lang='grc' dir='ltr'>γίνονται</span> <span class='ocrx_word' id='word_1_298' title='bbox 326 4423 376 4458; x_wconf 88' lang='lat' dir='ltr'>om.</span> <span class='ocrx_word' id='word_1_299' title='bbox 400 4408 422 4460; x_wconf 93' lang='grc' dir='ltr'>Β</span> <span class='ocrx_word' id='word_1_300' title='bbox 448 4404 461 4474; x_wconf 89' lang='grc' dir='ltr'>ΙΙ</span> <span class='ocrx_word' id='word_1_301' title='bbox 491 4405 507 4458; x_wconf 94' lang='grc'><strong>2</strong></span> <span class='ocrx_word' id='word_1_302' title='bbox 531 4404 628 4477; x_wconf 87' lang='grc' dir='ltr'>στείραν</span> <span class='ocrx_word' id='word_1_303' title='bbox 650 4409 698 4460; x_wconf 92' lang='lat' dir='ltr'>AB</span> <span class='ocrx_word' id='word_1_304' title='bbox 727 4405 741 4476; x_wconf 86' lang='grc' dir='ltr'>ΙΙ</span> <span class='ocrx_word' id='word_1_305' title='bbox 767 4410 782 4462; x_wconf 87' lang='grc'>6</span> <span class='ocrx_word' id='word_1_306' title='bbox 872 4405 903 4457; x_wconf 81' lang='grc'><strong>17</strong></span> <span class='ocrx_word' id='word_1_307' title='bbox 922 4403 966 4462; x_wconf 82' lang='grc' dir='ltr'>τάς</span> <span class='ocrx_word' id='word_1_308' title='bbox 984 4401 1044 4473; x_wconf 86' lang='grc' dir='ltr'>πρὸς</span> <span class='ocrx_word' id='word_1_309' title='bbox 1061 4403 1091 4458; x_wconf 89' lang='grc' dir='ltr'>τὸ</span> <span class='ocrx_word' id='word_1_310' title='bbox 1109 4405 1278 4475; x_wconf 80' lang='grc' dir='ltr'>έμβρυονΑΒ</span> <span class='ocrx_word' id='word_1_311' title='bbox 1299 4403 1312 4472; x_wconf 83' lang='grc' dir='ltr'>ΙΙ</span> <span class='ocrx_word' id='word_1_312' title='bbox 1335 4405 1367 4458; x_wconf 85' lang='grc'><strong>18</strong></span> <span class='ocrx_word' id='word_1_313' title='bbox 1385 4405 1489 4476; x_wconf 82' lang='grc' dir='ltr'>πρώτην</span> 
     </span>
     <span class='ocr_line' id='line_1_32' title="bbox 126 4489 1489 4563; baseline 0 -17"><span class='ocrx_word' id='word_1_314' title='bbox 126 4495 212 4546; x_wconf 76' lang='grc' dir='ltr'>αἰτιῶν</span> <span class='ocrx_word' id='word_1_315' title='bbox 231 4499 256 4545; x_wconf 88' lang='lat' dir='ltr'>A</span> <span class='ocrx_word' id='word_1_316' title='bbox 277 4492 290 4562; x_wconf 70' lang='grc'><strong>11</strong></span> <span class='ocrx_word' id='word_1_317' title='bbox 311 4495 326 4548; x_wconf 75' lang='lat'>7</span> <span class='ocrx_word' id='word_1_318' title='bbox 346 4494 367 4545; x_wconf 88' lang='grc' dir='ltr'>ιί</span> <span class='ocrx_word' id='word_1_319' title='bbox 384 4496 407 4546; x_wconf 91' lang='grc' dir='ltr'><strong>Β</strong></span> <span class='ocrx_word' id='word_1_320' title='bbox 427 4491 440 4563; x_wconf 80' lang='grc' dir='ltr'>Η</span> <span class='ocrx_word' id='word_1_321' title='bbox 462 4493 567 4562; x_wconf 79' lang='grc' dir='ltr'>ἑκάτερα</span> <span class='ocrx_word' id='word_1_322' title='bbox 586 4497 611 4544; x_wconf 99' lang='lat' dir='ltr'>A</span> <span class='ocrx_word' id='word_1_323' title='bbox 832 4495 867 4544; x_wconf 86' lang='lat' dir='ltr'>B:</span> <span class='ocrx_word' id='word_1_324' title='bbox 887 4497 987 4560; x_wconf 82' lang='grc' dir='ltr'>πρῶτον</span> <span class='ocrx_word' id='word_1_325' title='bbox 1005 4496 1031 4544; x_wconf 92' lang='lat' dir='ltr'>A</span> <span class='ocrx_word' id='word_1_326' title='bbox 1056 4489 1070 4560; x_wconf 87' lang='grc' dir='ltr'>ΙΙ</span> <span class='ocrx_word' id='word_1_327' title='bbox 1099 4494 1130 4546; x_wconf 88' lang='grc'>19</span> <span class='ocrx_word' id='word_1_328' title='bbox 1154 4491 1260 4562; x_wconf 81' lang='grc' dir='ltr'>περὶτὰ</span> <span class='ocrx_word' id='word_1_329' title='bbox 1279 4491 1357 4562; x_wconf 83' lang='grc' dir='ltr'>βρέφη</span> <span class='ocrx_word' id='word_1_330' title='bbox 1377 4495 1399 4547; x_wconf 93' lang='grc' dir='ltr'>Β</span> <span class='ocrx_word' id='word_1_331' title='bbox 1419 4490 1434 4562; x_wconf 93' lang='grc' dir='ltr'>ΙΙ</span> <span class='ocrx_word' id='word_1_332' title='bbox 1456 4491 1489 4546; x_wconf 91' lang='grc'>20</span> 
     </span>
     <span class='ocr_line' id='line_1_33' title="bbox 679 4577 1489 4650; baseline 0.004 -21"><span class='ocrx_word' id='word_1_333' title='bbox 679 4596 695 4648; x_wconf 82' lang='grc' dir='ltr'>χ</span> <span class='ocrx_word' id='word_1_334' title='bbox 832 4578 958 4647; x_wconf 89' lang='grc' dir='ltr'>γινόμενον</span> <span class='ocrx_word' id='word_1_335' title='bbox 980 4581 1002 4632; x_wconf 91' lang='grc' dir='ltr'>Β</span> <span class='ocrx_word' id='word_1_336' title='bbox 1027 4577 1041 4648; x_wconf 91' lang='grc' dir='ltr'>ΙΙ</span> <span class='ocrx_word' id='word_1_337' title='bbox 1068 4577 1229 4648; x_wconf 84' lang='grc' dir='ltr'>παραχθέντα</span> <span class='ocrx_word' id='word_1_338' title='bbox 1253 4583 1291 4632; x_wconf 86' lang='lat' dir='ltr'>A:</span> <span class='ocrx_word' id='word_1_339' title='bbox 1321 4577 1489 4650; x_wconf 79' lang='grc' dir='ltr'>παραχθέντα</span> 
     </span>
     <span class='ocr_line' id='line_1_34' title="bbox 162 4663 1490 4736; baseline -0.003 -14"><span class='ocrx_word' id='word_1_340' title='bbox 162 4672 177 4722; x_wconf 86' lang='grc'>9</span> <span class='ocrx_word' id='word_1_341' title='bbox 201 4668 302 4726; x_wconf 87' lang='grc' dir='ltr'>ἀτόνους</span> <span class='ocrx_word' id='word_1_342' title='bbox 324 4670 350 4719; x_wconf 89' lang='lat' dir='ltr'>A</span> <span class='ocrx_word' id='word_1_343' title='bbox 378 4667 392 4736; x_wconf 82' lang='grc' dir='ltr'>β</span> <span class='ocrx_word' id='word_1_344' title='bbox 420 4667 478 4735; x_wconf 76' lang='grc' dir='ltr'>περὶ</span> <span class='ocrx_word' id='word_1_345' title='bbox 504 4670 527 4719; x_wconf 93' lang='grc' dir='ltr'>Β</span> <span class='ocrx_word' id='word_1_346' title='bbox 557 4665 569 4733; x_wconf 90' lang='grc' dir='ltr'>ΙΙ</span> <span class='ocrx_word' id='word_1_347' title='bbox 601 4667 634 4720; x_wconf 87' lang='grc'><strong>10</strong></span> <span class='ocrx_word' id='word_1_348' title='bbox 656 4663 691 4735; x_wconf 84' lang='grc' dir='ltr'>δή</span> <span class='ocrx_word' id='word_1_349' title='bbox 714 4671 739 4718; x_wconf 99' lang='lat' dir='ltr'>A</span> <span class='ocrx_word' id='word_1_350' title='bbox 765 4665 780 4736; x_wconf 83' lang='grc' dir='ltr'>Η</span> <span class='ocrx_word' id='word_1_351' title='bbox 832 4669 854 4718; x_wconf 90' lang='grc' dir='ltr'>Β</span> <span class='ocrx_word' id='word_1_352' title='bbox 886 4663 901 4735; x_wconf 87' lang='grc' dir='ltr'>ΙΙ</span> <span class='ocrx_word' id='word_1_353' title='bbox 925 4665 957 4718; x_wconf 94' lang='grc'><strong>21</strong></span> <span class='ocrx_word' id='word_1_354' title='bbox 983 4666 1070 4719; x_wconf 79' lang='grc' dir='ltr'>αἰτίων</span> <span class='ocrx_word' id='word_1_355' title='bbox 1093 4668 1142 4718; x_wconf 84' lang='lat' dir='ltr'>AB</span> <span class='ocrx_word' id='word_1_356' title='bbox 1166 4664 1179 4733; x_wconf 68' lang='grc' dir='ltr'>ΙΙ</span> <span class='ocrx_word' id='word_1_357' title='bbox 1201 4663 1237 4718; x_wconf 83' lang='grc' dir='ltr'>διὸ</span> <span class='ocrx_word' id='word_1_358' title='bbox 1260 4668 1323 4717; x_wconf 87' lang='lat' dir='ltr'>AB:</span> <span class='ocrx_word' id='word_1_359' title='bbox 1342 4669 1411 4718; x_wconf 81' lang='lat' dir='ltr'>Plut.</span> <span class='ocrx_word' id='word_1_360' title='bbox 1434 4664 1490 4718; x_wconf 87' lang='grc' dir='ltr'>Διο-</span> 
     </span>
     <span class='ocr_line' id='line_1_35' title="bbox 127 4749 1488 4824; baseline 0 -18"><span class='ocrx_word' id='word_1_361' title='bbox 127 4756 158 4806; x_wconf 94' lang='grc'>11</span> <span class='ocrx_word' id='word_1_362' title='bbox 184 4759 229 4823; x_wconf 84' lang='grc' dir='ltr'>τῆς</span> <span class='ocrx_word' id='word_1_363' title='bbox 251 4753 348 4823; x_wconf 88' lang='grc' dir='ltr'>μήτρας</span> <span class='ocrx_word' id='word_1_364' title='bbox 371 4759 396 4805; x_wconf 82' lang='grc' dir='ltr'>Α</span> <span class='ocrx_word' id='word_1_365' title='bbox 421 4753 435 4824; x_wconf 79' lang='grc' dir='ltr'>ΙΙ</span> <span class='ocrx_word' id='word_1_366' title='bbox 457 4752 669 4822; x_wconf 75' lang='grc' dir='ltr'>Ἐμπεδοκλῆς·</span> <span class='ocrx_word' id='word_1_367' title='bbox 683 4753 780 4822; x_wconf 86' lang='grc' dir='ltr'>μήτρας</span> <span class='ocrx_word' id='word_1_368' title='bbox 833 4754 904 4823; x_wconf 84' lang='grc' dir='ltr'>γένης</span> <span class='ocrx_word' id='word_1_369' title='bbox 925 4755 938 4822; x_wconf 78' lang='grc' dir='ltr'>β</span> <span class='ocrx_word' id='word_1_370' title='bbox 963 4750 1175 4822; x_wconf 78' lang='grc' dir='ltr'>ἐκθερμανθέντας</span> <span class='ocrx_word' id='word_1_371' title='bbox 1198 4756 1220 4805; x_wconf 92' lang='grc' dir='ltr'>Β</span> <span class='ocrx_word' id='word_1_372' title='bbox 1245 4749 1260 4821; x_wconf 86' lang='grc' dir='ltr'>ΙΙ</span> <span class='ocrx_word' id='word_1_373' title='bbox 1285 4751 1318 4804; x_wconf 91' lang='grc'>22</span> <span class='ocrx_word' id='word_1_374' title='bbox 1345 4751 1406 4806; x_wconf 81' lang='grc' dir='ltr'>εύθθ</span> <span class='ocrx_word' id='word_1_375' title='bbox 1427 4758 1452 4805; x_wconf 99' lang='lat' dir='ltr'>A</span> <span class='ocrx_word' id='word_1_376' title='bbox 1476 4752 1488 4822; x_wconf 81' lang='grc' dir='ltr'>Η</span> 
     </span>
     <span class='ocr_line' id='line_1_36' title="bbox 127 4837 1488 4911; baseline 0.001 -20"><span class='ocrx_word' id='word_1_377' title='bbox 127 4859 177 4892; x_wconf 90' lang='lat' dir='ltr'>om.</span> <span class='ocrx_word' id='word_1_378' title='bbox 200 4844 225 4892; x_wconf 94' lang='lat' dir='ltr'>A</span> <span class='ocrx_word' id='word_1_379' title='bbox 249 4839 263 4910; x_wconf 88' lang='grc' dir='ltr'>ΙΙ</span> <span class='ocrx_word' id='word_1_380' title='bbox 291 4840 323 4894; x_wconf 91' lang='grc'><strong>12</strong></span> <span class='ocrx_word' id='word_1_381' title='bbox 346 4841 538 4911; x_wconf 84' lang='grc' dir='ltr'>ἀπεστραμμένη</span> <span class='ocrx_word' id='word_1_382' title='bbox 561 4842 610 4892; x_wconf 82' lang='lat' dir='ltr'>AB</span> <span class='ocrx_word' id='word_1_383' title='bbox 636 4839 649 4909; x_wconf 81' lang='grc' dir='ltr'>ΙΙ</span> <span class='ocrx_word' id='word_1_384' title='bbox 674 4855 781 4910; x_wconf 88' lang='grc' dir='ltr'>προσπε-</span> <span class='ocrx_word' id='word_1_385' title='bbox 834 4839 868 4893; x_wconf 85' lang='grc'>23</span> <span class='ocrx_word' id='word_1_386' title='bbox 893 4837 1065 4909; x_wconf 84' lang='grc' dir='ltr'>διεφέλκεσθαι</span> <span class='ocrx_word' id='word_1_387' title='bbox 1087 4843 1110 4892; x_wconf 93' lang='grc' dir='ltr'>Β</span> <span class='ocrx_word' id='word_1_388' title='bbox 1134 4837 1147 4908; x_wconf 73' lang='lat' dir='ltr'>il</span> <span class='ocrx_word' id='word_1_389' title='bbox 1173 4840 1207 4894; x_wconf 88' lang='grc'>24</span> <span class='ocrx_word' id='word_1_390' title='bbox 1230 4838 1337 4892; x_wconf 80' lang='grc' dir='ltr'>αἰτιᾶται</span> <span class='ocrx_word' id='word_1_391' title='bbox 1355 4839 1387 4890; x_wconf 87' lang='grc' dir='ltr'>τά</span> <span class='ocrx_word' id='word_1_392' title='bbox 1405 4841 1454 4892; x_wconf 89' lang='lat' dir='ltr'>AB</span> <span class='ocrx_word' id='word_1_393' title='bbox 1475 4839 1488 4907; x_wconf 80' lang='grc' dir='ltr'><em>Η</em></span> 
     </span>
     <span class='ocr_line' id='line_1_37' title="bbox 126 4924 1051 4998; baseline 0 -18"><span class='ocrx_word' id='word_1_394' title='bbox 126 4933 218 4998; x_wconf 85' lang='grc' dir='ltr'>φυκυῖα</span> <span class='ocrx_word' id='word_1_395' title='bbox 241 4931 263 4980; x_wconf 91' lang='grc' dir='ltr'>Β</span> <span class='ocrx_word' id='word_1_396' title='bbox 288 4924 302 4997; x_wconf 75' lang='grc' dir='ltr'>ΙΙ</span> <span class='ocrx_word' id='word_1_397' title='bbox 329 4933 462 4998; x_wconf 83' lang='grc' dir='ltr'>μαρτυρῶν</span> <span class='ocrx_word' id='word_1_398' title='bbox 485 4927 564 4998; x_wconf 88' lang='grc' dir='ltr'>λέγιι,</span> <span class='ocrx_word' id='word_1_399' title='bbox 588 4945 638 4980; x_wconf 86' lang='lat' dir='ltr'>om.</span> <span class='ocrx_word' id='word_1_400' title='bbox 662 4925 782 4986; x_wconf 83' lang='grc' dir='ltr'>πολλάκις</span> <span class='ocrx_word' id='word_1_401' title='bbox 835 4926 868 4984; x_wconf 81' lang='grc'>25</span> <span class='ocrx_word' id='word_1_402' title='bbox 886 4926 984 4996; x_wconf 86' lang='grc' dir='ltr'>προσβῆ</span> <span class='ocrx_word' id='word_1_403' title='bbox 1003 4929 1051 4980; x_wconf 89' lang='lat' dir='ltr'>AB</span> 
     </span>
     <span class='ocr_line' id='line_1_38' title="bbox 125 5012 1218 5084; baseline -0.002 -17"><span class='ocrx_word' id='word_1_404' title='bbox 125 5019 146 5067; x_wconf 90' lang='lat' dir='ltr'><strong>B</strong></span> <span class='ocrx_word' id='word_1_405' title='bbox 167 5013 180 5083; x_wconf 92' lang='grc' dir='ltr'>ΙΙ</span> <span class='ocrx_word' id='word_1_406' title='bbox 204 5015 234 5070; x_wconf 90' lang='grc'><strong>14</strong></span> <span class='ocrx_word' id='word_1_407' title='bbox 253 5015 297 5074; x_wconf 76' lang='grc' dir='ltr'>τὰς</span> <span class='ocrx_word' id='word_1_408' title='bbox 316 5015 394 5074; x_wconf 88' lang='grc' dir='ltr'>αίτίας</span> <span class='ocrx_word' id='word_1_409' title='bbox 411 5012 502 5073; x_wconf 87' lang='grc' dir='ltr'>ταύτας</span> <span class='ocrx_word' id='word_1_410' title='bbox 520 5020 546 5068; x_wconf 91' lang='lat' dir='ltr'>A</span> <span class='ocrx_word' id='word_1_411' title='bbox 870 5014 905 5066; x_wconf 83' lang='grc'>28</span> <span class='ocrx_word' id='word_1_412' title='bbox 923 5015 966 5066; x_wconf 83' lang='grc' dir='ltr'>καὶ</span> <span class='ocrx_word' id='word_1_413' title='bbox 985 5015 1010 5066; x_wconf 84' lang='grc' dir='ltr'>έν</span> <span class='ocrx_word' id='word_1_414' title='bbox 1027 5021 1065 5084; x_wconf 85' lang='grc' dir='ltr'>τῷ</span> <span class='ocrx_word' id='word_1_415' title='bbox 1085 5013 1177 5082; x_wconf 85' lang='grc' dir='ltr'>ςόματι</span> <span class='ocrx_word' id='word_1_416' title='bbox 1195 5016 1218 5066; x_wconf 93' lang='grc' dir='ltr'>Β</span> 
     </span>
    </p>
   </div>
   <div class='ocr_carea' id='block_1_13' title="bbox 1219 5098 1290 5164">
    <p class='ocr_par' dir='ltr' id='par_1_26' title="bbox 1219 5098 1290 5164">
     <span class='ocr_line' id='line_1_39' title="bbox 1219 5098 1290 5164; baseline 0 0"><span class='ocrx_word' id='word_1_417' title='bbox 1219 5098 1290 5164; x_wconf 84' lang='grc'><strong>41*</strong></span> 
     </span>
    </p>
   </div>
   <div class='ocr_carea' id='block_1_14' title="bbox 1499 2575 1517 2606">
    <p class='ocr_par' dir='ltr' id='par_1_27' title="bbox 1499 2575 1517 2606">
     <span class='ocr_line' id='line_1_40' title="bbox 1499 2575 1517 2606; baseline 0 0"><span class='ocrx_word' id='word_1_418' title='bbox 1499 2575 1517 2606; x_wconf 60' lang='grc' dir='ltr'>ἱ</span> 
     </span>
    </p>
   </div>
   <div class='ocr_carea' id='block_1_15' title="bbox 0 0 1835 5736">
    <p class='ocr_par' dir='ltr' id='par_1_28' title="bbox 0 0 1835 5736">
     <span class='ocr_line' id='line_1_41' title="bbox 0 0 1835 5736; baseline 0 0"><span class='ocrx_word' id='word_1_419' title='bbox 0 0 1835 5736; x_wconf 95' lang='lat' dir='ltr'> </span> 
     </span>
    </p>
   </div>
  </div>
 </body>
</html>
