3708 5738
357 400 421 464 524
743 401 1000 454 ennoennsssr
1019 401 1157 452 rnrsrc.
1177 402 1338 454 ονιαιοιι.

409 574 460 634 τοῦ
483 574 580 656 φωτὸς
603 572 622 655 ἢ
646 571 704 635 ἀπὸ
727 559 825 635 ἄλλου
838 571 913 640 τινὸς
936 575 1028 634 ποιεῖν
1055 571 1088 633 τὸ
1118 573 1231 638 λευκόν.
1276 573 1333 654 [διὸ
1361 573 1410 636 καὶ
1437 571 1489 656 τὴν
1518 572 1670 658 παχύτητα

357 683 389 736 81
409 679 461 738 τοῦ
477 675 562 760 ἀέρος
577 675 702 738 αἰτιᾶται
717 674 788 757 πρὸς
810 673 843 736 τὸ
865 673 1020 757 φαίνεσθαι
1049 674 1163 756 μέλαν]
1316 672 1359 738 ἔτι
1381 675 1414 738 δέ
1436 677 1500 744 πῶς
1527 675 1561 738 τὸ
1584 675 1670 758 μέλαν

408 777 593 854 ἀποδίδωσιν,
617 777 650 841 ού
674 775 772 862 ῥηίδιον
795 777 991 858 καταμαθεῖν·
1017 777 1036 860 ῆ
1061 777 1127 840 σκιὰ
1149 777 1203 860 γὰρ
1226 776 1316 858 μέλαν
1337 801 1364 840 τι
1387 777 1434 840 καὶ
1461 777 1669 862 ἐπιπρόσθησίς

408 879 469 943 ἐστι
491 885 542 943 τού
565 883 685 944 λευκοῦ·
714 880 758 942 διὸ
782 883 896 963 πρῶτον
918 880 951 942 τὸ
974 880 1077 942 λευκόν
1100 880 1152 962 τῆν
1175 879 1269 964 φύσιν.
1315 879 1377 963 ἅμα
1405 880 1438 943 δέ
1463 879 1497 943 ού
1526 879 1612 962 μόνον
1638 881 1670 943 τὸ

407 983 591 1060 ἐπισκιάζειν,
614 983 689 1046 ἀλλά
711 982 759 1045 καὶ
782 982 835 1066 τὴν
856 982 1012 1066 παχύτητα
1034 986 1085 1044 τού
1107 981 1192 1066 ἀέρος
1214 983 1263 1046 καὶ
1285 987 1337 1066 τῆς
1359 982 1505 1066 εἰσιούσης
1525 983 1670 1066 ἀπορροῆς
1697 1011 1707 1048 s

410 1085 536 1148 αέτιᾶται
559 1086 607 1148 καὶ
629 1086 681 1169 τὴν
704 1085 835 1170 ταραχὴν
857 1089 909 1148 τοῦ
929 1084 1095 1169 ὀφθαλμοῦ.
1140 1085 1260 1169 πότερον
1283 1085 1316 1148 δέ
1337 1089 1428 1149 ταῦτα
1447 1083 1596 1170 συμβαίνει
1623 1085 1670 1148 διὰ

406 1189 439 1250 τὸ
463 1189 504 1272 μὴ
528 1188 677 1252 εύδίοπτον
701 1189 720 1272 ῆ
745 1187 792 1250 καὶ
815 1185 897 1272 ἄλλῳ
919 1184 1017 1270 γίνοιτ’
1046 1185 1151 1250 ἄνκαὶ
1174 1187 1251 1272 ποίιρ
1274 1189 1307 1272 [ῆ
1324 1189 1438 1270 μίλαν],
1465 1186 1500 1250 ού
1523 1189 1667 1272 διασαφεῖ.

358 1297 391 1352 82
502 1291 608 1355 ἄτοπον
624 1291 719 1354 δὲκαὶ
734 1291 767 1353 τὸ
783 1293 834 1352 τού
850 1292 968 1376 χλωροῦ
980 1291 1021 1374 μὴ
1037 1290 1195 1354 ἀποδοῦναι
1211 1292 1336 1375 μορφήν,
1358 1291 1433 1354 ἀλλά
1456 1291 1541 1373 μόνον
1565 1290 1599 1354 ἐκ
1619 1294 1669 1352 τού

411 1375 529 1477 στερεοῦ
552 1394 674 1457 καὶτοῦ
697 1397 781 1456 κενοῦ
803 1397 904 1456 ποιεῖν.
950 1392 1031 1456 κοινά
1058 1391 1112 1476 γὰρ
1141 1394 1233 1456 ταῦτά
1261 1417 1293 1477 γε
1320 1394 1434 1456 πάντων
1460 1393 1510 1457 καλ
1538 1393 1568 1462 ἐξ
1591 1393 1670 1456 όποί-

408 1519 449 1558 ων
465 1495 515 1560 οὖν
539 1494 621 1560 ἔσται
644 1497 813 1581 σχημάτων.
851 1501 927 1580 χρῆν
950 1493 976 1558 δ’
998 1495 1097 1578 ῶσπερ
1119 1496 1172 1560 κάν
1194 1500 1254 1566 τοῖς
1276 1496 1374 1566 σίλλοις
1396 1495 1467 1560 ίδιόν
1490 1519 1517 1559 τι
1539 1501 1669 1579 ποιῆσαι,
1687 1521 1708 1560 ιι

409 1599 457 1662 καὶ
481 1599 507 1662 εί
530 1599 582 1681 μέν
604 1599 730 1662 ἐναντίον
751 1603 793 1683 τῷ
818 1599 945 1682 ἐρυθρῷ,
967 1583 1100 1681 καθάπερ
1122 1599 1156 1660 τὸ
1180 1599 1270 1681 μέλαν
1286 1605 1328 1685 τῷ
1344 1602 1452 1684 λευκῷ,
1473 1599 1525 1683 τὴν
1541 1598 1670 1662 ἐναντίαν

408 1697 487 1786 ἔχειν
511 1704 640 1787 μορφήν·
671 1700 696 1764 εἰ
719 1702 752 1764 δὲ
775 1702 815 1784 μὴ
838 1701 975 1778 ἐναντίον,
998 1700 1069 1764 αὐτὸ
1092 1698 1170 1763 τοῦτ’
1198 1701 1233 1764 ἀν
1260 1725 1303 1772 τις
1331 1702 1521 1784 θαυμάσειεν,
1549 1701 1593 1766 ότι
1620 1701 1670 1772 τὰς

408 1803 502 1888 ἀρχὰς
524 1804 578 1868 ούκ
605 1805 733 1874 ἐναντίας
760 1807 850 1867 ποιεί·
877 1805 957 1866 δοκεῖ
982 1802 1036 1886 γάρ
1062 1802 1092 1866 ἐν
1122 1807 1208 1868 πᾶσιν
1235 1805 1322 1868 ούτω.
1368 1805 1492 1886 μαλιστα
1518 1802 1543 1868 δ’
1577 1803 1668 1889 ἐχρῆν

407 1910 493 1970 τούτο
515 1908 690 1992 διακριβοῦν,
711 1911 782 1970 ποῖα
803 1909 861 1970 τῶν
883 1907 1049 1992 χρωμάτων
1073 1907 1152 1969 ἁπλᾶ
1175 1907 1223 1970 καὶ
1247 1907 1295 1970 ere
1316 1907 1344 1970 τί
1358 1907 1394 1971 τά
1410 1908 1463 1990 μὲν
1479 1907 1615 1986 σύνθετα,
1635 1907 1671 1970 τά

407 2009 440 2071 δέ
462 2007 621 2073 ἀσύνθετα·
645 2010 765 2092 πλείστη
787 2010 841 2092 γὰρ
864 2007 971 2092 ἀπορία
992 2009 1056 2092 περὶ
1079 2013 1137 2072 τῶν
1161 2009 1272 2095 ἀρχῶν.
1318 2011 1393 2074 ἀλλά
1413 2014 1499 2074 τοῦτο
1523 2011 1576 2094 μὲν
1599 2009 1669 2079 ἴσως
1686 2035 1706 2072 1:

406 2111 545 2194 χαλεπόν.
588 2113 651 2176 ἐπεὶ
687 2113 735 2176 καί
768 2115 826 2174 τῶν
858 2115 962 2196 χυμῶν
997 2109 1028 2174 εί
1057 2134 1098 2180 τις
1126 2111 1239 2175 δύναιτο
1266 2113 1333 2182 τούς
1362 2115 1472 2184 ἁπλοῦς
1499 2115 1667 2190 ἀποδοῦναι,

408 2215 517 2293 μᾶλλον
551 2215 585 2278 ἀν
620 2217 670 2280 ὅδε
695 2215 783 2298 λέγοι.
826 2215 890 2298 περὶ
917 2214 950 2277 δέ
979 2215 1075 2297 όσμῆς
1101 2215 1321 2300 προσαφορίίειν
1352 2221 1481 2301 παρῆκεν
1515 2216 1591 2300 πλὴν
1626 2238 1668 2277 το

408 2318 520 2394 τοῦτον,
543 2317 586 2380 ότι
608 2320 641 2382 τὸ
663 2319 767 2382 λεπτόν
789 2316 931 2401 ἀπορρέον
958 2317 1017 2380 ἀπὸ
1039 2319 1097 2379 τῶν
1120 2316 1234 2402 βαρέων
1256 2323 1334 2382 ποιεί
1359 2320 1411 2404 τὴν
1439 2320 1541 2404 ὀδμήν.
1586 2322 1667 2381 ποῖον

405 2415 438 2480 δέ
466 2440 490 2478 τι
518 2420 570 2502 τὴν
597 2422 682 2505 φύσιν
712 2421 743 2485 ὂν
774 2421 830 2484 ὑπὸ
853 2421 927 2488 τίνος
949 2420 1068 2504 πάσχει,
1096 2418 1192 2482 ούκέτι
1219 2421 1417 2505 προσέθηκεν,
1445 2423 1516 2506 ὅπερ
1539 2420 1611 2490 ἴσως
1633 2420 1667 2505 ῆν

357 2527 391 2580 83
410 2524 594 2604 κυριώτατον.
639 2523 860 2608 Δημόκριτος
883 2523 935 2604 μὲν
957 2520 1007 2585 ούν
1030 2523 1122 2592 ούτως
1144 2520 1206 2586 ἐνια
1227 2525 1407 2608 παραλείπει.
1683 2551 1705 2588 ιο

507 2625 651 2689 Πλάτων
681 2628 714 2690 δὲ
741 2627 850 2711 θερμὸν
880 2627 932 2707 μὲν
960 2624 1034 2689 εἶναί
1060 2647 1131 2710 φησι
1158 2627 1191 2690 τὸ
1218 2627 1361 2709 θιακρῖνον
1388 2625 1426 2690 δι’
1459 2625 1583 2712 ὀξύτητα
1610 2631 1667 2690 τῶν

402 2729 528 2810 γωνιῶν·
557 2731 668 2814 ψυχρὸν
697 2731 729 2792 δὲ
757 2717 840 2794 όταν
855 2726 891 2791 δι’
913 2728 1055 2812 ὑγρότητα
1077 2729 1243 2812 ἐκκρίνοντα
1264 2728 1301 2791 τὰ
1323 2727 1435 2794 ἐλάττω
1457 2731 1505 2794 καλ
1529 2731 1570 2814 μὴ
1587 2732 1668 2794 δυνά-

407 2853 478 2912 μενα
500 2830 618 2895 εἰσιέναι
639 2832 676 2895 τὰ
699 2831 791 2914 μείζω
812 2831 911 2916 κύκλῳ
933 2832 1082 2915 περιωθῆ·
1106 2835 1143 2912 τῆ
1164 2829 1218 2914 γὰρ
1234 2832 1319 2915 μάχη
1334 2832 1440 2916 τρόμον
1456 2833 1505 2896 καὶ
1520 2839 1562 2918 τῷ
1579 2834 1669 2898 πάθει

407 2935 484 3017 ῥῖγος
507 2933 579 2997 εἶναι
602 2932 703 3016 ὄνομα.
747 2935 873 3018 σκληρὸν
896 2931 964 3017 (δέ),
987 2931 1012 3018 ᾧ
1037 2933 1071 2997 ἀν
1094 2935 1113 3017 ῆ
1136 2932 1207 3018 σὰρξ
1230 2934 1346 3016 ὑπείκη,
1370 2937 1500 3017 μαλακόν
1523 2936 1570 3015 δέ,
1594 2938 1611 3000 ὃ
1634 2935 1667 2998 ἀν

404 3040 441 3116 τῆ
464 3035 563 3118 σαρκί,
591 3037 639 3100 καλ
667 3037 739 3121 πρὸς
765 3036 879 3120 ἀλληλα
905 3036 1023 3120 ὁμοίως.
1069 3035 1195 3100 ύπείκειν
1223 3037 1256 3099 δέ
1283 3038 1316 3100 τὸ
1346 3037 1448 3121 μικρὰν
1477 3035 1547 3124 ἔχον
1574 3041 1666 3122 βάσιν.
1684 3065 1706 3102 ιι

407 3139 479 3222 βαρύ
503 3139 605 3202 δὲκαὶ
628 3143 736 3223 κοῦρον
759 3145 801 3226 τῷ
826 3141 878 3222 μὲν
900 3139 961 3204 ἀνω
984 3141 1033 3204 καὶ
1055 3140 1135 3202 κάτω
1158 3140 1289 3224 διορίζειν
1312 3138 1346 3202 ού
1369 3141 1438 3218 δεῖν,
1461 3139 1495 3204 ού
1517 3141 1572 3225 γὰρ
1595 3140 1667 3204 εἶναι

404 3242 540 3306 τοιούτων
568 3243 668 3328 φύσιν·
705 3243 780 3307 ἀλλά
806 3247 914 3328 κοῦφον
945 3243 997 3326 μὲν
1023 3241 1096 3306 εἶναι
1125 3243 1158 3305 τὸ
1192 3242 1232 3311 εἰς
1264 3243 1313 3306 τὸν
1348 3243 1427 3326 παρὰ
1459 3244 1544 3328 φύσιν
1577 3246 1665 3309 τόπον

407 3344 513 3430 ῥᾳδίως
534 3346 706 3428 ἑλκόμενον,
730 3347 802 3432 βαρὺ
826 3347 859 3409 δέ
879 3346 912 3409 τό
941 3349 1088 3432 χαλεπῶς.
1132 3347 1225 3431 τραχύ
1253 3347 1285 3409 δέ
1311 3347 1359 3410 καὶ
1389 3349 1466 3410 λεῖον
1495 3350 1535 3416 ῶς
1563 3349 1669 3418 ἱκανῶς

355 3535 365 3585 1
378 3532 529 3603 διό-μέλαν
539 3539 637 3587 removi
653 3537 683 3586 cf.
700 3555 724 3586 v.
736 3533 752 3588 5
764 3532 778 3603 Η
789 3530 1006 3587 interserere:
1059 3537 1132 3586 odor.
1146 3534 1180 3588 64
1191 3536 1203 3600 Η
1218 3534 1250 3586 18
1259 3539 1311 3586 τῶν
1317 3531 1422 3604 ,θερμῶν
1432 3537 1541 3588 Usener.
1553 3541 1607 3588 τῶν
1617 3537 1714 3607 παχέων

352 3641 416 3674 corr.
435 3625 577 3676 Schneider
596 3623 610 3691 Ιξ
631 3622 666 3680 ὡς
685 3625 741 3676 PF:
761 3641 825 3674 corr.
840 3625 952 3674 Usener:
971 3619 1006 3680 οίς
1058 3619 1342 3692 ΜυΙΙυούΙΙόθμῆνΡβ.
1355 3621 1712 3690 εετνυτίυιῦεαιοετίιουπιβ

351 3715 476 3763 Wimmer
492 3709 504 3779 ΙΙ
522 3709 633 3769 reihe<
648 3715 738 3776 vulgo:
753 3715 853 3763 correxi
870 3707 914 3777 ΙΙῆ
928 3707 1006 3776 μέλαν
1061 3709 1092 3762 19
1123 3707 1207 3778 ῶσπερ
1237 3708 1297 3767 ἴσως
1326 3713 1383 3764 PF:
1421 3727 1487 3763 corr.
1523 3711 1672 3780 Stephanus
1701 3709 1713 3776 Ιί

351 3802 408 3852 PF:
422 3801 521 3851 induxi.
537 3798 566 3850 τό
577 3797 654 3866 μέλαν
664 3803 731 3850 coni.
742 3803 874 3850 Wirnmer.
893 3793 1007 3866 ῆμέλανι
1063 3796 1097 3849 20
1121 3793 1191 3854 ὅπως
1212 3795 1264 3848 ίνια
1291 3800 1346 3850 PF:
1376 3815 1441 3850 corr.
1468 3799 1616 3865 Stephanus
1644 3797 1658 3868 ΙΙ
1684 3797 1712 3850 *21

352 3887 497 3952 Stephanus
510 3883 522 3954 ΙΙ
535 3884 812 3955 8τό,τόχλωρὸν1’11ι
827 3903 891 3936 corr.
902 3885 1009 3938 Schnei·
1062 3887 1138 3937 Plsto
1156 3888 1223 3936 Tim.
1242 3903 1267 3950 p.
1280 3887 1335 3938 61ιι
1354 3883 1402 3954 τὴν
1419 3883 1559 3955 λεπτότητα
1577 3894 1632 3940 τῶν
1649 3885 1715 3939 πλευ

352 3976 407 4026 der.
425 3971 454 4024 τό
471 3972 580 4043 χλωρῶν
592 3975 738 4040 Stephanus
752 3973 793 4042 ΙΙθ
812 3975 891 4024 ταῦτα
908 3989 935 4022 τε
954 3973 1010 4023 PF:
1064 3977 1114 4040 ριῖιν
1133 3971 1176 4024 καλ
1198 3977 1296 4039 γωνιῶν
1318 3971 1426 4042 ὀξύτητα
1451 3969 1464 4042 ΙΙ
1488 3973 1521 4026 θθ
1545 3977 1608 4027 ibid.
1627 3993 1652 4042 ρ.
1662 3973 1713 4028 όθκ

352 4077 418 4112 corr.
442 4063 542 4114 Camot.
561 4066 637 4114 Voss.
655 4060 735 4113 ταύτά
757 4079 784 4112 τε
798 4065 921 4114 Wimmer
942 4058 955 4128 Η
978 4060 1010 4112 10
1063 4059 1094 4111 τά
1112 4060 1158 4128 γὰρ
1177 4058 1208 4129 δὴ
1228 4065 1280 4112 τῶν
1298 4061 1353 4130 περὶ
1372 4059 1400 4112 τὸ
1418 4067 1493 4129 σῶμα
1512 4059 1596 4130 ύγρῶν
1615 4060 1712 4132 μεγαλο-

352 4147 395 4199 :red
418 4152 468 4206 τοῖς
493 4153 583 4216 vulgo:
608 4154 708 4203 correxi
728 4147 742 4218 Η
769 4150 797 4201 11
825 4147 928 4200 ἐναντίω
951 4151 1009 4202 PF:
1063 4147 1196 4218 μερίστερα
1214 4147 1333 4213 είαιόντα,
1352 4148 1384 4201 τό
1403 4148 1551 4219 σμικρότερα
1568 4147 1713 4210 ἐξωθοῦντα,

353 4253 418 4287 cnrr.
437 4237 580 4289 Schneider
599 4235 614 4304 Η
637 4237 667 4290 12
687 4235 739 4306 ἔχει
757 4239 814 4289 PF:
834 4243 935 4290 correxi
956 4235 970 4306 ΙΙ
988 4237 1009 4290 τί
1062 4235 1096 4293 τίς
1122 4235 1166 4294 re:
1194 4235 1296 4287 ἐκείνων
1319 4234 1348 4287 ού
1377 4235 1498 4304 δυνάμενα
1525 4235 1598 4307 ἕδρας
1625 4237 1713 4290 ἐνδῦναι

351 4320 453 4392 θ’ῆμὴ
465 4327 522 4376 PF:
543 4331 652 4377 correxi.
677 4321 729 4376 τίδ’
742 4323 826 4393 εἴημὴ
841 4320 1007 4394 Schneiderss
1062 4319 1221 4383 Ευνωθούντα
1245 4323 1319 4392 ἡμῶν
1342 4323 1371 4376 τό
1394 4324 1568 4395 νοτερόν-τῆ
1593 4325 1625 4396 δὴ
1648 4327 1712 4394 μάχη

355 4409 385 4462 13
418 4410 515 4462 ἐναντία
554 4415 610 4465 PF:
654 4430 718 4464 cerr.
735 4414 898 4465 Schneider
933 4406 947 4478 11
983 4411 1009 4463 ἐν
1061 4411 1106 4464 καλ
1124 4411 1161 4480 τῷ
1180 4417 1272 4481 σεισμῷ
1291 4409 1372 4481 τούτῳ
1393 4411 1484 4481 τρόμος
1498 4412 1542 4464 καλ
1555 4412 1622 4482 ῥῖγος
1636 4409 1713 4480 ἐτίθη.

350 4503 423 4550 πᾶσιν
441 4502 476 4550 P:
496 4499 526 4551 ἐκ
544 4504 617 4552 πᾶσιν
635 4504 670 4553 F:
694 4504 810 4567 suspicor
828 4498 918 4552 ἅπασιν
938 4494 952 4567 β
975 4497 1006 4552 15
1061 4502 1129 4552 unde
1153 4500 1298 4551 Schneider
1319 4499 1352 4551 τὰ
1378 4498 1441 4569 ύγρά
1462 4503 1507 4552 τοῦ
1531 4499 1649 4568 σώματος
1672 4515 1713 4566 pre

350 4585 447 4655 ἀπειρία
466 4590 525 4640 PF:
549 4607 614 4640 corr.
639 4591 771 4642 Csmotius
792 4583 805 4654 ΙΙ
834 4589 864 4642 16
889 4585 1008 4638 ἀπλ..σ
1061 4585 1094 4639 δι’
1116 4585 1255 4657 ὑγρότητα,
1278 4590 1403 4639 Wimmer
1425 4591 1565 4656 simplicius
1583 4592 1630 4660 τῆς
1647 4585 1712 4656 ύγρό·

350 4693 388 4740 ρτ.
401 4677 431 4737 F,
450 4679 495 4728 sed
509 4679 598 4728 eadem
610 4679 636 4728 in
652 4693 714 4742 ταις.
735 4674 828 4733 ἀπλοὶις
841 4671 854 4742 ΙΙ
873 4675 903 4726 17
922 4671 1007 4743 ιίρηκέ
1060 4691 1143 4744 τητος.
1170 4676 1215 4727 sed
1236 4679 1324 4728 omnis
1342 4693 1405 4728 sens
1420 4685 1479 4728 sunt
1497 4673 1510 4745 ΙΙ
1529 4677 1627 4747 καὶμὴ
1645 4675 1710 4728 δυνό-

349 4779 376 4830 γε
407 4766 466 4816 PF:
499 4767 612 4832 παρῆκεν
639 4765 790 4815 Schneider.
832 4759 1006 4830 προσαφορίζει
1060 4779 1121 4831 μενα
1140 4765 1217 4815 bisF
1243 4758 1255 4831 Η
1280 4761 1313 4816 23
1332 4760 1446 4834 πτριωθῆ
1465 4767 1498 4817 F:
1523 4761 1642 4834 παριὶυθεῖ
1658 4769 1678 4818 Ρ
1697 4757 1709 4828 ίΙ

349 4848 447 4917 (σχεδόν
465 4849 558 4919 ὁμοίως
575 4856 626 4908 τοῖς
643 4849 772 4909 πλείστοις.
792 4847 920 4918 οὐδὲνγὰρ
934 4847 1006 4910 ἴδιον)
1057 4858 1094 4921 τῷ
1116 4852 1190 4920 πάχει
1211 4854 1269 4905 PF:
1294 4867 1359 4903 corr.
1383 4853 1525 4905 Schneider
1545 4851 1557 4922 Η
1583 4853 1617 4906 24
1640 4851 1708 4922 βῆγυς

349 4935 672 5006 sipnrdpchdnlieehquod
682 4941 798 4990 ultimum
809 4941 895 5002 utique
906 4935 1003 5006 εἴρηκεν
1057 4941 1100 4992 PF
1120 4936 1133 5007 Η
1153 4938 1179 4992 δέ
1198 4957 1249 4990 om.
1269 4941 1325 4991 PF:
1349 4955 1415 4992 corr.
1434 4939 1577 4992 Schneider
1597 4939 1610 5007 l·
1630 4939 1662 4993 26
1679 4940 1707 4990 ci·

350 5029 513 5080 scribendum
534 5039 596 5080 eret.
626 5037 738 5079 ceterum
762 5027 792 5076 ci.
816 5027 946 5092 Theophr.
970 5029 1002 5076 de
1054 5030 1131 5080 Plato
1149 5031 1166 5080 1.
1180 5047 1201 5080 c.
1220 5045 1245 5095 p.
1258 5025 1314 5081 6313
