3708 5732
367 403 430 468 130
473 405 512 456 lx
538 405 588 456 Du
608 405 864 456 THEOPHRAS'I'I
883 405 1091 457 onlntonu'n
1111 405 1211 457 APUD
1232 406 1443 456 CICERONEM
1465 406 1644 457 unsu'lusss

365 573 449 643 ούτος
470 574 552 640 iord,
568 575 620 656 μὲν
642 575 729 644 θεούς
748 575 815 644 τούς
829 577 985 660 πλανήτας,
1007 573 1108 658 ὄγδοον
1124 575 1157 638 δὲ
1171 563 1220 639 τὸν
1236 576 1270 638 ἐκ
1284 577 1400 639 πάντων
1414 575 1511 640 αὐτῶν
1528 575 1536 605 ¹
1559 579 1724 640 συνεστῶτα

365 677 473 760 κόσμον
496 675 658 740 αἰνίττεται.

450 781 519 844 οὐδὲ
542 781 599 865 μὴν
621 781 689 850 τοὺς
709 782 767 845 ἀπὸ
789 786 843 864 τῆς
864 781 976 850 Στοᾶς
996 780 1211 865 παρελεύσομαι
1234 781 1281 845 διὰ
1307 781 1404 864 πάσης
1426 781 1496 864 ύλης
1521 780 1570 844 καὶ
1597 781 1646 844 διὰ
1671 783 1726 863 τῆς

365 885 539 966 ἀτιμοτάτης
559 884 593 946 τὸ
616 883 696 946 θεῖον
718 885 826 968 διήκειν
848 883 983 967 λέγοντας
1005 883 1032 946 οἳ
1054 884 1293 967 καταισχύνουσιν
1315 885 1447 968 ἀτεχνῶς
1468 884 1521 966 τὴν
1539 882 1724 967 φιλοσοφίαν.

450 986 532 1050 οὐδὲν
561 986 593 1048 δὲ
623 984 703 1068 οἶμαι
725 989 855 1071 χαλεπὸν
881 985 1008 1050 ἐνταῦθα
1034 986 1185 1069 γενόμενος
1212 987 1260 1049 καί
1287 992 1346 1049 τῶν
1373 987 1407 1050 ἐκ
1434 989 1486 1051 τού
1515 984 1725 1069 Περιπάτου
1835 1036 1836 1043 ,

364 1087 541 1172 μνησθῆναι.
573 1087 620 1150 καὶ
645 1087 662 1150 ό
682 1109 714 1168 γε
735 1093 788 1173 τῆς
810 1089 950 1174 αἱρέσεως
971 1090 1066 1173 πατὴρ
1088 1095 1147 1152 τῶν
1169 1089 1245 1154 όλων
1268 1089 1302 1154 οὐ
1325 1091 1433 1173 νοήσας
1459 1089 1509 1150 τὸν
1534 1087 1647 1171 πατέρα
1674 1088 1724 1150 τὸν

363 1191 539 1272 καλούμενον
562 1191 670 1254 ὕπατον
693 1192 791 1276 ψυχὴν
813 1192 885 1257 εἶναι
906 1196 957 1256 τοῦ
972 1193 1078 1262 παντὸς
1093 1191 1194 1268 οἴεται,
1215 1191 1343 1254 τουτέστι
1365 1194 1418 1254 τοῦ
1433 1189 1544 1272 κόσμου
1558 1191 1611 1274 τὴν
1625 1191 1725 1274 ψυχὴν

364 1295 432 1356 idedu
456 1294 667 1378 ὑπολαμβάνων
689 1295 776 1364 αύτδς
798 1295 878 1380 αὑτῷ
894 1295 1097 1380 περιπείρεται.
1132 1297 1147 1359 ύ
1169 1296 1223 1378 γάρ
1238 1317 1281 1357 τοι
1304 1291 1391 1377 μέχρι
1413 1297 1466 1376 τῆς
1488 1294 1611 1377 σελήνης
1633 1292 1725 1376 αὐτῆς

361 1395 494 1481 διορίζων
512 1397 566 1480 τὴν
581 1397 727 1480 πρόνοιαν,
749 1395 849 1462 ἔπειτα
871 1399 920 1462 τδν
942 1398 1051 1481 κόσμον
1067 1398 1136 1461 θεὸν
1153 1397 1312 1482 ἡγούμενος
1326 1395 1524 1480 περιτρέπεται
1537 1397 1588 1460 τδν
1601 1396 1724 1480 ἄμοιρον
1835 1410 1836 1427 ί

360 1504 412 1562 τού
434 1499 506 1562 θεοῦ
528 1499 598 1563 dedu
621 1499 810 1582 δογματίζων.

447 1603 520 1666 ύδὲ
537 1599 663 1685 Ἐρέσιος
685 1603 794 1672 ἐκεῖνος
816 1603 1041 1688 Θεόφραστος
1064 1601 1311 1688 ύἈριστοτέλσος
1332 1605 1475 1688 γνιύριμσς
1495 1607 1539 1686 πῇ
1565 1603 1617 1684 μὲν
1639 1602 1725 1686 οὐρα·
1836 1585 1837 1604 ¹

360 1707 419 1784 νύν,
440 1711 484 1788 τῇ
507 1705 540 1768 δὲ
563 1708 676 1788 πνεῦμα
697 1707 746 1768 τὸν
768 1706 837 1768 θεὸν
860 1707 987 1769 ὑπονοεῖ.
1836 1719 1837 1722 ’

441 1805 645 1891 Ἐπικούρου
668 1809 720 1891 μὲν
742 1808 796 1891 γὰρ
820 1807 908 1890 μόνου
930 1809 979 1872 καὶ
1001 1809 1077 1872 ἑκῶν
1100 1809 1273 1894 ἐπιλήσομαι,
1295 1810 1328 1879 δς
1346 1809 1430 1873 σδδὲν
1453 1808 1550 1892 μέλειν
1572 1805 1662 1872 οἴεται
1679 1813 1723 1892 τῷ

359 1910 422 1996 θεῷ
446 1911 494 1974 διὰ
515 1911 631 1973 πάντων
654 1911 779 1996 ἀσεβῶν.
811 1911 839 1972 τί
859 1912 914 1996 γὰρ
932 1910 1166 1997 Ἡρακλείδης
1189 1915 1205 1978 ό
1228 1913 1382 1996 Ποντικύςρ
1412 1911 1466 1976 σύκ
1495 1910 1556 1976 ἔσθ’
1585 1909 1646 1994 dri-p
1669 1910 1724 1973 σόκ

360 2013 408 2076 ἐπὶ
431 2012 467 2075 τὰ
489 2011 712 2098 Δημοκρίτου
734 2015 782 2077 καὶ
806 2013 894 2084 αὐτὸς
915 2017 1105 2102 κατασύρεται
1126 2015 1245 2080 εἴδωλα.

445 2114 717 2198 Philosophorum
739 2114 792 2182 hie
810 2115 955 2183 deleotus
970 2117 1108 2202 duplioie
1123 2117 1256 2201 originis
1272 2124 1331 2184 eet.
1365 2116 1452 2201 prior
1467 2115 1568 2184 series
1584 2114 1723 2181 Thalem

358 2223 549 2301 ceterosque
562 2237 664 2300 neque
677 2217 722 2282 nd
732 2217 960 2306 Metrodorum,
976 2221 1082 2286 altere
1096 2219 1309 2306 philosophos
1323 2219 1543 2286 nDemoorito
1559 2235 1663 2300 usque
1678 2216 1723 2280 ad

358 2319 564 2386 Heraclidem
573 2319 727 2386 eontinet.
743 2322 829 2404 quod
836 2321 1016 2388 incredibili
1025 2323 1165 2406 quodum
1174 2321 1352 2389 Clementis
1361 2321 1510 2388 oooordie
1521 2319 1723 2404 potefaetum

359 2429 417 2491 eet
461 2442 536 2488 nom
558 2422 636 2487 dum
657 2421 699 2488 de
721 2422 783 2489 deo
806 2425 984 2491 tententiae
1011 2425 1276 2510 philosophorum
1303 2424 1487 2509 prolaturus
1515 2428 1580 2507 eet,
1609 2421 1722 2488 neseio

358 2525 444 2591 unde
466 2531 564 2610 eaput
586 2523 628 2590 de
650 2523 807 2610 prinoipio
830 2525 1010 2612 deeoripeit.
1047 2525 1125 2592 inde
1147 2532 1331 2610 portentum
1352 2525 1434 2591 illud
1455 2524 1610 2609 meritur,
1633 2524 1723 2608 quod

358 2627 562 2694 Parmenidie
585 2646 669 2711 quae
688 2627 848 2712 prinoipia
869 2635 943 2694 eunt
965 2629 1073 2712 ignem
1096 2636 1279 2712 terramque
1302 2625 1352 2715 [of.
1375 2627 1462 2693 Aedi
1484 2628 1573 2694 Ploo.
1595 2628 1653 2692 13
1678 2624 1722 2713 13]

357 2729 438 2797 deos
452 2728 650 2797 nominabat.
685 2730 719 2794 in
734 2729 871 2797 eonfinio
887 2737 938 2798 est
959 2731 1084 2816 ponitus
1100 2730 1305 2797 Demooritue
1325 2728 1493 2812 utriunque
1508 2728 1627 2813 eapitis
1640 2729 1723 2795 mire

357 2832 531 2916 particopu
575 2831 651 2898 vide
677 2831 788 2898 modo:
822 2835 838 2897 ό
866 2835 899 2898 δὲ
928 2832 1074 2918 Μιλήσιος
1105 2833 1270 2903 Λεύκιππος
1296 2833 1344 2896 καὶ
1371 2834 1387 2896 ό
1416 2830 1490 2903 Χῖος
1520 2829 1723 2916 Μητρόδωρος

357 2936 453 3005 διττὰς
476 2939 517 3005 ῶς
540 2933 633 3000 ἔοικεν
656 2935 704 2998 καὶ
726 2934 807 3000 αὐτῶ
830 2937 924 3022 ἀρχὰς
946 2936 1122 3020 ἀπελιπίτην
1142 2938 1176 3000 τδ
1191 2939 1300 3021 πλῆρες
1314 2936 1361 2999 καί
1377 2937 1410 2998 τὸ
1425 2936 1518 2999 κενόν.
1551 2935 1722 3018 προσέθηκε

356 3039 390 3101 δὲ
411 3040 509 3124 λαβὼν
531 3038 642 3102 τούτοιν
664 3042 724 3102 τοῖν
746 3039 823 3102 δυεῖν
844 3040 882 3102 τὰ
903 3037 1011 3103 εἴδωλα
1033 3037 1231 3124 όἈβδηρίτης
1250 3038 1439 3122 Δημόκριτος.
1475 3036 1563 3101 haud
1584 3039 1654 3102 uuio
1676 3056 1722 3102 an

356 3139 517 3206 invenerit
539 3141 650 3223 qualia
672 3145 747 3205 eunt
768 3139 802 3204 in
823 3140 909 3206 Aedi
931 3141 1019 3206 Ploo
1043 3141 1059 3205 Ι
1081 3141 1101 3204 3

442 3243 483 3307 15
526 3243 691 3313 Λεύκιππος
713 3241 858 3326 Μιλήσιος
880 3243 974 3328 ἀρχὰς
996 3243 1044 3307 καὶ
1067 3246 1199 3327 στοιχεῖα
1220 3242 1254 3304 τδ
1276 3244 1385 3326 πλῆρες
1406 3241 1509 3305 καὶτὸ
1531 3242 1615 3306 κενόν

441 3345 480 3408 17
527 3343 725 3430 Μητρόδωρος
749 3344 905 3430 Θεοκρίτου
928 3343 1004 3414 Χῖος
1025 3345 1061 3408 τὰ
1084 3343 1233 3430 ἀδιαίρετα
1254 3345 1303 3408 καί
1326 3345 1359 3407 τδ
1382 3344 1464 3408 κενόν

441 3447 482 3514 16
525 3448 705 3532 Δημόκριτος
728 3448 764 3512 τὰ
785 3449 876 3513 ναστὰ
898 3447 947 3512 καὶ
968 3449 1038 3512 κενοί

438 3551 566 3618 Deinde
589 3551 716 3618 eumin
738 3551 804 3618 alio
826 3551 908 3618 libro
924 3551 1101 3617 Demooriti
1117 3550 1225 3617 εἴδωλα
1248 3549 1300 3634 [oi.
1322 3549 1461 3616 Krische
1483 3570 1516 3634 p.
1533 3547 1609 3632 150]
1631 3548 1720 3614 inve

352 3655 468 3740 nisset,
498 3661 636 3739 utroque
662 3653 748 3720 male
774 3651 997 3738 oonglutinoto
1019 3653 1161 3738 ineptior
1189 3671 1295 3719 meroe
1324 3653 1440 3719 effeoit
1485 3652 1551 3718 iem
1577 3650 1718 3718 veroin

351 3759 456 3824 altera
478 3763 585 3843 parte,
612 3755 667 3823 ubi
690 3755 731 3822 de
753 3755 823 3822 deis
845 3777 881 3822 re
903 3775 982 3822 vere
1003 3755 1111 3839 egitur
1132 3758 1230 3841 plane
1256 3755 1355 3822 mirus
1385 3763 1436 3823 est
1461 3776 1534 3823 oum
1558 3753 1718 3821 Oioerone

351 3867 536 3928 oonoentus.
580 3858 681 3943 quid?
713 3857 847 3942 inipso
876 3858 1097 3926 Demoorito
1126 3880 1234 3927 nonne
1264 3858 1415 3925 Tulliano
1443 3857 1619 3942 edgnoeois
1648 3857 1719 3920 De-

349 3967 498 4028 mocritus
527 3966 664 4046 quitum
696 3964 876 4044 ἀνιαρότατα
909 3981 1074 4046 eorumque
1103 3965 1252 4027 oirouitor
1280 3965 1314 4026 io
1346 3963 1474 4027 deorum
1505 3979 1632 4025 nummo
1663 3981 1718 4023 re-

347 4067 433 4149 fert?
470 4065 509 4133 of.
532 4061 694 4132 Strom.V
720 4083 751 4147 p.
768 4063 876 4129 698Ρ.
909 4083 1006 4149 porro
1033 4063 1281 4132 Alemoeonie
1309 4063 1417 4150 opinio
1441 4061 1473 4150 [ᾗ
1493 4059 1547 4149 27]
1576 4065 1629 4146 qui
1655 4063 1718 4126 soli

349 4180 378 4234 et
421 4172 513 4234 lonae
555 4167 744 4249 reliquisque
786 4167 942 4232 sideribus
983 4169 1146 4250 animoque
1188 4179 1354 4251 praetereo
1395 4169 1588 4231 divinitatem
1629 4167 1717 4229 dedit

347 4292 457 4338 nonne
484 4268 611 4355 graoois
639 4267 814 4336 clementis
838 4266 881 4333 'A-
903 4269 990 4342 θεοὺς
1017 4267 1093 4356 ᾤετο
1120 4271 1188 4340 τούς
1215 4270 1339 4355 ἀστέρας
1360 4267 1433 4332 εἶναι
1455 4269 1606 4354 ἐμψύχους
1629 4265 1717 4338 ὄντας

347 4374 533 4458 respondet,
555 4371 602 4438 ita
629 4376 740 4438 tomen
761 4376 797 4436 nt
824 4370 1003 4438 divinitatis
1030 4391 1146 4439 caussa
1167 4373 1307 4440 addatur
1329 4371 1479 4456 ἐμψύχους
1501 4369 1601 4448 ὄντας,
1626 4369 1717 4453 quod

347 4497 389 4542 ex
425 4475 490 4540 illis
533 4477 697 4555 animoque
739 4483 904 4555 praetereo
948 4476 1140 4538 diuinitatem
1183 4477 1267 4539 dedit
1310 4474 1515 4540 oonolueeret
1550 4471 1716 4538 Clemens.

346 4577 539 4644 Aristoteles
571 4582 679 4642 eutem
710 4576 752 4642 de
785 4575 894 4641 anima
913 4577 930 4641 Ι
951 4579 972 4643 2
994 4599 1025 4661 ρ.
1042 4578 1124 4643 405·
1147 4578 1189 4642 30
1216 4595 1257 4643 ex
1285 4583 1443 4662 perpetuo
1472 4580 1563 4640 motu
1593 4581 1628 4641 et
1658 4575 1718 4640 im·

346 4679 577 4746 mortalitatem
602 4675 701 4744 animi
724 4684 757 4743 et
779 4685 939 4744 nemorum
961 4679 1162 4746 diuinitatem
1185 4677 1331 4748 effeoieee
1349 4679 1579 4746 Alemaeonem
1602 4677 1715 4746 tradit

417 4925 425 4956 ¹
444 4927 581 4977 Duririum
599 4925 691 4992 probet
708 4927 848 4978 Krinoheue
866 4923 967 4976 πόντων
985 4927 1038 4976 τῶν
1056 4923 1174 4977 ἀπλανῶν
1191 4927 1377 4978 restituentem.
1405 4927 1438 4976 ui.
1457 4924 1547 4976 Cicero
1566 4927 1592 4976 d.
1611 4926 1638 4978 d.
1658 4927 1716 4979 n.1

347 5011 379 5064 13
397 5023 430 5064 ei.
457 5015 504 5064 sed
521 5014 576 5064 fleri
596 5020 680 5080 potent
697 5024 725 5066 ut
743 5009 828 5065 αύτῶν
846 5030 878 5066 εκ
898 5010 998 5081 ἄστρων
1017 5021 1163 5079 corruptum
1180 5016 1222 5064 uit.
