3768 5736
453 481 661 534 PLUTARCHI
679 482 772 532 EPIT.
786 482 824 531 lv
840 479 878 532 15.
894 480 925 533 16
1090 479 1246 530 STOBAEI
1264 477 1343 528 EcL.
1356 477 1369 525 1
1383 472 1416 526 52
1429 471 1488 536 [44]
1502 469 1536 524 53
1550 470 1608 536 [45]
1622 482 1633 519 1

387 621 428 690 είς
454 619 527 684 αύτὸ
554 618 657 704 αὐγήν·
691 621 739 683 καὶ
761 617 795 684 οὐ
822 618 997 702 ψεύδεταιῆ
1049 614 1090 682 ἐπ’
1118 616 1189 680 αότὸ
1216 613 1319 698 αύγῆν.
1352 612 1402 676 καὶ
1429 610 1463 675 υύ
1485 610 1661 695 ψεύδεταιῆ

388 721 495 806 όρσσις·
519 721 654 806 βλέπεται
676 721 730 806 γάρ
751 723 814 790 ταῖς
837 720 998 804 ἀληθείαις,
1051 717 1159 802 ὁρασις·
1184 717 1319 802 βλέπεται
1340 716 1395 799 γὰρ
1417 717 1480 784 ταῖς
1501 710 1663 796 ἀληθείαις,

388 823 431 887 ότι
452 823 512 887 ἐστὶ
535 823 646 894 σκότος.
1051 821 1095 884 ότι
1117 819 1177 884 ἐστὶ
1200 821 1313 890 σκότος.

431 923 637 1008 Χρύσιππος
663 925 738 988 κατὰ
760 925 813 1008 τῆν
836 925 998 991 συνέντασιν
1017 939 1033 992 3
1095 920 1302 1008 Χρύσιππος
1329 917 1403 983 κατὰ
1428 917 1592 982 συνέντασιν
1615 914 1665 997 [τά

366 1031 441 1091 ιτοῦ
477 1025 581 1108 μεταξὺ
614 1025 699 1112 ἀέρος
730 1027 799 1110 ὁρᾶν
832 1028 926 1111 ἡμᾶς,
959 1051 1003 1090 νυ·
1054 1022 1135 1106 ὄντα]
1163 1027 1214 1086 τοῦ
1241 1019 1346 1104 μεταξύ
1373 1019 1458 1104 ἀέρος
1484 1021 1554 1104 ὁρᾶν
1575 1019 1700 1102 ἡμεῖςν

388 1129 484 1214 γέντος
517 1129 568 1212 μὲν
597 1129 653 1192 ύπδ
681 1133 732 1192 τοῦ
760 1131 894 1212 ὁρατικοῦ
921 1129 1003 1192 πνεύ-
1053 1126 1184 1209 νυγέντος
1212 1126 1263 1207 μὲν
1287 1125 1343 1186 ύπὸ
1367 1127 1418 1186 τοῦ
1441 1123 1561 1186 ὁπτικοῦ
1583 1119 1665 1183 πνεύ-

390 1256 489 1316 ματος,
505 1232 576 1314 όπερ
589 1231 648 1294 ἀπδ
660 1235 711 1294 τοῦ
727 1231 900 1315 ἡγεμονικοῦ
917 1231 1003 1316 μέχρι
1054 1249 1153 1312 ματος,
1169 1227 1240 1312 όπερ
1251 1227 1310 1291 ἀπὸ
1322 1229 1373 1289 τοῦ
1389 1226 1563 1310 ἡγεμονικοῦ
1578 1221 1666 1307 μέχρι

389 1339 442 1419 τῆς
462 1333 552 1418 κόρης
574 1333 681 1416 διήκει,
707 1333 781 1397 κατὰ
803 1333 836 1397 δὲ
857 1335 909 1417 τὴν
931 1335 1003 1418 πρὸς
1052 1336 1105 1415 τῆς
1127 1329 1216 1416 κόρης
1239 1331 1346 1414 διήκει,
1368 1327 1443 1391 κατὰ
1464 1327 1497 1390 δὲ
1518 1328 1570 1412 τὴν
1593 1331 1666 1413 πρὸς

389 1437 439 1499 τὸν
462 1435 657 1519 περικείμενον
678 1435 751 1520 ἀέρα
765 1436 902 1522 ἐπιβολὴν
918 1435 1002 1500 έντεί-
1053 1434 1101 1495 τὸν
1123 1433 1319 1516 περικείμενον
1342 1431 1414 1516 ἀέρα
1429 1430 1566 1517 ἐπιβολὴν
1581 1432 1666 1496 ἐντεί-

354 1559 378 1597 ιο
390 1561 486 1608 νοντος
508 1537 595 1601 αὐτὸν
618 1537 791 1616 κωνοειδῶς,
814 1537 882 1601 όταν
897 1536 917 1622 ᾖ
935 1541 1002 1620 ὁμο·
1053 1558 1149 1604 κοντος
1163 1534 1250 1598 αὐτόν
1273 1533 1446 1612 κωνοειδῶς,
1469 1535 1537 1598 όταν
1559 1533 1701 1618 ῆὸμοιο

389 1642 473 1725 γενὴς
496 1643 512 1704 ὁ
535 1639 603 1722 ἀήρ.
640 1639 813 1723 προχέονται
839 1641 872 1702 δὲ
894 1639 927 1702 έκ
949 1645 1002 1724 τῆς
1052 1639 1136 1722 γενῆς
1159 1640 1175 1702 ὁ
1198 1637 1267 1722 ἀήρ.
1303 1635 1476 1722 προχέονται
1503 1635 1530 1700 δ’
1558 1638 1591 1702 ἐκ
1612 1645 1667 1726 τῆς

390 1743 484 1829 ὄψεως
508 1741 619 1812 ἀκτῖνες
641 1741 765 1826 πύριναι,
787 1741 855 1826 οόχλ
872 1741 1001 1825 μέλαιναι
1053 1740 1149 1826 ὅψεως
1164 1742 1275 1808 ἀκτῖνες
1295 1739 1420 1823 πύριναι,
1442 1739 1510 1825 ούχλ
1533 1739 1665 1823 μέλαιναι

389 1846 437 1908 καὶ
461 1845 649 1930 ὁμιχλώδεις·
683 1843 782 1927 διόπερ
805 1845 908 1928 ὁρατὸν
929 1843 1002 1908 εἶναι
1053 1845 1101 1908 καί
1124 1843 1309 1930 ὁμιχλώδεις·
1346 1841 1446 1926 διόπερ
1468 1843 1571 1926 ὁρατὸν
1593 1842 1666 1908 εἶναι

388 1949 422 2012 τδ
444 1947 556 2016 σκότος.
1053 1948 1086 2010 τὸ
1109 1947 1221 2016 σκότος.

355 2208 378 2248 ιι
455 2190 497 2266 ι’ς.
541 2182 765 2268 Περλάκυῆς.
810 2191 882 2245 097
1181 2183 1264 2268 Περὶ
1286 2185 1404 2268 ἀκοῆς.
1447 2195 1472 2245 D
1500 2191 1570 2246 A30
1672 2205 1698 2245 ιι

428 2320 668 2406 Ἐμπεδοκλῆς
689 2322 742 2405 τῆν
758 2321 849 2404 ἀκοὴν
871 2320 1000 2404 γίνεσθαι
1020 2328 1035 2380 l
1060 2392 1064 2399 ,
1093 2318 1336 2405 Ἐμπεδοκλῆς
1357 2322 1410 2404 τῆν
1430 2322 1521 2406 ἀκοὴν
1536 2321 1665 2405 γίνεσθαι

391 2425 466 2488 κατὰ
487 2423 672 2507 πρόσπτωσιν
694 2423 855 2504 πνεύματος
876 2423 921 2508 τῷ
935 2445 1001 2506 χον·
1052 2423 1127 2486 κατὰ
1155 2424 1208 2506 τὴν
1230 2422 1414 2508 πρόσπτωσιν
1437 2423 1598 2505 πνεύματος
1620 2431 1663 2510 τῷ

390 2529 504 2612 δρώδει,
527 2527 597 2610 ὅπερ
621 2526 708 2610 φησὶν
731 2524 906 2610 ἐξηρτῆσθαι
922 2523 1002 2594 έντὸς
1052 2525 1180 2610 χόνδριρ,
1196 2525 1282 2610 όνπερ
1296 2525 1383 2610 φησίν
1399 2523 1574 2610 ἐξηρτῆσθαι
1586 2526 1666 2596 έντὸς

389 2633 441 2692 τοῦ
464 2629 539 2699 ὠτὸς
553 2630 690 2697 κώδωνος
709 2627 791 2712 δίκην
806 2626 1001 2710 αἰωρούμενον
1052 2631 1104 2690 τοῦ
1127 2627 1203 2698 ὠτὸς
1221 2629 1357 2696 κώδωνος
1373 2628 1454 2710 δίκην
1470 2627 1665 2713 αἰωρούμενον

358 2731 440 2796 νοκαλ
462 2731 648 2814 τυπτόμενον.
1053 2731 1102 2794 καί
1124 2729 1310 2812 τυπτόμενον.
1673 2749 1700 2788 νο

430 2831 629 2916 Ἀλκμαίων
645 2831 759 2896 ἀκούειν
776 2835 855 2916 ἡμᾶς
869 2837 911 2918 τῷ
924 2839 999 2918 κενῷ
1020 2842 1036 2895 2
1095 2828 1291 2914 Ἀλκμαίων
1307 2830 1422 2894 ἀκούειν
1438 2833 1517 2914 ἡμᾶς
1531 2836 1574 2916 τῷ
1591 2838 1666 2918 κενῷ

390 2937 434 3021 τῷ
456 2936 536 3005 έντὸς
557 2939 609 2998 τοῦ
632 2933 721 3002 ὠτός·
749 2938 834 3001 τοῦτο
856 2937 910 3021 γὰρ
932 2935 1004 3000 εἶναι
1054 2939 1097 3018 τῷ
1120 2934 1200 3004 έντὸς
1229 2937 1279 2997 τοῦ
1304 2933 1388 3002 ὠτός.
1410 2937 1495 2997 τοῦτο
1518 2933 1573 3018 γὰρ
1595 2933 1667 2999 εἶναι

390 3040 423 3101 τὸ
446 3039 568 3122 διηχοῦν
595 3037 670 3100 κατὰ
695 3038 747 3121 τὴν
769 3043 821 3103 τοῦ
843 3039 1004 3121 πνεύματος
1054 3037 1087 3098 τὸ
1110 3037 1231 3119 διηχοῦν
1254 3036 1329 3099 κατά
1350 3036 1403 3120 τὴν
1424 3040 1475 3098 τοῦ
1506 3036 1668 3119 πνεύματος

391 3140 534 3224 εἰσβολήν·
558 3140 651 3202 πάντα
673 3141 726 3224 γάρ
748 3141 785 3204 τὰ
806 3142 876 3206 κενὰ
897 3143 976 3226 ῆχεῒ.
1054 3137 1199 3224 εἰσβολήν.
1221 3138 1314 3201 πάντα
1335 3137 1389 3221 γὰρ
1410 3138 1554 3204 τὰ.κυῖλα
1575 3140 1654 3223 ῆχεῦ.

358 3263 382 3301 ιο
433 3239 1035 3328 Διογένηςτοῦέντῆκεφαλῆάέρυς3
1096 3239 1264 3324 Διογένης
1286 3243 1337 3302 τοῦ
1352 3240 1565 3325 ἐντῆκεφαλῆ
1580 3239 1702 3325 ἀέροςκε

391 3345 447 3408 ύπὸ
470 3347 522 3428 τῆς
537 3347 638 3428 φωνῆς
656 3343 834 3426 τυπτομένου
850 3345 898 3409 καὶ
913 3368 1003 3409 κινου-
1054 3344 1110 3407 ὁπὸ
1132 3347 1185 3432 τῆς
1205 3347 1306 3426 φωνῆς
1319 3342 1497 3425 τυπτομένου
1512 3345 1560 3407 καὶ
1575 3365 1665 3407 κινου

389 3447 487 3530 μένου.
1053 3445 1149 3526 μένου.

433 3548 580 3612 Πλάτων
606 3548 655 3610 καί
678 3549 705 3611 οἱ
728 3545 775 3612 ἀπ’
802 3547 892 3612 αὐτοῦ
914 3551 1036 3635 πλήτ-4
1097 3545 1134 3612 Οἱ
1167 3547 1225 3610 ἀπὸ
1260 3545 1449 3616 Πλάτωνος
1485 3549 1664 3632 πλήττεσθαι

388 3651 490 3714 τεσθαι
504 3651 553 3713 τὸν
569 3649 600 3714 έν
615 3653 652 3732 τῆ
668 3653 782 3735 κεφαλῇ
799 3650 881 3736 ἀέρα·
901 3657 1001 3717 τοῦτον
1052 3650 1101 3712 τὸν
1129 3649 1159 3712 έν
1186 3655 1223 3731 τῆ
1252 3651 1366 3732 κεφαλῆ
1393 3648 1482 3732 ἀέρα,
1509 3653 1609 3714 τοῦτον
1631 3649 1657 3713 δ’

357 3751 420 3816 ουδ’
449 3752 631 3816 ἀνακλᾶσθαι
654 3752 694 3821 είς
715 3753 752 3816 τὰ
774 3753 932 3838 ῆγεμυνικά
953 3755 1001 3820 καλ
1052 3752 1233 3816 ἀνακλᾶσθαι
1268 3751 1309 3820 είς
1345 3751 1382 3816 τά
1419 3751 1577 3835 ῆγεμονικά
1614 3753 1662 3816 καὶ
1675 3775 1702 3813 ευ

387 3854 516 3938 γίνεσθαι
538 3859 591 3938 τῆς
614 3854 705 3938 ἀκοῆς
727 3856 779 3940 τῆν
801 3854 946 3940 αἴσθησιν.
1051 3856 1198 3938 γίγνεσθαι
1219 3859 1272 3938 τῆς
1293 3855 1385 3937 ἀκοῆς
1407 3855 1459 3939 τὴν
1481 3853 1629 3940 αἴσθησιν.

383 3993 400 4045 8
424 3992 487 4060 μετὰ
505 3960 653 4058 emmo:
674 4011 738 4046 corr.
757 3995 881 4047 Maziriae
896 3989 909 4060 ΙΙ
924 3995 939 4046 9
957 3993 1000 4046 τόν
1086 3993 1103 4044 4
1126 3991 1192 4044 κατὰ
1209 3992 1255 4062 τῆν
1274 3995 1352 4058 vulgo
1372 3989 1437 4060 11τά
1460 3989 1520 4044 όντα
1545 3995 1622 4044 fuerit
1645 3996 1708 4045 olim

223 4071 231 4085 ¹
345 4079 525 4151 παρακείμενον
538 4081 643 4144 (Α)Βοι
658 4087 758 4136 correxi
777 4085 807 4135 σί.
824 4101 849 4148 p.
861 4079 927 4134 409ι
940 4080 970 4133 13
984 4079 998 4150 11
1050 4086 1087 4149 τῷ
1106 4077 1157 4131 όντι
1175 4081 1207 4131 ad
1226 4084 1280 4138 ταῖς
1298 4077 1424 4150 ἀληθείαις
1443 4101 1467 4134 v.
1486 4079 1502 4132 2
1525 4083 1680 4148 adscriptum
1693 4080 1706 4150 ΙΙ

347 4169 378 4221 17
398 4165 517 4235 πνεύματι
540 4170 582 4231 (ex
606 4167 744 4238 πνεύματος
767 4172 884 4235 corr.)B
909 4169 921 4239 11
942 4187 999 4240 χον·
1051 4171 1067 4223 6
1091 4168 1201 4237 νυγέντες
1219 4171 1243 4220 D
1267 4167 1280 4236 ΙΙ
1308 4168 1339 4221 15
1361 4169 1409 4234 §4
1431 4173 1458 4220 in
1481 4169 1594 4222 Stobaeo
1614 4179 1706 4232 exstat,

346 4253 435 4326 δρύιδτι
448 4257 483 4308 G:
494 4253 622 4324 χρονιώὸει
632 4259 693 4309 AB:
704 4256 868 4327 κοχλιώδειΟ
884 4261 914 4310 ef.
928 4261 998 4310 Prol.
1050 4266 1134 4306 cetera
1157 4273 1189 4308 ex
1213 4259 1288 4308 Dam.
1308 4255 1345 4321 [p.
1359 4254 1419 4319 238,
1432 4255 1532 4320 9-20]
1554 4259 1672 4323 suppleta
1691 4253 1706 4322 ΙΙ

344 4364 369 4411 p.
382 4343 477 4408 222εη.
493 4339 506 4410 ss
527 4343 559 4394 21
574 4346 605 4395 de
624 4345 652 4408 ἓξ
665 4345 719 4398 23
739 4347 769 4398 cf.
789 4348 859 4397 Prol.
878 4363 903 4412 p.
916 4343 968 4398 223
983 4343 997 4414 ΙΙ
1053 4343 1083 4395 17
1101 4342 1146 4394 καί
1169 4342 1215 4412 τὴν
1236 4346 1274 4396 D:
1298 4361 1362 4396 corr.
1386 4346 1508 4396 Meineke
1528 4341 1542 4412 Η
1562 4341 1705 4412 πρόπτωσιν

345 4431 378 4484 24
406 4428 520 4500 είσβολῆν
544 4433 580 4485 G:
609 4430 719 4502 ἐμβολήν
742 4433 835 4495 (Α)Βο
857 4435 958 4485 Ριελίυε
983 4430 996 4500 ΙΙ
1048 4432 1086 4482 D:
1101 4435 1202 4484 correxi
1223 4427 1235 4498 11
1257 4430 1290 4484 23
1303 4429 1455 4500 διηθοῦνΒι
1474 4450 1539 4485 corr.
1553 4434 1674 4484 Mainake
1689 4427 1702 4500 Ιί

344 4518 415 4590 ῆχεῐν
434 4521 458 4572 G
1048 4516 1082 4571 28
1100 4517 1117 4586 ὴ
1135 4520 1203 4570 rubr.
1223 4522 1262 4570 D:
1281 4517 1304 4570 οἱ
1323 4521 1442 4573 Gaisford

343 4593 429 4600 ——-

343 4626 571 4678 TESTIMONIA
589 4625 799 4678 PLUTARCHI

382 4708 417 4764 16
441 4709 462 4770 2,
479 4709 565 4768 Psoll.
588 4715 613 4764 d.
642 4728 711 4762 omn.
739 4713 818 4764 doctr.
846 4711 879 4765 81
908 4710 996 4764 ἀκούο-

344 4816 389 4866 μεν
411 4796 438 4850 δὲ
460 4797 497 4867 τῷ
521 4805 586 4867 κενῷ
605 4803 642 4867 τῷ
665 4795 733 4856 ίντός
755 4801 800 4850 τοῦ
823 4797 895 4857 ιύτός.
922 4801 996 4850 τοῦτο

343 4885 388 4954 γὰρ
407 4883 467 4936 εἶναι
485 4883 514 4936 τό
534 4883 637 4954 διηχοῦν
654 4885 721 4937 κατὰ
737 4884 785 4956 τῆν
796 4889 841 4938 τοῦ
859 4883 997 4956 πνεύματος

343 4969 462 5042 ιμριιγι.
