3710 5730
720 395 996 449 snonnaousus
1028 351 1034 358 ’
1497 396 1537 460 37

169 563 361 648 scriptorum
388 563 472 630 serie
497 553 631 652 νᾙ-νξ
648 570 816 632 numerata
842 563 999 648 incipiunt
1027 584 1048 630 a
1075 563 1240 631 101642.
1284 565 1418 649 singulis
1449 565 1539 632 libris

170 665 312 750 capitum
341 664 465 732 indices
495 668 624 734 rubrica
655 665 759 734 ornati
791 666 1049 750 praemittuntur.
1101 674 1179 734 ante
1207 667 1280 751 ipsa
1312 669 1420 753 capita
1453 669 1538 734 tituli

167 767 296 833 rubrica
313 769 503 854 perscripta,
524 770 649 836 numeri
668 769 805 852 margini
821 769 985 852 adscripti.
1021 770 1105 836 iuter
1122 769 1389 854 philosophorum
1405 772 1538 836 decreta

168 869 297 952 singula
317 871 446 936 rubrica
466 871 704 956 interpunctum
727 879 785 937 est.
829 871 897 936 iota
923 891 983 936 nec
1011 872 1225 955 subscriptum
1254 891 1315 936 nec
1338 873 1536 964 adscriptum

168 972 268 1038 norit.
305 973 338 1038 in
360 972 521 1040 elidendis
542 975 709 1040 vocalibus
732 973 847 1058 variat,
870 972 929 1039 sed
951 975 1080 1040 omnino
1105 972 1215 1038 blandi
1241 973 1395 1056 cupidior.
1409 982 1444 1040 ut
1466 975 1535 1042 iere

167 1075 361 1142 vetustiores
383 1073 466 1141 libri.
500 1095 597 1159 quam
621 1083 734 1142 nostra
757 1076 856 1143 editio
879 1074 1010 1142 exhibet
1031 1075 1191 1141 rationem
1206 1092 1278 1140 eam
1294 1095 1333 1139 ex
1349 1077 1418 1141 solo
1436 1075 1460 1142 O
1477 1097 1530 1143 ex·

168 1195 314 1259 pressam
336 1177 427 1244 scito.
471 1198 547 1244 uam
569 1179 598 1244 A
619 1179 844 1262 neglegentius
868 1179 1026 1260 conlatus,
1049 1175 1076 1240 B
1099 1175 1204 1240 iunior
1227 1175 1315 1240 visus
1341 1183 1400 1242 est.

253 1279 457 1347 Detur-iorem
479 1300 551 1346 csse
567 1280 592 1346 O
608 1280 740 1363 eiusque
762 1287 918 1364 cognatos
939 1281 959 1344 i.
977 1300 1004 1346 e.
1021 1281 1198 1361 vulgatam,
1222 1285 1289 1342 tam
1306 1285 1355 1343 est
1371 1279 1405 1344 iu
1421 1287 1536 1363 aperto

169 1389 204 1446 ut
225 1382 424 1464 argumentis
447 1383 686 1468 supersedeam.
722 1383 825 1466 proba
847 1381 1003 1448 memoria
1024 1379 1057 1446 in
1072 1380 1128 1446 AB
1146 1385 1278 1446 servata
1301 1387 1359 1464 est,
1383 1389 1536 1465 corrupta

167 1482 296 1548 variata
316 1481 514 1569 interpolata
535 1485 569 1550 in
585 1483 621 1549 G.
643 1490 678 1548 tu
700 1481 782 1550 haec
804 1489 928 1550 tantum
950 1482 1097 1549 habeto:

164 1585 216 1650 12
238 1591 369 1671 στοιχεῖα
390 1587 447 1652 ΑΒ
470 1607 541 1654 eum
567 1587 693 1654 Gaiano
1201 1591 1343 1671 στοιχεῖον
1366 1583 1391 1650 C

166 1687 253 1756 134
276 1687 397 1774 ἄργυρος
419 1689 473 1754 οὐκ
494 1690 551 1755 ΑΒ
573 1711 645 1756 cum
668 1687 814 1754 Stobaeo
836 1687 982 1754 Eusebio
1200 1687 1253 1750 οὐκ
1275 1687 1438 1771 ἄργυροςῦ

166 1790 218 1854 14
236 1805 253 1858 2
275 1791 350 1856 κατὰ
371 1793 424 1876 τὴν
447 1799 505 1856 τῶν
528 1793 672 1876 σωμάτων
694 1792 812 1856 σύνοδον
828 1790 885 1856 ΑΒ
900 1811 972 1855 υυιι]
1000 1789 1141 1855 Eusebio
1200 1791 1317 1854 σύνοδον
1340 1795 1414 1872 pust
1436 1793 1487 1875 τὴν
1509 1791 1534 1856 O

165 1891 243 1957 112
264 1909 298 1963 20
325 1894 391 1958 τότε
420 1895 472 1977 μὲν
497 1931 540 1942 -·
565 1895 630 1960 τότε
658 1895 691 1957 δὲ
713 1893 740 1958 Β
763 1914 835 1959 cum
865 1892 1007 1958 Stubaeo
1041 1887 1129 1978 [ποτὲ

323 1997 518 2079 μὲν-ποτὲ
540 1998 573 2060 δὲ
594 1993 634 2082 Α]
1198 1995 1231 2057 τὸ
1255 1994 1306 2074 μὲν
1329 1998 1425 2059 -τὸ
1449 1995 1531 2062 δὲΟ

252 2097 429 2164 Rarissime
443 2117 556 2164 verum
578 2096 696 2162 rectius
711 2098 775 2164 illis
790 2097 931 2163 retinuit.
956 2098 1046 2163 velut
1062 2097 1107 2163 lv
1124 2099 1164 2162 19
1183 2105 1199 2158 3
1229 2096 1258 2160 αἱ
1274 2095 1426 2180 ἐπιμήκεις
1449 2099 1535 2180 quod

167 2199 345 2265 omiserunt
370 2199 435 2266 AB.
481 2199 534 2265 hic
565 2199 632 2265 illic
661 2199 854 2266 coniecturis
879 2198 1017 2265 feliciter
1043 2219 1120 2264 usus
1142 2205 1192 2264 est
1217 2206 1253 2264 ut
1274 2199 1389 2264 IV17
1422 2201 1489 2264 ὅταν
1512 2199 1533 2284 ᾖ

167 2301 254 2384 quod
277 2303 374 2385 vulgo
397 2302 443 2386 εἴη
458 2305 578 2369 lectum
594 2309 673 2369 erat.
712 2301 936 2368 soloecismum
951 2302 1119 2385 Roeperus
1135 2299 1206 2366 sine
1227 2301 1318 2366 libris
1340 2311 1533 2370 correxerat.

167 2403 282 2470 eadem
304 2411 375 2469 arte
396 2405 412 2468 I
436 2405 453 2468 ‘l
478 2414 515 2467 18
540 2406 592 2486 μὲν
614 2411 688 2488 post
716 2407 768 2489 rip
791 2405 877 2487 quod
900 2405 1018 2470 omittit
1039 2404 1068 2469 A
1091 2424 1162 2469 cum
1177 2403 1318 2470 Eusebio
1341 2413 1374 2470 et
1396 2405 1533 2489 Gelono,

167 2505 306 2570 restituit
318 2505 354 2589 C,
366 2506 516 2590 idemque
531 2507 608 2572 feeit
619 2507 655 2572 Β.
685 2528 767 2572 unus
782 2507 814 2572 II
830 2507 871 2572 24
884 2517 899 2569 5
912 2506 1118 2592 ὑπερχομένων
1134 2528 1193 2590 pro
1209 2509 1413 2592 ἐπερχομένων
1429 2527 1533 2574 ernen-

165 2607 266 2673 daril.
311 2608 521 2674 memorabile
546 2616 596 2674 est
610 2611 658 2675 lll
677 2611 731 2674 81
763 2610 807 2674 ad
830 2611 945 2692 deputor
966 2629 1031 2673 non
1054 2609 1157 2673 solum
1181 2609 1325 2674 codicum
1354 2611 1411 2675 scd
1435 2611 1531 2676 etiam

167 2710 301 2776 Stobaei
317 2710 381 2776 lide
396 2710 616 2776 confirmatum
635 2711 823 2787 adnotatum
840 2731 914 2777 esse
928 2711 961 2774 in
977 2711 1122 2791 margine
1138 2711 1242 2794 prima
1264 2731 1360 2776 manu
1384 2711 1533 2777 usitatius

166 2813 359 2878 vocabulum
376 2814 472 2898 θέρος,
488 2813 573 2896 quod
598 2815 732 2897 praebet
754 2815 851 2880 ctiam
869 2813 1021 2878 Galenus.
1050 2811 1107 2876 sed
1122 2811 1253 2877 fortuito
1276 2812 1337 2878 hoc
1359 2813 1531 2880 interillos

165 2914 327 2980 convenit.
361 2935 437 2980 nam
460 2923 496 2980 ut
510 2915 628 2981 Galeni
651 2916 800 2980 variandi
822 2935 943 2980 morem
967 2913 1186 2996 eognovimus,
1208 2913 1255 2979 ita
1270 2915 1436 2979 Parisinus
1455 2935 1531 2998 quo-

164 3035 228 3099 que
243 3018 432 3082 correctoris
447 3037 575 3082 manum
593 3038 709 3102 passus
725 3024 784 3100 est,
801 3017 858 3082 scd
877 3016 1104 3082 modestiorem
1119 3015 1218 3079 illam.
1252 3037 1326 3080 nam
1343 3019 1531 3100 plerumque

163 3125 335 3202 corruptos
362 3125 419 3183 aut
449 3117 598 3185 difficiles
629 3122 716 3185 locos
738 3118 906 3184 dubitandi
929 3117 1075 3202 signorl-
1093 3117 1127 3182 in
1149 3116 1293 3198 margine
1315 3125 1430 3184 notare
1453 3120 1532 3185 satis

165 3219 287 3284 babuit.
317 3219 363 3286 ita
379 3219 522 3302 signavit
537 3224 773 3288 conclamatum
792 3223 897 3286 locum
913 3221 943 3284 ll
963 3221 1005 3284 ‘24
1027 3232 1037 3282 1
1064 3219 1275 3302 ὑποτιθεμένῳ,
1298 3225 1365 3285 tum
1381 3229 1531 3305 corrupta

163 3321 212 3386 111
232 3323 246 3384 1
268 3325 508 3407 ὃλαμπρότερον,
523 3325 608 3389 1114
632 3334 648 3386 5
675 3325 944 3406 ὑποπεπλησμένον.
980 3342 1061 3388 sana
1076 3320 1260 3386 attrectavit
1275 3321 1324 3384 111
1341 3323 1382 3386 10
1400 3333 1416 3385 5
1432 3325 1531 3407 neapo

163 3426 197 3488 δὲ
218 3427 252 3488 τὸ
275 3426 363 3506 μέσον
386 3422 471 3510 [Gal.
495 3434 528 3491 et
543 3447 623 3492 corr.
639 3429 731 3494 Voss.
748 3432 789 3510 τῷ
814 3423 952 3508 papillati·
975 3426 1019 3491 IV
1035 3427 1076 3489 22
1095 3433 1111 3486 3
1131 3427 1227 3506 μερῶν
1250 3423 1529 3508 ἀντιπασχόντων-

164 3529 214 3590 ὅτε
245 3528 298 3608 μὲν
326 3527 379 3610 γὰρ
407 3534 494 3592 recte
534 3528 675 3593 offendit.
727 3529 843 3594 lacuna
870 3526 955 3592 euim
988 3526 1022 3591 in
1051 3523 1204 3610 proximis
1237 3525 1420 3608 supplenda
1448 3535 1527 3594 erat.

162 3628 208 3692 IV
224 3629 265 3693 23
285 3636 301 3688 3
324 3629 415 3710 ταύτῃ
446 3629 560 3692 κεῖσθαι
588 3631 802 3714 corruptelam
830 3628 998 3712 signifieat.
1043 3647 1098 3691 cur
1122 3626 1530 3712 1132περίττιυμα-«αἴμα

162 3735 311 3794 notatum
338 3729 380 3794 sit
408 3729 528 3794 neseio.
573 3731 631 3796 sed
657 3737 744 3797 recte
765 3731 850 3797 V18
870 3741 886 3792 4
909 3731 1011 3793 διὰτὸ
1035 3730 1168 3794 ἐπίπονον
1191 3727 1282 3810 αὐτὴν
1304 3734 1474 3815 γεγενῆσθαι
1497 3735 1530 3798 rb

162 3837 253 3914 κρῖμα
276 3837 309 3896 et
331 3831 358 3894 V
379 3832 419 3896 19
439 3841 455 3894 5
478 3839 530 3916 τῆς
552 3835 585 3897 δὲ
610 3835 740 3904 καὶτοῖς
769 3831 857 3918 ζῴοις
885 3837 993 3916 τροφῆς
1024 3829 1136 3896 vitium
1164 3827 1314 3893 suboluit
1350 3835 1450 3900 semel
1478 3855 1532 3900 nu·

164 3933 253 3996 tulae
282 3931 355 4015 ipsa
379 3933 555 4016 medicina,
586 3935 733 4018 quamvis
760 3935 866 4018 irrita,
895 3933 1067 3998 coniuncta
1093 3937 1142 3996 est
1171 3932 1253 3997 Vib
1270 3941 1284 3992 Υ1
1311 3934 1359 3995 καὶ
1382 3936 1448 4004 τοὺς
1468 3937 1532 4020 περὶ

163 4037 215 4118 τὴν
232 4035 361 4119 κεφαλὴν
376 4036 491 4118 τόπους,
507 4036 561 4100 ubi
581 4037 615 4102 in
631 4056 710 4120 urrg.
727 4041 777 4100 τοῦ
802 4038 892 4100 τόπου
915 4034 1044 4117 frustra,
1067 4033 1144 4114 quia
1166 4032 1199 4096 in
1222 4032 1247 4098 O
1271 4034 1319 4096 καὶ
1343 4053 1382 4098 ex
1404 4035 1445 4104 εἰς
1467 4056 1533 4100 cor·

163 4143 293 4220 ruptum
316 4142 375 4202 est.
410 4157 495 4220 quae
517 4137 703 4204 coniectura
724 4145 833 4204 monet
854 4157 896 4202 ne
918 4136 952 4200 in
973 4135 1024 4200 bis
1041 4133 1218 4222 sagacioris
1234 4134 1359 4200 scribae
1381 4135 1532 4218 periculis

165 4237 361 4305 reconditius
383 4237 536 4321 quiddam
559 4240 739 4307 odoremus.
774 4258 985 4324 quaeeunque
1006 4237 1100 4303 attuli
1124 4236 1249 4320 primae
1263 4237 1371 4301 manui
1387 4237 1533 4305 attribuit

164 4341 340 4406 Bonnetus.
384 4359 489 4423 neque
518 4359 540 4405 a
569 4341 664 4406 docto
692 4349 766 4424 pust
791 4349 923 4408 renatas
947 4341 1071 4405 litteras
1099 4337 1169 4402 viro
1193 4338 1280 4419 quod
1301 4337 1437 4404 forsitan
1460 4361 1532 4406 con-

163 4441 280 4508 ieceris
307 4441 387 4506 talia
416 4441 581 4526 adscripta
608 4449 698 4526 sunt,
727 4441 802 4526 quia
830 4443 933 4512 codex
960 4445 1034 4526 post
1066 4437 1183 4521 Opoliu
1210 4445 1339 4524 captam
1362 4461 1462 4524 usque
1489 4443 1531 4508 ad

163 4563 193 4608 a.
211 4544 296 4608 1688
319 4563 382 4626 quo
405 4563 427 4608 a
447 4543 619 4611 Girardino
635 4543 803 4609 Gallorum
825 4545 932 4626 legato
956 4550 988 4610 et
1003 4542 1146 4608 Bcsnero
1164 4541 1306 4606 Parisios
1329 4547 1532 4610 transvectus

163 4652 222 4728 est,
238 4643 273 4709 in
287 4645 493 4728 imperatoris
507 4647 682 4711 Turcorum
697 4665 864 4730 gynaeceo
876 4645 1016 4712 delituit.
1037 4641 1088 4730 [ci.
1102 4642 1138 4707 B.
1152 4643 1288 4708 Mueller
1304 4644 1324 4708 l.
1341 4665 1367 4708 c.
1384 4665 1414 4728 p.
1428 4647 1448 4708 b
1460 4645 1529 4732 sul.

163 4765 244 4830 quas
266 4745 334 4810 dixi
355 4753 461 4830 notas,
484 4767 543 4814 eae
565 4753 746 4813 atramento
771 4747 877 4830 pictae
900 4754 989 4812 sunt.
1022 4743 1212 4830 rubricatori
1235 4765 1341 4830 pauca
1362 4745 1530 4812 debentur.

165 4847 219 4930 qui
241 4868 314 4912 aum
336 4847 385 4912 ΠΙ
403 4849 418 4910 1
439 4859 456 4910 8
479 4834 675 4934 λαμπρότερον
694 4855 877 4932 suspectum
893 4848 1027 4932 videret,
1050 4847 1217 4931 ἀραιότερον
1234 4854 1266 4912 et
1282 4867 1341 4930 pro
1357 4848 1530 4930 πυκνοτέραν

165 4951 361 5036 ἀμαυρότερον
384 4955 506 5016 temere
525 4950 670 5016 coniecit.
704 4950 819 5016 melius
839 4970 891 5016 res
911 4949 1008 5016 cessit
1022 4950 1107 5016 1112
1127 4959 1142 5010 7
1166 4949 1219 5014 ubi
1240 4947 1363 5032 vulgati
1383 4949 1532 5032 ἀνειμένου
