3710 5730
314 387 356 450 50
778 389 817 436 1v
854 389 904 438 DE
925 388 1026 438 anun
1046 387 1213 440 Puncr‘rls

316 553 491 640 Chrysippi
513 555 554 622 de
577 555 750 639 phantasia
772 555 957 638 opinionem
979 575 1021 620 ex
1041 553 1135 620 Aetio
1158 553 1201 620 ad
1228 553 1363 620 verbnm
1383 552 1452 619 sere
1474 551 1677 638 transoripsit

314 679 346 740 p.
363 657 403 720 75
425 656 463 722 A.
489 679 520 741 p.
538 659 599 723 172
621 655 735 722 Matth.
765 657 902 723 eandem
930 657 1018 722 solus
1045 655 1237 722 Plutarchus
1268 654 1412 722 servavit
1437 654 1483 720 IV
1505 656 1560 739 12,
1587 655 1677 722 euius

314 759 516 842 comparatio
539 780 605 824 non
628 779 692 825 uno
715 761 845 826 nomine
867 765 918 825 est
938 757 1113 824 fruetuosa.
1156 757 1288 823 meliore
1310 777 1407 840 quam
1429 757 1476 822 illi
1499 756 1676 842 exemplari

316 880 393 926 usus
414 861 543 928 videtur
564 861 644 926 IV8
666 872 688 922 ι.
707 869 732 922 3.
756 859 795 926 os.
818 859 903 926 infra
924 881 955 944 p.
971 860 1023 924 bb.

400 964 450 1030 Ex
471 962 623 1031 Nemesio
646 963 797 1028 liberiore
817 961 943 1028 ratione
971 961 1147 1044 oompilata
1169 971 1257 1046 eunt,
1289 980 1373 1045 quae
1394 961 1591 1026 Planitorum
1613 980 1677 1028 me-

314 1063 437 1130 moriae
459 1064 577 1130 similia
597 1064 805 1130 inveniuntur
818 1065 853 1130 in
868 1062 1021 1130 Meletii
1045 1062 1086 1128 de
1109 1070 1227 1130 natura
1250 1063 1388 1129 hominis
1411 1063 1556 1146 synopsi,
1578 1082 1675 1146 quam

314 1166 416 1232 edidit
431 1165 603 1232 Oromenus
624 1166 658 1230 in
673 1165 914 1232 Aneedotornm
929 1163 1160 1230 Ononiensium
1183 1165 1347 1232 volumine
1369 1164 1466 1230 tertio
1489 1185 1519 1248 p.
1538 1165 1675 1235 1-157.

314 1275 413 1351 atque
435 1267 667 1351 Epioureornm
693 1265 876 1334 Aristotelis
903 1267 1049 1334 Platonis
1076 1267 1193 1332 Galeni
1220 1266 1261 1332 de
1287 1267 1359 1334 visu
1386 1266 1556 1350 opiniones
1577 1287 1608 1350 p.
1625 1268 1675 1350 ll,

315 1373 421 1437 7-14
443 1390 484 1436 ex
499 1369 641 1435 Nemesii
664 1372 725 1435 o.7
749 1391 780 1453 p.
797 1371 908 1454 l9sq.‚
931 1368 1086 1436 Dinerobi
1109 1369 1328 1452 [Dionearobi]
1351 1369 1471 1436 Galeni
1492 1367 1676 1434 Aristotelis

315 1473 523 1558 Pythagorae
538 1471 731 1536 Xonoeratis
747 1471 1009 1538 Maniohaeorum
1024 1471 1171 1538 Platonis
1186 1471 1297 1538 Oronii
1312 1469 1487 1556 Porphyrii
1509 1468 1552 1534 de
1566 1467 1676 1534 anima

313 1575 435 1660 plaeita
456 1594 488 1656 p.
506 1574 627 1655 145sq.
650 1593 669 1640 θ
691 1573 841 1638 diiunetis
862 1573 1004 1640 Nemesii
1027 1573 1107 1639 loeis
1130 1595 1160 1658 p.
1181 1576 1223 1640 35
1240 1595 1309 1657 sqq.
1334 1575 1385 1640 28.
1408 1575 1461 1640 44.
1485 1572 1536 1638 29.
1558 1573 1610 1636 49.
1634 1572 1674 1636 51

317 1680 527 1761 neglegenter
550 1681 686 1742 oonsuta
708 1683 793 1742 sunt.

398 1780 488 1846 Haeo
510 1776 579 1842 lere
601 1776 686 1842 Attii
708 1786 802 1844 extra
824 1777 1032 1844 Plutarobum
1056 1778 1296 1862 Stobaeumque
1318 1785 1481 1862 exoerpta.
1518 1777 1562 1842 ad
1589 1796 1673 1860 qnae

314 1880 533 1948 examinanda
555 1879 741 1963 prinsquam
755 1900 808 1948 me
829 1887 1025 1965 convertam,
1048 1881 1162 1964 paneis
1177 1880 1391 1965 praefandum
1414 1887 1464 1948 est
1484 1879 1526 1946 tle
1549 1879 1674 1960 antiqui

313 1982 519 2068 exemplaris,
542 2003 605 2065 qno
625 1989 761 2063 uterque
775 1981 912 2048 diversis
934 1982 1134 2066 temporibus
1157 2003 1234 2048 usus
1256 1989 1315 2067 est,
1337 1982 1536 2050 eondioione.
1570 2001 1675 2064 neque

313 2087 398 2152 enim
419 2085 532 2168 paneis
561 2083 642 2150 illud
663 2103 770 2166 neque
795 2083 921 2150 levibus
952 2086 1066 2153 naevis
1093 2085 1280 2168 inquinatus
1307 2091 1377 2152 erat
1398 2085 1467 2152 sive
1490 2084 1592 2168 ipsius
1613 2084 1675 2150 eol·

312 2187 443 2254 leetoris
469 2186 677 2270 neglegentia
703 2186 772 2254 sive
800 2185 1003 2255 librariorum
1031 2189 1148 2272 supina
1178 2187 1336 2254 socordia.
1387 2186 1506 2252 etenim
1534 2186 1590 2252 diu
1616 2191 1675 2268 eet,

312 2311 384 2356 oum
405 2289 582 2356 soribarum
604 2295 717 2371 stupor
738 2287 878 2352 ineusari
902 2298 1037 2375 oooptus
1059 2297 1109 2357 est
1130 2309 1237 2372 neque
1259 2287 1436 2373 Hyperidis
1457 2289 1675 2356 Herculaneu-

311 2412 428 2476 eesque
462 2390 579 2476 papyri
612 2409 651 2455 ae
685 2409 727 2454 ne
744 2389 922 2456 -Attioiana
958 2393 1088 2474 quidem
1121 2393 1273 2475 exempla
1305 2390 1482 2475 puerilibus
1512 2389 1675 2457 erroribus

311 2495 414 2562 libera
440 2501 524 2560 sunt.
561 2491 639 2576 quiri
664 2491 763 2575 igitur
788 2493 830 2558 de
859 2493 1008 2560 soboliois
1035 2493 1193 2562 eiusmodi
1222 2501 1320 2576 atque
1346 2493 1521 2559 humilibus
1548 2491 1675 2576 seriptis

311 2597 486 2681 cogitabis,
519 2595 574 2678 qui
597 2595 696 2660 multo
726 2594 849 2662 minore
882 2597 1039 2678 religione
1073 2615 1170 2678 quam
1201 2595 1448 2678 praecipuorum
1482 2595 1673 2678 seriptorum

313 2704 523 2766 monumenta
549 2695 815 2764 deseribebantur
844 2703 957 2764 eontm
988 2697 1180 2780 legebantur
1211 2697 1489 2764 emendabantur?
1526 2717 1603 2780 ergo
1632 2716 1674 2762 ne

311 2799 574 2886 oompilatoribus
603 2797 660 2864 fiat
686 2805 818 2882 propter
845 2798 1040 2882 exemplaris
1068 2800 1263 2884 pravitatem
1289 2798 1420 2883 iniuria,
1446 2798 1532 2866 hano
1560 2798 1673 2882 aeeipe

310 2903 515 2987 antiquorum
537 2900 726 2966 mendorum
748 2899 902 2966 tabulam.

395 3005 500 3070 1153
519 3007 670 3085 quattuor
692 3002 818 3070 eoloros
840 3010 1071 3070 enumerantur
1084 3006 1187 3070 λευκὸν
1203 3005 1293 3087 μέλαν
1308 3004 1431 3088 ἐρυθρὸν
1455 3003 1581 3089 ὠχρόν.
1612 3022 1672 3070 nee

310 3127 403 3174 senus
424 3106 499 3186 §§l
524 3111 556 3171 et
577 3105 608 3170 8.
649 3106 747 3190 ὠχρόν
770 3112 955 3188 corruptum
977 3126 1051 3172 esse
1073 3107 1164 3172 multi
1187 3105 1348 3190 viderunt,
1372 3105 1494 3190 primus
1515 3104 1672 3171 Burohar-

310 3209 371 3276 dus
393 3206 567 3274 Demoorit.
590 3205 632 3272 de
655 3225 740 3272 sens.
763 3227 794 3290 p.
811 3208 863 3272 22.
897 3207 983 3274 unde
1009 3207 1181 3274 Meinekeo
1206 3208 1241 3272 in
1262 3207 1405 3274 Stobeeo
1432 3214 1482 3274 ter
1509 3209 1671 3294 oorrigere

198 3388 201 3394 .
249 3300 254 3309 ’
310 3309 440 3395 placuit.
485 3308 544 3376 sed
573 3307 741 3391 antiquum
768 3315 818 3374 est
844 3309 971 3393 vitium,
1002 3309 1079 3392 quia
1105 3311 1138 3375 in
1160 3309 1276 3377 eodem
1303 3311 1402 3396 ὠχρόν
1424 3311 1599 3378 mendosus
1621 3319 1671 3380 est

310 3411 502 3479 Plutarelrus
524 3411 589 3492 fil.
620 3409 774 3476 Ae'tiusne
796 3429 840 3476 an
862 3411 1011 3477 librarius
1033 3417 1100 3477 tam
1122 3412 1330 3496 pertinaciter·
1351 3413 1535 3495 peooarerit
1549 3414 1669 3480 neseio.

309 3513 448 3580 fortasse
470 3513 504 3578 in
526 3518 634 3579 mente
650 3517 742 3578 erant
764 3513 886 3597 ἐρυθρόν
909 3519 942 3578 et
965 3514 1064 3599 ὠχρόν
1087 3513 1250 3580 humanae
1265 3513 1361 3580 feoiei
1376 3515 1503 3582 oolores
1518 3516 1668 3602 oppositi.

392 3617 480 3682 133
508 3615 728 3698 Ἀναξίμανδρος
745 3655 753 3672 ·
770 3656 778 3672 ·
795 3615 850 3676 -ub
873 3614 1002 3700 ἄπειρον.
1031 3616 1065 3679 ἐκ
1086 3616 1140 3698 γὰρ
1163 3616 1266 3680 τούτου
1289 3619 1382 3682 πάντα
1404 3617 1534 3700 γίνεσθαι
1558 3620 1607 3682 καὶ
1629 3619 1669 3688 εἷς

307 3724 392 3782 τοῦτο
420 3721 514 3784 πάντα
539 3717 721 3802 φθείρεσθαι.
766 3717 811 3780 διὸ
837 3719 886 3782 καὶ
915 3719 1070 3801 γεννᾶσθαι
1099 3718 1235 3803 ἀπείρους
1261 3718 1388 3801 κόσμους
1409 3721 1457 3784 καὶ
1480 3723 1565 3784 πάλιν
1588 3721 1669 3806 φθεί-

309 3821 514 3906 proterebat
537 3819 566 3888 ἐξ
588 3817 623 3882 οὔ
645 3818 791 3901 γίνεται.
819 3818 902 3886 haeo
921 3819 1017 3886 ambo
1032 3819 1119 3885 fideli
1134 3819 1316 3886 ooneordia.
1350 3827 1536 3905 eorruptum
1558 3829 1667 3888 autem

308 3943 380 3990 esse
403 3921 548 3988 ultimum
570 3918 652 3984 illud
672 3921 778 4003 γίνεται
800 3940 866 3986 non
887 3923 992 3988 solum
1013 3919 1194 3986 Heerenins
1217 3919 1378 3986 intellexit
1400 3925 1459 3990 sed
1482 3924 1581 3992 etiarn
1596 3925 1669 3990 Plu·

307 4023 411 4092 tarolri
434 4023 554 4091 codicis
572 4023 607 4087 R
622 4021 767 4106 seriptor.
801 4027 936 4107 uterque
954 4025 1077 4107 γίνονται
1100 4021 1223 4088 seilieet
1245 4023 1486 4108 promptissima
1507 4025 1668 4092 medieina

307 4125 480 4212 rescripsit.
520 4123 579 4190 sed
600 4125 672 4208 quis
694 4123 806 4191 eredat
827 4132 893 4190 tam
915 4126 1015 4210 plana
1039 4123 1082 4191 ab
1104 4122 1238 4208 antiquo
1260 4123 1367 4192 soriba
1395 4135 1547 4214 eorrupta
1575 4127 1668 4196 esse?

306 4249 407 4316 qnare
433 4223 625 4294 Meinekeus
653 4229 737 4291 natta
764 4226 901 4294 mutavit
928 4227 962 4292 in
990 4231 1047 4292 πᾶν
1070 4233 1179 4294 oetera
1202 4245 1283 4292 sana
1306 4247 1378 4295 esse
1399 4236 1499 4298 ratus.
1545 4229 1605 4296 sed
1627 4249 1667 4296 ea

307 4332 501 4414 coniectura,
524 4334 560 4394 ut
573 4327 716 4411 aliquam
730 4331 832 4395 multa
845 4329 880 4394 in
896 4328 1048 4413 Stobaeo‚
1067 4328 1188 4396 infelioi
1207 4349 1305 4394 mauu
1326 4329 1413 4397 iaota
1435 4337 1495 4398 est.
1524 4351 1601 4397 nam
1615 4331 1666 4398 eui

307 4435 392 4501 bono
413 4433 472 4498 illa
492 4433 586 4496 πάντα
606 4431 780 4517 φθείρεσθαι
801 4432 835 4496 in
857 4451 942 4497 novo
966 4431 1133 4497 enuntiato
1147 4430 1265 4497 iterata
1279 4433 1397 4516 putas?
1422 4432 1521 4500 eredo
1536 4432 1665 4498 Aetium

305 4533 637 4619 mopsustenses,
665 4541 701 4600 ut
727 4535 842 4600 eadem
864 4551 945 4599 sane
966 4532 1127 4598 sententia
1152 4551 1249 4614 quam
1271 4535 1326 4616 qui
1347 4537 1472 4620 pirorum
1493 4535 1667 4602 voluerunt

304 4637 500 4704 restituatur.
534 4634 729 4702 infinitivum
751 4635 785 4699 in
807 4635 952 4701 relativis
967 4633 1134 4701 structuris
1154 4651 1236 4698 eane
1259 4635 1352 4718 peius
1374 4643 1407 4702 et
1428 4655 1535 4720 angue
1558 4635 1665 4702 odisse

304 4745 431 4806 oonstat
453 4738 611 4804 librarios.
643 4736 789 4803 similiter
811 4733 940 4819 quidem
961 4736 995 4802 in
1018 4735 1106 4801 Plan.
1121 4735 1151 4801 V
1167 4737 1240 4802 161
1275 4737 1343 4802 ὅθεν
1361 4781 1368 4797 .
1386 4738 1592 4824 ..τρέφεσθαι
1614 4735 1665 4802 bis

303 4843 336 4908 in
357 4843 508 4928 τρέφεται,
530 4849 598 4906 tum
620 4838 735 4928 iterum
757 4837 791 4904 in
812 4839 965 4925 τρέφονται
988 4845 1022 4904 ut
1044 4857 1157 4923 supra,
1181 4845 1359 4906 eorreetum
1382 4847 1442 4907 est.
1486 4859 1599 4913 verum
1620 4836 1665 4905 ibi

303 4965 344 5010 ex
367 4943 492 5012 Galeuo
516 4939 650 5008 restitui.
