3708 5732
615 463 619 472 ,
669 413 945 465 unonneounun
1420 409 1481 472 125

125 583 283 650 tissimum
304 582 486 648 lonicorum
509 581 706 664 theologiam
728 586 904 663 grassatur.
936 579 983 644 illi
1005 578 1146 644 divinam
1164 583 1312 644 naturam
1328 582 1483 648 materiae

125 685 254 751 insitam
281 683 489 768 perhibuere,
523 683 692 749 Tullianus
712 683 856 749 Velleius
884 683 981 748 deum
1008 687 1211 765 praesentem
1237 688 1270 745 et
1291 680 1483 748 efficientem

125 788 261 854 materia
283 787 458 852 diiunctum
482 785 657 870 separavit.
691 805 754 867 quo
778 782 912 850 artificio
936 783 1058 850 scilicet
1081 803 1192 848 omnes
1219 782 1373 866 deinceps
1393 786 1483 849 uelut

125 890 276 975 plumbeo
299 887 408 971 gladio
431 887 599 970 iugulavit.
633 893 790 954 excusant
805 885 995 952 Ciceronem
1017 885 1108 968 quasi
1131 903 1250 966 graeca
1272 889 1482 968 repetentem.

123 1001 156 1058 at
179 997 360 1058 monstrent
382 989 461 1054 mihi
482 989 535 1054 isti
557 1011 624 1056 non
646 989 751 1056 dicam
773 988 998 1054 Philodemnm
1021 988 1079 1053 sed
1101 986 1277 1070 quemlibet
1294 988 1482 1070 scriptorem

123 1113 275 1176 graecum
297 1091 504 1178 (christianos
526 1111 654 1176 semper
673 1087 824 1174 excipio),
846 1089 900 1172 qni
915 1090 949 1156 in
964 1095 1057 1154 tanta
1072 1107 1221 1154 versuum
1238 1088 1401 1171 paucitate
1416 1097 1483 1156 tam

123 1215 223 1279 saepe
249 1201 380 1277 tamque
407 1192 544 1276 turpiter
571 1192 737 1260 erraverit.
782 1198 890 1257 emant
917 1191 970 1275 qui
1001 1193 1044 1256 ad
1072 1191 1266 1256 Placiterum
1294 1191 1483 1274 confugiunt

123 1296 373 1362 similitudinem.
418 1315 531 1361 rerum
554 1301 604 1360 est
625 1293 670 1360 ibi
698 1313 825 1376 quoque
848 1293 994 1360 Thaletis
1017 1292 1250 1358 Anaximandri
1274 1295 1483 1360 Anaximenis

123 1383 417 1466 deos'enumerari.
450 1403 485 1462 at
506 1396 641 1478 nequis
663 1395 745 1462 falso
768 1415 789 1460 a
811 1396 948 1462 materia
972 1416 1028 1462 eos
1051 1395 1227 1478 diremptos
1250 1396 1396 1462 crederet
1411 1418 1484 1462 eon-

123 1501 227 1585 ceplis
254 1499 362 1566 verbis
390 1505 518 1564 cautum
547 1507 597 1565 cst
619 1499 634 1563 I
657 1500 674 1564 7
701 1508 732 1560 13
754 1501 799 1562 δεῖ
820 1499 853 1561 δὲ
874 1499 1028 1563 ὑπακούειν
1051 1498 1098 1561 ἐπὶ
1120 1503 1178 1560 τῶν
1202 1498 1294 1568 οὕτως
1320 1501 1483 1582 λεγομένων

123 1604 174 1673 τὰς
198 1601 385 1686 ἐνδιηκούσας
406 1607 466 1672 τοῖς
488 1603 642 1687 στοιχείοις
664 1602 684 1684 ἢ
706 1606 766 1670 τοῖς
789 1603 904 1683 σώμασι
925 1602 1069 1684 δυνάμεις.
1115 1599 1271 1664 materiae
1293 1608 1429 1684 vegetae
1452 1611 1484 1669 et

124 1704 249 1772 efficaci
271 1703 474 1770 divinitatem
507 1702 650 1768 tribuere
683 1701 894 1787 physiologos
922 1701 1060 1768 idonens
1094 1701 1186 1767 testis
1214 1709 1264 1768 est
1292 1703 1484 1772 Aristoteles

123 1808 221 1892 phys.
236 1807 321 1870 1114
343 1827 374 1890 p.
390 1806 528 1871 103113
551 1803 590 1870 cl.
607 1803 822 1888 Theophrast.
838 1803 879 1870 de
895 1823 979 1870 sens.
1003 1805 1022 1887 §
1039 1805 1092 1868 42.
1125 1823 1185 1870 nec
1202 1805 1399 1872 Placiterum
1413 1830 1484 1892 pro-

122 1909 210 1976 lecto
233 1909 330 1992 culpa
351 1913 401 1974 est
423 1905 509 1988 quod
532 1913 566 1972 et
588 1906 664 1973 olim
681 1905 794 1972 Cicero
817 1911 850 1971 et
871 1925 975 1988 nuper
988 1905 1145 1972 Boethius
1159 1906 1193 1972 in
1209 1908 1377 1974 ridiculum
1399 1929 1484 1976 erro·

122 2033 192 2078 rem
214 2009 405 2076 inciderunt.
439 2008 481 2074 de
503 2008 721 2091 Anaxagorae
744 2007 896 2091 opinione
919 2014 953 2074 et
973 2008 1081 2074 verbis
1103 2008 1315 2092 ineptioribus
1330 2030 1485 2094 expressa

123 2123 155 2181 et
178 2113 262 2178 mira
283 2110 464 2193 stribligine
486 2110 615 2176 detorta
631 2110 697 2192 egit
711 2108 870 2176 Himelius
893 2130 925 2192 p.
940 2110 992 2175 at.
1026 2109 1206 2178 Philodemi
1222 2111 1401 2195 fragmento
1417 2113 1485 2180 leli·

122 2217 203 2282 eiter
231 2221 360 2282 serrato
383 2213 479 2278 unius
502 2232 575 2280 esse
597 2211 762 2278 Ciceronis
790 2213 843 2278 vel
864 2210 1012 2279 fraudem
1035 2213 1088 2278 vel
1110 2212 1290 2280 socordiam
1313 2215 1483 2282 manifesto

122 2325 224 2403 patet.

202 2419 341 2485 Omnino
362 2419 396 2484 in
419 2417 609 2484 Philodemo
632 2421 786 2500 quantum
809 2415 939 2498 quidem
962 2424 1067 2484 exstet
1089 2417 1168 2482 nibil
1196 2424 1246 2484 est
1266 2419 1360 2484 simili
1384 2422 1485 2488 crimi-

123 2523 251 2588 nationi
275 2521 458 2587 obnoxinm.
497 2538 707 2604 quaeeunque
728 2517 842 2601 dispici
865 2525 1000 2602 possunt
1021 2520 1202 2586 accuratius
1223 2527 1256 2586 et
1278 2524 1486 2607 compositius

125 2625 339 2709 explicantur,
362 2622 543 2690 Stoicorum
566 2621 735 2706 opiniones
757 2618 801 2684 ad
822 2618 975 2686 librorum
998 2629 1221 2706 excerptorum
1244 2624 1388 2692 ordinem
1403 2629 1485 2692 ordi-

122 2733 253 2810 uantur,
275 2726 309 2790 in
332 2724 478 2788 Romano
501 2723 611 2790 omnia
632 2742 751 2805 susque
776 2721 891 2804 deque.
935 2725 1115 2790 cavendum
1143 2731 1193 2791 est
1220 2725 1317 2807 igitur
1345 2749 1387 2796 ne
1416 2730 1485 2795 dili·

121 2835 254 2910 gentem
285 2825 475 2910 scriptorem
504 2826 538 2890 in
564 2825 767 2890 fallaciarum
797 2826 1053 2892 communionem
1082 2827 1264 2911 trahamus,
1294 2832 1484 2913 praesertim

123 2949 198 2994 cum
222 2930 256 2994 in
280 2927 438 2994 Cicerone
459 2935 546 2994 tecta
568 2925 729 3009 quaedam
751 2927 969 2992 calumniandi
991 2929 1074 2994 ratio
1099 2931 1271 3013 polluceat.
1315 2951 1391 2997 nam
1413 2953 1484 2998 cum

121 3029 340 3116 philosophos
354 3030 429 3096 illos
443 3029 503 3096 sub
520 3029 623 3096 Vellei
647 3048 787 3113 persona
810 3029 953 3111 qualibet
975 3031 1138 3112 garriendi
1159 3033 1352 3117 impunitate
1370 3033 1485 3120 obruit,

122 3135 320 3217 Epicuream
342 3132 437 3198 simul
458 3131 624 3199 levitatem
655 3130 826 3196 manifesto
852 3133 1001 3216 exemplo
1031 3135 1165 3202 notarit.
1210 3135 1291 3200 illud
1317 3137 1485 3202 consilinm

120 3235 265 3318 iniquius
274 3234 434 3300 Velleium
450 3233 689 3300 introducturus
705 3233 865 3315 significat
883 3233 900 3298 I
918 3234 939 3300 8
960 3245 993 3298 18
1015 3248 1076 3300 tun
1098 3239 1229 3302 Velleius
1249 3240 1378 3319 fidenter
1399 3260 1485 3316 sone,

120 3347 153 3400 ot
175 3339 278 3401 solent
298 3340 362 3414 isti,
388 3339 467 3402 nibil
487 3347 550 3401 tun
577 3357 686 3400 ceram
709 3357 801 3418 ρκανν
823 3358 861 3401 no
888 3339 1031 3404 debitore
1057 3343 1165 3423 aliquo
1195 3343 1233 3404 de
1257 3362 1293 3404 re
1318 3345 1486 3420 uideretur,

124 3452 286 3525 tamquam
307 3441 399 3504 modo
423 3460 463 3502 ea
485 3441 613 3503 deornm
628 3441 761 3504 concilio
776 3449 805 3502 et
819 3461 859 3502 ec
879 3441 1011 3523 Epicuri
1029 3445 1245 3508 intermundiis
1265 3446 1488 3508 descendisset:

120 3546 253 3619 Audite,
280 3545 394 3624 inquit,
420 3547 481 3608 etc.
524 3561 564 3608 ac
593 3541 740 3607 similiter
765 3547 880 3625 postea
907 3545 927 3622 ἓ
952 3545 1006 3608 94:
1040 3555 1072 3608 tu
1102 3548 1169 3627 ipse
1195 3547 1291 3626 poulo
1320 3556 1392 3610 ante
1418 3569 1486 3610 enm

122 3657 283 3728 tamquam
304 3653 444 3707 senatum
464 3645 716 3726 pbilosophorum
737 3648 902 3722 recitares,
923 3667 1057 3711 nmmos
1078 3650 1165 3711 viros
1187 3649 1329 3728 desipere
1350 3651 1487 3713 delirare

123 3751 274 3813 descistis
302 3768 369 3812 esse
398 3749 534 3812 dicebas.
567 3767 697 3828 qnorum
725 3750 755 3810 si
781 3768 868 3811 nanc
899 3770 1005 3812 oernrn
1029 3752 1109 3814 cidit
1139 3751 1177 3813 de
1203 3761 1320 3814 natura
1349 3754 1485 3827 deornm,

122 3853 294 3916 eamdam
316 3839 364 3914 est'
382 3871 421 3914 ne
442 3852 530 3914 notia
550 3853 591 3914 sit
614 3853 746 3914 omnino.
792 3869 869 3931 ergo
893 3849 1057 3918 Ciceronis
1080 3859 1112 3918 et
1134 3851 1314 3918 Philodemi
1336 3852 1419 3917 ratio
1442 3853 1488 3917 di·

124 3972 233 4018 uersa.
280 3951 355 4016 binc
377 3950 525 4017 dubitare
547 3951 633 4017 subit
654 3971 731 4017 num
754 3951 858 4034 ipsum
880 3951 1104 4018 Philodemnm
1133 3953 1341 4037 descripserit
1364 3952 1487 4020 Cicero.

127 4075 200 4120 cum
223 4052 387 4119 affirment
401 4071 507 4136 paene
523 4074 645 4139 omnes,
667 4053 793 4119 cantius
808 4053 948 4135 loquitur
963 4053 1208 4122 Schoemauuus
1230 4053 1318 4142 [edit
1333 4057 1355 4120 4
1377 4077 1408 4138 p.
1425 4053 1487 4142 18l.

122 4177 219 4239 quem
247 4153 451 4239 impugnavit
478 4154 638 4222 Hirnelius
661 4156 694 4238 [l.
711 4175 737 4220 c.
761 4177 792 4239 p.
808 4154 921 4242 baqql
954 4155 1177 4223 Philodemnm
1198 4157 1269 4225 sine
1291 4157 1377 4223 omni
1399 4158 1489 4223 dubi-

122 4259 249 4326 tatione
279 4255 459 4323 udhibitum
489 4277 561 4323 esse
582 4257 767 4324 arbitratus.
801 4263 834 4324 et
855 4262 943 4323 recte
964 4257 1094 4342 quidem
1117 4260 1302 4345 explicavit,
1325 4280 1381 4324 cur
1398 4279 1419 4326 a
1439 4261 1488 4326 Ci-

124 4380 245 4426 cerone
260 4357 416 4426 Heracliti
432 4365 465 4424 et
479 4359 612 4426 Persaei
628 4359 798 4444 opiniones
819 4357 958 4425 omissae
974 4367 1092 4426 essent.
1125 4363 1213 4446 apud
1228 4362 1388 4428 Graecum
1403 4363 1488 4430 enim

122 4461 283 4528 Heracliti
313 4459 383 4526 sine
410 4459 507 4526 dubio
538 4468 613 4528 sunt
639 4483 669 4546 p.
687 4462 730 4526 iO
751 4480 778 4526 c.
794 4461 831 4524 6·
854 4459 936 4528 haec
964 4461 1068 4528 frusta
1095 4465 1135 4533 ὥς
1162 4486 1250 4550 φησιν
1353 4470 1491 4552 κεραυνὸς

122 4563 205 4628 πάντ’
241 4563 361 4636 οἰακίζει
389 4565 591 4630 καὶκαὶ
618 4566 655 4630 τὰ
686 4565 800 4630 ἐναντία
825 4565 874 4627 τὸν
902 4565 971 4628 θεὸν
1002 4564 1073 4628 εἶναι
1106 4566 1194 4630 νύκτα
1223 4567 1335 4652 ἡμέραν
1362 4571 1489 4654 πόλεμον

122 4668 244 4752 εἰρήνην
267 4684 451 4748 ....quae
474 4685 493 4732 e
516 4668 703 4734 coniectura
724 4665 842 4750 partim
865 4666 994 4749 explevi
1015 4667 1125 4734 Herm.
1147 4667 1229 4734 ΧΠ]
1251 4671 1281 4754 2,
1304 4669 1344 4738 cf.
1361 4672 1489 4756 Hippot.

122 4767 220 4834 reiut.
236 4767 285 4832 IX
301 4768 344 4832 10
365 4787 396 4852 p.
411 4768 486 4852 446,
502 4770 553 4834 23.
578 4769 621 4835 ad
640 4768 780 4853 priorem
795 4773 904 4833 autem
919 4769 1024 4832 locum
1040 4768 1111 4853 ipse
1126 4769 1334 4838 Philodemus
1349 4773 1491 4856 respexit

122 4869 200 4934 dum
217 4867 434 4954 Chrysippum
457 4878 604 4938 recenset
626 4891 658 4954 p.
675 4870 726 4953 81,
744 4869 785 4933 16
807 4870 855 4934 καὶ
871 4874 930 4940 τοῖς
940 4869 1127 4955 Ἡρακλείτου
1150 4880 1316 4939 συνοικειῶν
1335 4918 1343 4934 .
1361 4919 1369 4934 .
1386 4917 1394 4934 ·
1410 4918 1418 4935 ·
1437 4877 1490 4939 κάν

120 4977 163 5058 τῷ
181 4973 294 5057 πρώτῳ
310 4974 362 5055 μὲν
379 4969 433 5057 [sc.
450 4971 520 5060 Περὶ
536 4969 662 5060 φύσεως]
677 4973 738 5055 τὴν
756 4969 874 5036 Νύκτα
897 4971 981 5036 θεάν
1003 4995 1107 5058 φησιν
1130 4974 1219 5039 εἶναι
1241 4977 1445 5060 πρωτίστην
1460 4977 1491 5040 ἐν
