3750 5746
355 384 419 447 330
809 386 911 435 κατα
928 385 1031 436 mc.
1044 386 1071 435 ιι
1085 381 1101 436 3
1113 391 1173 432 τ-.
1190 381 1264 436 ιιι

479 449 1413 542 phuwAncfliifflsfficff1
1428 483 1460 536 νι
1475 497 1494 536 ι.
1507 497 1526 536 ι,
1542 497 1550 532 ι
1569 483 1626 536 τοι

441 626 659 711 Δημόκριτος
687 629 719 692 δὲ
741 629 790 693 καὶ
809 625 1046 713 Έπίκουροςν
1108 627 1305 698 Λεύκιππος
1327 628 1431 693 δὲκαὶ
1453 630 1676 714 Δημόκριτος

396 730 445 792 καὶ
468 727 531 793 ὅσοι
552 731 589 794 τὰ
603 730 698 816 ἄτομα
712 729 893 815 εἰσηγοῦνται
912 731 960 794 καὶ
974 733 1008 794 τὸ
1060 729 1109 794 καί
1138 726 1344 814 Ἐπίκουρος
1380 731 1518 818 οὐδέτερα
1552 732 1675 808 τούτων,

397 832 497 910 κενόν,
531 831 591 895 οὔτ’
628 832 759 920 ἔμψυχον
792 832 860 898 οὔτε
889 833 1009 918 πρυνοίφ
1060 833 1144 916 φύσει
1167 832 1200 895 δὲ
1222 833 1322 918 ἀλόγῳ
1344 833 1378 897 ἐκ
1399 839 1458 900 τῶν
1477 835 1595 918 ἀτόμων
1611 855 1674 898 συν·

396 935 579 1016 διοικεῖσθαι,
601 937 686 1022 φύσει
708 936 741 1000 δέ
763 959 815 1000 τινι
837 936 945 1021 ἀλόγῳ.
1060 936 1183 998 εατῦιτα.

1025 1041 1042 1094 3
1094 1033 1289 1122 Ἔκφαντος
1316 1040 1350 1103 ἐκ
1380 1041 1432 1123 μὲν
1461 1047 1520 1105 τῶν
1554 1039 1708 1122 άτόμωνυ

1060 1141 1226 1205 συνεστάναι
1241 1142 1291 1205 τὸν
1306 1141 1426 1224 κόσμον,
1449 1142 1621 1208 διοικεῖσθαι
1641 1141 1675 1203 δὲ

291 1313 296 1322 ,
1061 1244 1117 1307 ύπδ
1141 1244 1287 1327 προνοίας.

375 1363 387 1400 ⁵
436 1341 680 1428 Ἀριστοτέλης
703 1343 759 1408 ούτ’
786 1343 918 1430 ἔμψυχον
941 1345 1043 1412 ύλονλ
1100 1343 1341 1430 Ἀριστοτέλης
1364 1346 1432 1410 οὔτε
1453 1345 1585 1433 ἔμψυχον
1605 1346 1674 1411 όλον

396 1444 428 1509 δι’
450 1445 519 1512 ὅλου
534 1446 601 1512 ούτε
616 1449 730 1531 λογικὸν
746 1447 812 1511 ούτε
827 1449 925 1532 νοερὸν
941 1445 1008 1510 ούτε
1059 1447 1090 1513 δι’
1130 1449 1200 1514 όλου
1235 1447 1302 1513 ούτε
1330 1451 1446 1532 λογικὸν
1479 1448 1546 1514 ούτε
1574 1451 1674 1534 νοερὸν

395 1551 515 1638 προνοίφ
548 1551 755 1634 διοικούμενον.
798 1551 835 1614 τὰ
869 1551 921 1632 μὲν
953 1549 1007 1634 γὰρ
1058 1550 1125 1615 οὔτε
1155 1551 1276 1636 προνοίη
1306 1551 1510 1634 διοικούμενον.
1549 1553 1586 1616 τὰ
1619 1553 1673 1635 μὲν
1685 1571 1709 1610 1⁰

395 1651 514 1736 οὐράνια
551 1655 660 1718 τούτων
698 1655 813 1717 πάντων
852 1657 1007 1732 κοινωνεῖν,
1057 1655 1112 1739 γὰρ
1123 1653 1243 1738 οὐράνια
1253 1655 1368 1718 πάντων
1385 1653 1496 1717 τούτων
1516 1657 1675 1732 κοινωνεῖν,

396 1755 518 1838 σφαίρας
541 1757 595 1841 γὰρ
617 1755 761 1842 περιέχειν
783 1755 933 1840 ἐμψύχους
959 1755 1006 1818 καὶ
1059 1756 1182 1840 σφαίρας
1205 1755 1259 1840 γὰρ
1280 1755 1426 1842 περιέχειν
1450 1757 1601 1842 ἐμψύχους
1623 1757 1674 1820 καὶ

361 1874 385 1913 1⁰
398 1860 531 1938 ζωτικάς,
553 1859 590 1923 τὰ
612 1860 644 1922 δὲ
666 1859 794 1944 περίγεια
817 1859 939 1942 μηδενὸς
957 1857 1006 1920 αύ-
1059 1859 1193 1936 ζωτικάς,
1213 1859 1250 1922 τὰ
1271 1860 1305 1922 δὲ
1326 1859 1455 1943 περίγεια
1478 1860 1602 1942 μηδενδς
1624 1859 1674 1923 αύ-

394 1963 464 2039 τῶν,
480 1959 569 2046 τῆςδ
590 1961 719 2031 εὐταξίας
734 1962 809 2024 κατὰ
824 1961 1006 2046 συμβεβηκὸς
1057 1963 1133 2039 τῶν,
1156 1959 1252 2046 τῆςδ
1280 1961 1411 2030 εὐταξίας
1433 1961 1509 2024 κατὰ
1530 1962 1674 2047 συμβεβη-

395 2061 430 2125 ού
452 2063 676 2148 προηγουμένως
700 2063 843 2149 μετέχειν.
1058 2063 1108 2132 κδς
1130 2061 1164 2126 οῦ
1186 2063 1411 2149 προηγουμένως
1434 2063 1577 2150 μετέχειν.
1682 2083 1705 2122 ιι

395 2235 422 2312 δ.
449 2248 489 2314 Εἰ
504 2250 683 2336 ἄφθαρτος
699 2254 715 2315 ὁ
731 2250 870 2332 κόσμος.
897 2259 966 2312 047

396 2373 484 2424 EXV
498 2370 603 2424 3514
1318 2419 1321 2426 .

360 2475 384 2514 1⁶
439 2456 650 2542 Πυθαγόρας
672 2458 720 2521 καὶ
742 2457 886 2522 Πλάτων
909 2457 957 2519 καί
980 2458 1039 2529 011
1103 2459 1314 2545 Πυθαγόρας
1347 2461 1418 2544 φησί
1450 2463 1568 2544 γενητὸν
1604 2461 1667 2525 κατ’

395 2558 545 2624 Στωικοὶ
572 2561 689 2644 γενητδν
713 2561 769 2624 ύπδ
793 2560 865 2624 θεοῦ
891 2559 940 2623 τὸν
962 2559 1009 2624 κό-
1061 2563 1188 2628 ἐπίνοιαν
1209 2565 1258 2627 τόν
1273 2562 1393 2644 κόσμον,
1416 2561 1450 2626 οῦ
1466 2564 1673 2649 κατὰχρόνον.

394 2682 476 2744 σμον.
510 2664 558 2727 καὶ
580 2663 709 2748 φθαρτὸν
733 2662 785 2744 μὲν
807 2661 875 2726 ὅσον
897 2661 944 2725 έπλ
967 2666 1040 2744 τῇκ
1102 2665 1248 2731 Πλάτων
1270 2665 1400 2750 φθαρτὸν
1424 2665 1476 2748 μὲν
1496 2667 1544 2730 τδν
1561 2666 1671 2749 κόσμον
1735 2721 1738 2730 .

1059 2811 1260 2824 Ι-ι-ιι-ι-

384 2894 396 2946 l
412 2892 439 2946 δὲ
449 2896 527 2947 οαι.Ε
540 2891 554 2963 H
566 2897 582 2951 6
592 2890 697 2948 όλουίῦι
708 2889 775 2944 ύλων
785 2895 978 2960 omnmo
993 2892 1006 2962 ψ
1095 2887 1111 2938 7
1130 2886 1179 2940 άπὸ
1197 2891 1236 2941 A:
1255 2909 1321 2944 corr.
1340 2894 1397 2944 cod.
1416 2895 1519 2958 August

351 2990 409 3047 post
426 2978 492 3033 ὅλων
510 2983 609 3034 addunt
621 2977 678 3034 οὔτε
691 2980 741 3050 μὴν
755 2978 900 3052 αἰσθητικόν
912 2983 1009 3037 GABO
1097 2973 1130 3028 13
1153 2975 1249 3037 ίωτῑκά
1271 2981 1304 3032 F=
1332 2979 1454 3040 (tmo'uc
1484 2981 1519 3032 0³
1547 2997 1613 3034 corr·
1641 2984 1714 3034 codd·

352 3071 383 3121 cf.
403 3070 435 3133 G,
454 3086 521 3134 quae
540 3071 626 3122 om.E
646 3069 734 3135 Cyrill.
753 3069 783 3120 ef.
806 3071 878 3122 Prol.
900 3089 925 3138 p.
942 3072 973 3126 16
994 3069 1008 3140 ΙΙ
1061 3063 1145 3114 θεοῖο.
1165 3073 1191 3114 εο
1209 3067 1278 3134 Aug.

351 3155 369 3208 8
382 3155 482 3208 πάντων
492 3158 542 3210 EG
557 3157 658 3222 Cyrill.:
673 3153 789 3208 ἁπάντων
802 3157 873 3208 ABG
884 3153 898 3225 ΙΙ
912 3157 944 3210 17
954 3173 1007 3209 κοι-
1097 3149 1128 3201 17
1147 3155 1262 3217 Sequitur
1280 3157 1309 3207 Π
1329 3155 1367 3207 ll
1385 3151 1412 3214 ὃς
1430 3153 1473 3206 καὶ
1494 3184 1518 3190 -
1535 3152 1644 3220 τάξεως,
1663 3165 1715 3208 ίῑῑω

351 3245 463 3295 νωνεῖΕ
484 3239 498 3312 ΙΙ
520 3242 552 3298 15
571 3239 718 3313 Πυθαγόρας
736 3243 779 3295 καὶ
797 3239 905 3296 Πλάτων
924 3245 967 3297 καλ
985 3245 1008 3296 οί
1060 3235 1102 3289 6²
1120 3235 1240 3306 ἄρξασθαι
1254 3269 1287 3280 -
1302 3241 1437 3312 στοιχείου,
1460 3252 1514 3294 tum
1533 3242 1549 3296 6
1566 3252 1578 3292 ο
1595 3241 1670 3294 πέντε
1682 3269 1714 3278 -

351 3325 461 3383 Στωικοὶ
477 3330 521 3384 καλ
539 3333 575 3384 Ει
594 3327 741 3401 Πυθαγόρας
759 3333 803 3384 καὶ
815 3327 923 3384 Πλάτων
941 3341 967 3384 et
984 3331 1007 3383 οί
1058 3327 1163 3390 σφθῖθθν

351 3413 460 3472 Στωικοὶ
469 3429 528 3484 μοστ
535 3413 679 3487 Ἐπίκουρος
690 3419 705 3484 ξ
716 3417 747 3471 10
761 3421 796 3472 G:
807 3415 954 3488 Πυθαγόρας
964 3420 1007 3472 καὶ

351 3505 374 3556 οί
386 3502 496 3558 Στωικοί
508 3507 551 3560 καὶ
565 3507 667 3572 cyrilla
681 3500 829 3576 Πυθαγόρας
842 3506 885 3559 καὶ
898 3505 920 3558 οί
933 3520 1005 3560 στωι-

350 3592 391 3644 κοὶ
404 3594 488 3646 ABG:
507 3596 584 3659 vulgo
603 3588 751 3662 Πυθαγόρας
768 3593 811 3644 καὶ
825 3589 941 3647 Πλάτων.
967 3599 1005 3646 vi-

350 3681 424 3730 detur
441 3684 468 3731 in
488 3683 603 3747 margine
625 3683 705 3733 fuisse
727 3681 771 3732 καὶ
790 3676 898 3733 Πλάτων
915 3681 959 3733 καὶ
982 3680 1005 3732 οἱ

349 3761 459 3818 Στωικοί
476 3769 508 3820 οῦ.
526 3770 598 3820 Prol.
618 3786 643 3835 p.
657 3769 698 3821 11.
720 3769 754 3824 64

355 3882 427 3890 ...ι-
1278 3895 1317 3901 ,-
1343 3895 1398 3901 -,
1422 3893 1701 3902 ,,-,-..,,.,-.,.-.-....-

349 3940 578 3993 TESTIMONIA
596 3940 806 3993 PLUTARCHI
1056 3951 1225 4004 ALIORUM
1243 3953 1294 4002 Ex
1312 3951 1425 4004 ΑΕΤΙΟ
1445 3951 1642 4003 EXCERPTA

384 4030 1005 4104 32ΠΠΠῙΜ.ΔημύκρῑτοςθλκαὶἘπί·
1092 4043 1108 4096 2
1138 4041 1301 4101 θ’θθθύθῐθί.
1324 4047 1362 4096 lv
1388 4045 1420 4099 16
1450 4045 1473 4096 οί
1503 4044 1529 4098 δὲ
1561 4045 1714 4096 παντάπασιν

349 4137 460 4191 κουρος
483 4123 526 4174 καὶ
547 4119 599 4173 ὅσοι
621 4121 653 4172 τῦ
681 4120 763 4190 άτομα
785 4121 938 4192 εἰσηγοῦνται
962 4124 1006 4176 καὶ
1057 4131 1165 4202 ἄψυχον,

348 4207 377 4260 τὸ
387 4209 458 4262 κενόν
471 4207 528 4262 οῦτε
540 4209 655 4279 ἔμψυχον
664 4205 722 4261 ούτε
736 4210 839 4280 προνοίᾳ
852 4208 1005 4278 διοικεῖσθαι,
1091 4217 1110 4273 4
1130 4219 1223 4272 1-12
1242 4217 1316 4276 Idem
1338 4223 1355 4272 1.
1374 4237 1395 4272 ο.
1419 4221 1462 4272 καὶ
1481 4219 1503 4272 οί
1522 4221 1567 4288 μὲν
1585 4216 1640 4270 κατ’
1662 4216 1712 4270 έπί-

349 4295 419 4366 θθσῑῑ
437 4295 463 4347 δέ
482 4314 528 4348 th
546 4295 637 4366 ἀλόγῳ·
1056 4325 1124 4361 νοιαν
1142 4307 1251 4378 γενητόν,
1270 4305 1299 4359 ού
1316 4306 1492 4377 κατὰχρόνον,
1511 4308 1533 4358 ol
1552 4306 1577 4359 δὲ
1596 4307 1712 4376 ἀγένητον

385 4381 496 4441 41de
513 4388 531 4436 1.
546 4401 566 4436 ο.
585 4379 796 4455 Ἀριστοτέλης
815 4384 869 4438 τίετ’
892 4385 1006 4456 ίμψυχον

349 4468 408 4522 δλον
429 4467 462 4523 δι’
488 4468 555 4523 ὅλων
577 4468 634 4523 ούτε
656 4471 756 4542 λογικὸν
774 4470 831 4526 ούτε
848 4473 931 4544 νοερόν
949 4471 1006 4526 ούτε

349 4558 452 4628 προνοίᾳ
470 4557 645 4629 διοικούμενον.
664 4561 696 4612 τὰ
715 4560 818 4631 μὲνγὰρ
831 4559 932 4631 οὐράνια
950 4559 1004 4613 τού-

349 4665 401 4700 των
420 4645 537 4699 άπάντων
555 4655 691 4714 κοινωνεῖν,
710 4649 813 4718 σφαίρας
825 4648 871 4718 γὰρ
884 4647 1005 4718 περιέχειν

350 4733 478 4806 ἐμψύχους
495 4735 539 4786 καὶ
557 4735 677 4800 ζωτικάς,
700 4735 732 4788 τὰ
754 4733 782 4787 δὲ
804 4736 911 4805 περίγεια
930 4734 1005 4806 μηδε-

350 4821 389 4881 νός
408 4821 505 4888 αὐτῶν,
522 4826 569 4892 τῆς
587 4821 613 4874 δὲ
631 4820 745 4883 εύταξίας
763 4823 829 4876 κατὰ
849 4821 1006 4893 συμβεβηκὸς

350 4909 379 4962 ού
400 4911 594 4980 προηγουμένως
612 4911 733 4978 μετέχειν.

375 4995 404 5055 ‘4
426 4999 438 5050 1
464 4995 540 5054 Idem
563 5001 579 5048 l.
599 5015 620 5050 α.
643 4995 779 5066 [ροεοθε]
804 4997 847 5049 καὶ
870 4998 942 5050 ταυτί
961 4997 1005 5066 μέν
