3708 5738
451 365 526 414 κιιιι
545 364 680 412 muttit
698 361 884 412 temones
902 363 954 412 νει.
975 360 1076 412 pets.
1090 357 1132 411 ον.
1146 359 1188 412 33.
1202 358 1245 412 34.
1461 359 1524 422 467

248 528 510 615 Ἀπολλόδωρος
533 530 563 594 ἐν
585 535 628 616 τῷ
653 528 779 614 δευτέρῳ
801 528 873 614 Περὶ
895 526 974 590 θεῶν
998 525 1197 612 Πυθαγορείων
1219 527 1292 592 εἶναι
1314 529 1367 612 τὴν
1389 527 1454 612 περὶ
1474 531 1526 590 τοῦ

164 633 214 696 τδν
237 632 325 696 αύτδν
347 631 419 696 εἶναι
442 632 600 718 φωσφόρον
622 656 654 696 τε
676 633 724 696 καὶ
747 632 867 716 ἕσπερον
890 629 984 699 δόξαν.

229 1129 315 1179 Stob.
335 1129 409 1179 eel.1
428 1125 485 1179 253
503 1145 528 1194 p.
542 1125 602 1180 538.
614 1123 705 1178 54011.
827 1021 868 1086 33

251 1227 373 1313 Ζήνων
398 1229 448 1294 τδν
474 1231 557 1314 ήλιόν
585 1249 657 1314 φησι
686 1227 734 1290 καὶ
759 1227 812 1312 τήν
841 1228 964 1312 σελήνην
991 1225 1039 1288 καὶ
1065 1229 1124 1288 τῶν
1153 1225 1249 1290 ἄλλων
1271 1227 1385 1313 ἄστρων
1407 1229 1528 1294 ἕκαστον

168 1331 242 1395 εἶναι
263 1332 361 1417 νοερδν
383 1333 432 1396 καὶ
454 1333 602 1417 φρόνιμον,
624 1330 740 1415 πύρινον
761 1327 820 1413 (δὲ)
842 1329 932 1413 πυρδς
952 1331 1096 1413 τεχνικοῦ.
1134 1327 1185 1392 δύο
1206 1329 1260 1415 γὰρ
1282 1330 1351 1414 γένη
1374 1331 1473 1416 πυρός,
1495 1332 1529 1394 τὸ

168 1435 221 1518 μὲν
244 1433 364 1519 ἄτεχνον
387 1437 435 1499 καὶ
460 1435 638 1520 μεταβαλλον
661 1432 702 1502 είς
724 1433 810 1495 έαυτδ
832 1433 885 1516 τὴν
907 1433 1032 1517 τροφήν,
1059 1431 1092 1494 τδ
1115 1432 1148 1494 δέ
1169 1433 1301 1518 τεχνικδν
1323 1432 1475 1518 αὐξητικόν
1497 1456 1559 1496 τεο

170 1538 219 1601 καὶ
247 1538 416 1622 τηρητικόν,
444 1537 505 1601 οίον
533 1537 564 1600 ἐν
589 1539 650 1606 τοῖς
675 1519 775 1620 φυτοῖς
797 1534 858 1598 ἐστι
880 1533 929 1597 καὶ
952 1532 1048 1619 ζῴοις,
1072 1534 1088 1596 δ
1111 1535 1148 1617 δὴ
1171 1534 1255 1619 φύσις
1276 1535 1337 1598 ἐστὶ
1360 1535 1409 1598 καλ
1432 1537 1530 1620 ψυχή·

167 1639 299 1703 τοιούτου
321 1641 359 1722 δὴ
381 1640 471 1724 πυρδς
500 1637 572 1704 εἶναι
594 1639 646 1722 τῆν
669 1641 727 1701 τῶν
749 1637 863 1722 ἄστρων
889 1637 999 1700 ούσίαν.
1032 1636 1081 1698 τδν
1104 1637 1137 1699 δέ
1157 1638 1241 1722 ήλιον
1263 1637 1311 1700 καί
1333 1637 1386 1721 τὴν
1407 1639 1530 1722 σελήνην

168 1741 220 1805 δύο
243 1741 334 1826 φορὰς
357 1741 512 1826 φέρεσθαι,
534 1741 586 1825 τὴν
610 1741 662 1823 μὲν
692 1741 748 1803 ὑπὸ
771 1743 822 1803 τοῦ
845 1739 956 1822 κόσμου
979 1736 1029 1802 ἄπ’
1057 1739 1200 1823 ἀνατολῆς
1223 1737 1269 1803 ἐπ’
1297 1740 1456 1824 ἀνατολήν,
1478 1740 1531 1824 τῆν

168 1845 202 1908 δὲ
224 1843 352 1908 ἐναντίαν
375 1848 418 1929 τῷ
441 1843 555 1928 κόσμῳ,
578 1841 682 1929 ζῴδιον
704 1842 738 1906 ἐκ
760 1842 867 1927 ζιρδίου
889 1841 1121 1926 μεταβαίνοντας.
1154 1842 1205 1911 τὰς
1220 1840 1245 1905 δ’
1266 1839 1407 1928 ἐκλείψεις
1421 1843 1531 1906 τούτων

169 1947 315 2030 γίγνεσθαι
345 1946 513 2037 διαφόρως,
539 1944 624 2029 ήλίου
653 1945 705 2027 μὲν
734 1944 799 2028 περὶ
820 1943 872 2012 τὰς
894 1943 1045 2024 συνόδους,
1068 1946 1191 2029 σελήνης
1213 1947 1247 2010 δέ
1267 1945 1332 2030 περὶ
1354 1945 1406 2014 τὰς
1427 1965 1529 2008 πανσε-
1547 1967 1572 2006 ιο

170 2050 285 2133 λήνους.
321 2048 451 2132 γίνεσθαι
473 2047 499 2112 δ’
527 2045 575 2112 ἐπ’
603 2047 777 2132 ἀμφοτέρων
798 2047 850 2117 τὰς
871 2047 1013 2132 ἐκλείψεις
1035 2047 1085 2111 καὶ
1108 2048 1223 2130 μείζους
1244 2048 1293 2112 καὶ
1316 2048 1462 2118 ἐλοίττους.

255 2149 467 2235 Χρύσιππος
493 2151 543 2214 τδν
570 2151 653 2235 ήλιον
680 2149 752 2214 εἶναι
779 2151 812 2213 τδ
839 2145 998 2235 ἀθροισθὲν
1021 2148 1135 2233 ἔξαμμα
1156 2151 1255 2236 νοερδν
1277 2150 1311 2215 ἐκ
1331 2154 1384 2214 τοῦ
1405 2153 1459 2234 τῆς
1480 2148 1532 2214 θα-

169 2254 280 2336 λάσσης
302 2255 552 2337 ἀναθυμιυίματος,
574 2255 745 2338 σφαιροειδῆ
767 2254 800 2316 δέ
822 2251 959 2339 εἶναιτῷ
983 2256 1123 2340 σχήματι.

831 2645 874 2708 34

233 2753 321 2804 Stob.
340 2747 461 2803 eet126

256 2852 380 2938 Ζήνων
401 2853 454 2936 τὴν
477 2852 600 2935 σελήνην
623 2849 731 2937 ἔφησεν
753 2850 857 2936 ἄστρον
880 2851 978 2936 νοερδν
1000 2849 1048 2913 καὶ
1070 2849 1224 2934 φρόνιμον,
1251 2850 1366 2935 πύρινον
1389 2853 1422 2915 δέ
1443 2853 1533 2937 πυρὸς

170 2959 314 3041 τεχνικοῦ.
1551 2981 1574 3017 ιι

258 3055 443 3138 Κλεάνθης
464 3056 601 3140 πυροειδῆ
625 3056 677 3139 τὴν
700 3057 835 3140 σελήνην,
857 3057 987 3140 πιλοειδῆ
1010 3053 1043 3117 δέ
1064 3059 1107 3140 τῷ
1130 3056 1271 3140 σχήματι.

258 3157 467 3243 Χρύσιππος
499 3158 533 3219 τδ
564 3157 722 3241 ἀθροισθὲν
754 3156 869 3242 ἔξαμμα
903 3159 975 3242 μετὰ
1006 3158 1056 3221 τδν
1089 3158 1172 3241 ῆλιον
1205 3159 1304 3243 νοερδν
1333 3159 1367 3222 ἐκ
1395 3164 1448 3223 τοῦ
1475 3161 1534 3224 ἀπδ

172 3266 231 3325 τῶν
258 3261 388 3344 ποτίμων
419 3260 531 3323 ύδᾶτων
564 3261 815 3344 ἀναθυμιάματος·
852 3261 896 3324 διδ
929 3260 977 3324 καί
1010 3259 1122 3328 τούτοις
1154 3258 1321 3344 τρέφεσθαι.
1365 3265 1533 3347 σφαιροειδῆ

174 3366 207 3428 δὲ
222 3363 304 3428 εἶναι.
334 3367 412 3446 μῆνα
427 3363 460 3424 δέ
482 3363 635 3428 καλεῖσθαι
656 3365 709 3447 τῆν
731 3367 783 3426 τοῦ
806 3363 915 3447 δρόμου
931 3353 1023 3446 αὐτῆς
1044 3361 1188 3445 περίοδον.
1226 3363 1288 3444 μείς
1311 3361 1337 3426 δ’
1359 3363 1430 3443 ἐστί,
1452 3365 1535 3451 φησί,

173 3467 206 3530 τδ
239 3465 411 3552 φαινόμενον
444 3469 497 3549 τῆς
534 3468 656 3551 σελήνης
689 3465 761 3550 πρὸς
794 3467 888 3550 ἡμᾶς,
921 3465 942 3549 ή
971 3465 1079 3549 σελήνη
1108 3463 1194 3548 μέρος
1225 3461 1336 3550 ἔχουσα
1362 3468 1533 3552 φαινόμενον
1552 3496 1576 3534 νο

173 3569 245 3654 πρὸς
270 3569 359 3651 ἡμᾶς·

176 3761 187 3811 l
204 3762 235 3810 es.
249 3758 368 3809 Muelleri
381 3755 454 3808 ΒΗΘ
466 3757 481 3807 1
493 3755 545 3806 428
559 3751 572 3825 Η
586 3753 616 3807 τὸ
634 3757 689 3827 περὶ
703 3759 740 3809 As
760 3773 828 3810 corr.
881 3757 941 3810 εἶναι
958 3755 1001 3809 τὸν
1019 3753 1097 3825 ἥλιον.
1115 3751 1181 3824 λέγει
1198 3759 1257 3823 γοῦν
1275 3754 1301 3808 ἐν
1319 3751 1458 3816 Φοινίσσαις
1472 3754 1538 3827 ιήλιε

174 3849 285 3900 Ηεοτειι.
304 3842 333 3896 τὸ
352 3845 448 3893 delevit
465 3845 556 3908 Heyne
880 3842 951 3903 θοαῖς
967 3841 1076 3896 ἵπποισιν
1094 3839 1206 3894 εἱλίσσων
1220 3841 1317 3913 φλόγα,
1336 3843 1362 3896 ἐν
1374 3842 1400 3896 δέ
1414 3839 1538 3898 Φαέθοντι

209 3931 274 3986 δίε.
289 3927 324 3983 33
342 3933 372 3981 cl.
391 3931 463 3983 Prol.
482 3949 506 3996 p.
519 3930 597 3996 73eq.
611 3947 640 3984 νι
653 3948 696 3986 vu
718 3929 731 4000 ll
751 3932 768 3985 4
786 3931 830 3984 καὶ
876 3929 971 4003 ιθερμὴ
994 3930 1021 3981 δ’
1046 3929 1153 3987 ἄνακτος
1176 3927 1237 4000 φλὸξ
1265 3929 1448 4002 ύπτρτίλλυυσοι
1470 3929 1538 4001 γῆς’.

175 4030 234 4073 ante
257 4016 356 4088 πύρινον
383 4019 443 4068 eddi
466 4019 540 4069 iussit
562 4020 664 4071 Heeren
691 4017 704 4088 ll
730 4017 829 4089 πύρινον
882 4022 951 4086 (γοοδ
961 4022 1069 4071 forteeee
1079 4035 1112 4070 ex
1122 4019 1266 4085 Chrysippo
1277 4023 1443 4072 transtulerat
1451 4023 1538 4085 Arius,

174 4110 223 4177 πῦρ
250 4105 285 4164 th<
312 4107 429 4175 τεχνικοῦ
451 4105 485 4156 G:
513 4107 562 4174 πῦρ
590 4103 626 4164 ὡς
651 4109 768 4176 τεχνικοῦ
795 4109 829 4160 Ει
882 4126 915 4160 ex
932 4109 999 4160 Ario
1019 4107 1147 4160 Stobeeue
1165 4108 1196 4156 cf.
1215 4108 1286 4160 Prol.
1305 4125 1329 4173 p.
1343 4108 1377 4162 76

175 4213 239 4247 corr.
258 4197 371 4256 Heeren,
389 4196 486 4244 inserui
505 4189 531 4244 δέ
549 4210 582 4244 ex
601 4213 625 4246 ν.
641 4195 685 4257 14,
709 4197 777 4246 unde
796 4198 830 4246 ei·
920 4195 952 4248 14
975 4197 1091 4260 sequitur
1113 4195 1226 4244 Zenonis
1250 4203 1275 4245 et
1294 4195 1426 4245 Cleanthis
1446 4195 1539 4258 opinio

175 4285 227 4334 mul
246 4283 328 4333 Belei
344 4283 470 4333 Poeidon.
488 4283 515 4346 ρ.
528 4279 561 4334 66
580 4281 707 4332 dubitatio
731 4283 763 4333 de
786 4277 831 4332 πύ-
883 4293 941 4350 ροει
953 4285 1023 4336 ΡΙευ.
1034 4279 1127 4334 nttt
1147 4283 1283 4348 Chrysippi
1301 4291 1358 4348 poet
1369 4283 1398 4333 11
1410 4277 1444 4332 25
1455 4289 1474 4343 t,
1495 4281 1538 4330 ubi

175 4385 240 4438 ρινον
258 4371 357 4420 tollitur
381 4365 393 4436 Η
420 4369 435 4421 6
458 4365 633 4436 διατηρητικόν
654 4371 756 4422 Usener
781 4366 793 4438 ΙΙ
815 4369 831 4422 9
884 4389 941 4422 enm
959 4371 1104 4422 Posidonio
1127 4367 1209 4420 Stoici
1231 4369 1346 4435 plerique
1371 4369 1538 4434 comprehen·

175 4454 367 4525 μεταβαίνοντας
377 4452 465 4524 ζῴδιον
473 4457 615 4508 insolenter
625 4459 727 4508 dietum.
739 4459 832 4509 Theon
884 4459 991 4508 duntur:
1020 4454 1113 4524 μικτήν
1134 4453 1164 4506 ἐκ
1182 4453 1259 4526 πυρδς
1281 4455 1333 4508 καὶ
1356 4455 1445 4524 ἀέρος
1468 4451 1540 4517 [εἶναι

174 4549 202 4596 in
220 4547 296 4596 iimili
315 4560 343 4596 re
361 4545 433 4595 addit
445 4541 479 4601 τίς
491 4551 520 4594 ut
536 4559 558 4594 e.
573 4560 598 4609 g.
616 4553 676 4595 εειτ.
696 4563 721 4610 ρ.
735 4542 787 4597 204
795 4545 832 4596 M.
883 4543 931 4613 τῆν
949 4542 1067 4613 σελήνην]
1087 4544 1155 4607 quod
1174 4543 1208 4592 eb
1226 4545 1326 4595 Arieno
1345 4546 1374 4594 tr.
1388 4541 1422 4596 33
1441 4543 1536 4593 diecre-
1624 4551 1630 4559 ·

174 4630 209 4690 εἰς
234 4632 267 4683 τὰ
293 4627 466 4699 προηγούμενα
488 4634 541 4682 τῶν
564 4629 661 4699 ζῳδίων
685 4631 832 4701 μεταβαίνει.
884 4641 942 4697 μοι,
967 4635 1007 4684 cui
1026 4641 1063 4684 eet
1076 4633 1151 4681 huius
1169 4631 1300 4681 simillime
1316 4633 1400 4682 forme
1418 4631 1448 4680 ef.
1467 4629 1539 4681 Prot.

176 4721 238 4769 Vite
250 4720 326 4784 Pyth.
339 4719 409 4783 eputl
420 4719 498 4769 Phot
511 4717 645 4784 p.440·13
657 4717 700 4770 τὸν
710 4718 833 4788 ῆλιον...
884 4737 910 4786 p.
928 4719 1016 4773 74νιι
1038 4715 1050 4787 ll
1073 4717 1104 4772 16
1124 4713 1242 4786 πηλοειδῆ
1266 4719 1304 4768 A:
1334 4733 1399 4768 corr.
1427 4717 1540 4767 Heeren.

175 4801 331 4873 μεταβαίνειν
338 4803 386 4856 ἀπὸ
396 4803 485 4874 ζῳδίου
494 4805 534 4857 ἐπὶ
544 4803 651 4875 ζῴδιονή
662 4806 693 4860 10
703 4804 834 4876 διαφόρους
885 4804 1007 4875 κωνοειδῆ
1026 4809 1120 4858 frustra
1137 4807 1218 4855 euasit
1236 4805 1344 4856 Krische
1360 4801 1372 4872 [l
1390 4803 1422 4856 19
1435 4799 1540 4872 σελήνην

176 4895 215 4943 A:
243 4908 308 4944 corr.
336 4891 437 4944 Usener
466 4887 480 4958 ΙΙ
510 4893 542 4944 ll
572 4892 669 4960 μείζους
697 4897 735 4945 Δι
767 4910 833 4946 corr.
885 4893 928 4946 καὶ
951 4895 1019 4962 μῆνα
1041 4896 1110 4944 idem
1129 4893 1190 4942 dicit
1208 4891 1366 4957 Chrysippus
1388 4907 1430 4956 ep.
1450 4891 1541 4941 Philo-

177 4981 233 5032 eod.
259 4983 327 5045 Aug.
353 4977 365 5046 ll
396 4977 427 5031 13
451 4982 567 5044 sequitur
589 4977 762 5050 Εὐριπίδης
784 4983 833 5050 πῦρ
885 4983 951 5032 dem.
970 4983 995 5032 d.
1015 4985 1074 5046 piet
1093 4997 1118 5045 γι.
1134 4979 1205 5032 799.
1226 4975 1238 5044 ll
1260 4977 1293 5030 20
1312 4995 1345 5029 en
1365 4975 1457 5047 ἔχουσα
1475 4974 1541 5040 <tlh

1272 5061 1339 5128 30*
