3768 5736
357 420 419 484 372
842 421 943 470 Asin
962 419 1064 470 mc.
1078 419 1119 469 ιιι
1139 419 1226 470 υι-ι

477 487 1465 576 PLUTARCMWWAEQQ
1480 525 1492 572 1
1506 521 1540 573 30
1554 533 1563 568 ι

399 659 556 726 ὑπόστασιν
571 661 676 744 γίνεται
692 662 753 726 οἷον
765 660 872 748 ὄμβρος
884 664 1010 746 χαλαζα,
1063 661 1219 726 ὑπόστασιν
1234 660 1338 742 γίνεται
1354 661 1414 723 οῖον
1430 659 1537 746 ὄμβρος
1548 661 1673 745 χάλαζα,

398 763 434 826 τά
456 763 489 826 δὲ
511 762 570 826 καά
592 762 717 848 ἔμφασιν
740 763 813 828 ίδίαν
836 765 889 828 οὑκ
905 763 1010 850 ἔχοντα
1061 764 1097 826 τὰ
1121 765 1154 826 δὲ
1175 760 1238 826 κατ’
1267 760 1392 848 ἔμφασιν
1411 763 1484 826 ίδίαν
1500 762 1553 826 οὐκ
1568 760 1675 847 ἔχοντα

398 866 574 930 ὑπόστασιν·
618 866 722 930 αὐτίκα
759 870 827 949 γοῦν
865 867 1010 930 πλεόντων
1062 866 1232 930 ὑπόστασιν·
1277 864 1382 928 αὑτίκα
1423 870 1491 948 γοῦν
1530 864 1674 928 πλεόντων

397 971 482 1052 ἡμῶν
498 971 517 1052 η
534 967 651 1052 ἤπειρος
666 967 807 1032 κινεῖσθαι
823 970 910 1032 δοκεῖ·
935 964 1010 1030 ἔστιν
1061 969 1147 1051 ἡμῶν
1164 969 1183 1051 ῆ
1199 967 1317 1051 ἤπειρος
1332 967 1474 1031 κινεῖσθαι
1490 969 1579 1030 δοκεῖ.
1598 965 1675 1030 ἔστιν

374 1069 447 1134 ιυύν
469 1069 531 1134 κατ’
559 1068 684 1156 ἔμφασιν
707 1073 726 1154 ἡ
748 1069 815 1154 ἶρις.
1061 1069 1111 1132 οὑν
1134 1067 1192 1133 κατ’
1220 1067 1345 1154 ἔμφασιν
1368 1072 1387 1153 ἡ
1407 1068 1472 1153 ἶρις.
1699 1087 1712 1124 ⁵

440 1174 586 1239 Πλάτων
617 1174 689 1258 φησὶ
718 1172 888 1255 Θαύμαντος
917 1172 1044 1256 αύτῆνθ
1107 1171 1249 1236 Πλάτων
1276 1173 1348 1257 φησὶ
1382 1171 1553 1256 Θαύμαντος
1584 1171 1676 1256 αὑτῆν

395 1279 599 1359 γενεαλογῆσαι
621 1277 688 1346 τοὺς
711 1275 884 1360 ἀνθρώπους
906 1277 953 1338 διὰ
975 1276 1008 1338 τδ
1059 1277 1265 1358 γενεαλογῆσαι
1287 1275 1354 1344 τοὺς
1373 1275 1546 1358 ἀνθρώπους
1567 1276 1616 1338 διὰ
1641 1277 1676 1337 τδ

395 1381 544 1462 θαυμάσαι
567 1379 684 1462 ταύτην.
712 1374 878 1462 Ὅμηρος·
1060 1378 1210 1460 θαυμάσαι
1232 1377 1349 1460 ταύτην.
1377 1375 1533 1461 ’Όμηρος

458 1483 529 1568 ἠύτε
551 1483 717 1566 πορφυρέην
738 1479 793 1566 ἶριν
815 1482 945 1565 θνητοῖσι
961 1505 1007 1544 τα-
1124 1481 1195 1564 ἠύτε
1216 1480 1382 1564 πορφυρέην
1405 1479 1527 1564 νεφέλην
1543 1479 1675 1562 θνητοῖσι

360 1605 384 1644 ιο
901 1583 1008 1648 νύσσει.
1530 1581 1675 1646 τανύσσει.
1689 1603 1713 1642 ιο

395 1691 440 1752 διδ
463 1690 511 1752 καὶ
534 1686 733 1771 ἐμυθεύσαντό
750 1709 823 1754 τινες
837 1685 928 1769 αὐτὴν
943 1686 1008 1748 ταύ-
1060 1685 1108 1748 καὶ
1131 1683 1330 1768 ἐμυθεύσαντό
1352 1707 1426 1755 τινες
1447 1686 1538 1768 αὐτὴν
1567 1685 1675 1769 ταύρου

395 1815 446 1876 ρου
469 1792 598 1876 κεφαλὴν
614 1788 741 1874 ἔχουσαν
756 1791 926 1874 ἀναρροφεῖν
942 1789 1008 1858 τοὺς
1059 1788 1188 1872 κεφαλὴν
1211 1785 1338 1872 ἔχουσαν
1356 1788 1528 1872 ἀναρροφεῖν
1543 1789 1611 1857 τοὺς
1625 1811 1676 1852 πο-

395 1893 552 1976 ποταμαύς.
1058 1891 1177 1974 ταμούς.

429 1997 498 2066 Πῶς
506 1994 668 2078 οὑνγίνεται
677 1993 745 2079 ίρις;
757 1995 871 2078 δρῶμεν
883 1997 1006 2086 δῆκατὰ
1024 2002 1040 2055 3
1103 1992 1173 2062 Πῶς
1190 1991 1239 2056 οὑν
1255 1994 1392 2076 γίγνεται;
1415 1994 1529 2078 ὁρῶμεν
1546 1995 1583 2079 δὴ
1599 1995 1675 2058 κατά

360 2119 384 2158 ιε
394 2099 528 2183 γραμμὰς
543 2098 563 2180 ῆ
586 2095 648 2160 κατ’
670 2096 786 2168 εύθείας
803 2098 823 2181 ῆ
846 2099 920 2162 κατὰ
936 2123 1007 2181 καμ-
1056 2096 1191 2180 γραμμάς
1208 2096 1228 2178 ῆ
1252 2093 1314 2158 κατ’
1342 2095 1459 2166 εδθείας
1475 2097 1495 2180 ῆ
1511 2099 1585 2162 κατὰ
1601 2123 1672 2182 καμ-
1687 2119 1710 2157 ιι

392 2201 484 2270 πύλας
504 2201 525 2283 ῆ
546 2197 608 2262 κατ’
635 2200 851 2283 ἀνακλωμένας,
873 2201 1007 2284 γραμμὰς
1058 2198 1150 2266 πύλας
1171 2195 1270 2282 ῆκατ’
1299 2198 1516 2280 ἀνακλωμένας,
1538 2203 1673 2286 γραμμὰς

392 2303 544 2388 [ἀδήλους]
561 2301 640 2387 λόγιρ
659 2303 811 2387 θεωρητὰς
827 2303 874 2366 καὶ
890 2304 1008 2386 ἀσωμά-
1060 2302 1093 2364 δὲ
1120 2300 1199 2385 λόγῳ
1228 2301 1380 2384 θεωρητὰς
1407 2301 1455 2364 καὶ
1488 2303 1672 2386 ἀσωμάτους.

391 2430 467 2476 τους.
504 2406 578 2470 κατὰ
589 2406 641 2487 μὲν
654 2403 704 2468 ούν
715 2405 831 2474 εὑθείας
843 2405 958 2488 δρῶμεν
968 2405 1005 2468 τὰ
1023 2409 1039 2460 4
1099 2403 1175 2466 κατὰ
1197 2403 1249 2484 μὲν
1265 2401 1315 2466 οὑν
1330 2403 1447 2474 εὐθείας
1461 2407 1575 2489 δρῶμεν
1590 2407 1627 2468 τὰ
1641 2406 1673 2470 έν

391 2509 421 2571 ἐν
434 2507 497 2592 ἀέρι
513 2509 561 2572 καί
573 2508 613 2586 ,τά
627 2508 675 2571 διὰ
686 2511 744 2570 τῶν
756 2507 848 2570 λίθων
859 2511 918 2570 τῶν
931 2509 1006 2570 διαυ-
1058 2505 1121 2588 ἀέρι
1143 2505 1191 2568 καὶ
1214 2505 1250 2568 τά
1272 2505 1320 2569 διὰ
1342 2510 1400 2570 τῶν
1415 2507 1507 2571 λίθων
1522 2511 1580 2572 τῶν
1596 2510 1673 2572 διαυ-

356 2615 450 2694 ννγών
461 2611 509 2672 καί
521 2611 661 2696 κεράτων,
675 2612 838 2693 λεπτομερῆ
851 2609 905 2692 γάρ
916 2613 1006 2674 ταῦτα
1057 2611 1116 2691 γῶν
1153 2608 1201 2672 καὶ
1238 2610 1381 2692 κεράτων,
1416 2612 1580 2693 λεπτομερῆ
1616 2610 1709 2694 γὰρνο

389 2715 492 2778 πάντα.
549 2712 701 2794 καμπύλας
724 2711 757 2774 δὲ
779 2711 913 2794 γραμμάς
935 2710 999 2776 καθ
1024 2725 1040 2778 5
1058 2713 1150 2774 ταῦτα
1168 2710 1270 2774 πάντα.
1324 2711 1476 2794 καμπύλας
1491 2713 1524 2776 δέ
1538 2713 1673 2796 γραμμὰς

391 2815 493 2884 ύδατος
509 2813 651 2899 βλέπομεν
663 2812 822 2896 γινομένας.
843 2815 1003 2896 κάμπτεται
1055 2809 1119 2876 καθ’
1141 2813 1243 2883 ύδατος
1259 2812 1416 2898 βλέπομεν·
1440 2816 1600 2898 κάμπτεται
1615 2817 1670 2900 γάρ

389 2917 443 2999 γὰρ
465 2918 485 3000 ἡ
509 2915 574 3001 ὄψις
596 2915 645 3000 βίη
672 2915 719 2978 διὰ
746 2916 798 2999 τῆν
827 2917 1003 3001 πυκνοτέραν
1055 2913 1162 3000 ῆόψις
1189 2915 1238 3000 βία
1260 2915 1308 2978 διὰ
1334 2915 1386 3000 τὴν
1414 2917 1589 3002 πυκνοτέραν
1618 2923 1671 2982 τοῦ

388 3023 439 3080 τού
463 3019 566 3090 ύδατος
590 3019 672 3101 ὑλην·
696 3017 741 3081 διδ
763 3017 811 3080 καλ
832 3019 884 3102 τῆν
899 3021 1002 3102 κώπην
1055 3017 1158 3087 ύδατος
1181 3017 1266 3100 ύλην·
1300 3019 1345 3082 διδ
1369 3020 1417 3083 καὶ
1439 3019 1491 3104 τῆν
1514 3023 1616 3104 κώπην
1638 3021 1669 3084 ἐν

353 3121 419 3184 νοέν
434 3125 472 3204 τῆ
488 3120 625 3203 θαλάσση
638 3119 785 3204 μακρόθεν
797 3118 1002 3202 καμπτομένην
1053 3142 1091 3204 τη
1119 3120 1256 3203 θαλάσση
1287 3121 1434 3206 μακρόθεν
1462 3123 1669 3206 καμπτομένην
1682 3143 1706 3181 ιο

388 3224 514 3306 δρῶμεν.
567 3222 660 3306 τρίτος
686 3222 792 3306 τρόπος
813 3225 864 3286 τοῦ
887 3221 1002 3307 βλέπειν
1022 3237 1037 3290 ss
1057 3222 1209 3308 βλέπομεν.
1259 3223 1352 3308 τρίτος
1366 3223 1471 3308 τρόπος
1486 3228 1538 3287 τοῦ
1554 3224 1669 3311 βλέπειν

388 3325 423 3388 τά
454 3325 645 3406 ἀνακλώμενα
676 3328 716 3396 ώς
745 3327 781 3390 τά
810 3326 1000 3409 κατοπτρικά·
1053 3325 1090 3388 τὰ
1118 3326 1310 3406 ἀνακλώμενα
1339 3328 1379 3394 ώς
1411 3326 1448 3389 τά
1482 3329 1669 3411 κατοπτρικά.

387 3425 463 3490 ἔστιν
486 3425 537 3490 οὑν
559 3427 592 3489 τὸ
614 3432 667 3512 τῆς
689 3426 777 3512 ἴριδος
798 3427 893 3497 πάθος
910 3432 1001 3492 τοιού·
1052 3423 1127 3490 ἔστιν
1150 3425 1200 3490 οὑν
1222 3428 1255 3490 τδ
1278 3431 1330 3511 τῆς
1353 3425 1441 3512 ίριδος
1461 3429 1556 3500 πάθος
1577 3435 1669 3494 τοιοῦ-

388 3552 446 3592 τον.
490 3531 535 3592 δεῖ
565 3529 619 3613 γάρ
654 3530 805 3614 ἐπινοῆσαι
833 3531 886 3614 τὴν
914 3531 1001 3614 ὑγρὰν
1051 3547 1114 3592 τον·
1154 3531 1200 3592 δεῖ
1227 3529 1280 3614 γάρ
1310 3529 1461 3614 ἐπινοῆσαι
1494 3531 1547 3615 τῆν
1582 3533 1669 3617 ὑγρὰν

351 3649 376 3686 ³⁰
389 3631 580 3713 ἀναθυμίασιν
599 3631 639 3700 είς
654 3631 739 3717 νέφος
755 3633 1001 3718 μεταβάλλουσαν,
1051 3631 1244 3713 ἀναθυμίασιν
1263 3632 1304 3702 εἰς
1319 3633 1404 3718 νέφος
1420 3635 1666 3720 μεταβαλλουσαν,
1679 3656 1704 3694 ao

386 3731 448 3796 εἶτα
470 3733 503 3796 ἐκ
522 3733 625 3796 τούτου
640 3735 714 3798 κατὰ
730 3735 824 3820 βραχὺ
840 3734 880 3804 εἰς
896 3735 1000 3818 μικρὰς
1051 3729 1114 3795 εἶτα
1136 3731 1169 3796 ἐκ
1189 3733 1291 3798 τούτου
1307 3735 1381 3798 κατά
1397 3736 1492 3821 βραχύ
1508 3735 1549 3806 εἰς
1565 3737 1668 3822 μικράς

388 3835 503 3919 ῥανίδας
519 3834 694 3908 νοτιζούσας.
730 3835 798 3900 ὅταν
821 3833 870 3900 οὑν
887 3837 1000 3920 δῆλιος
1052 3835 1167 3919 ῥανίδας
1190 3837 1365 3909 νοτιζούσας.
1400 3837 1468 3901 όταν
1488 3837 1539 3902 ούν
1555 3841 1571 3902 ὑ
1586 3841 1668 3924 ἥλιος

383 3937 499 4022 γένηται
516 3937 556 4007 είς
572 3939 692 4020 δυσμάς,
715 3939 825 4021 ἀνάγκη
842 3941 922 4000 πᾶσα
943 3935 998 4020 ίριν
1050 3937 1166 4020 γένηται
1189 3937 1219 4002 ἐν
1236 3941 1368 4021 δυσμαῖς,
1391 3941 1501 4024 ἀνάγκη
1517 3945 1598 4005 πᾶσα
1610 3939 1667 4026 ἶριν

382 4039 513 4123 ἄντικρυς
530 4039 614 4123 ἡλίου
629 4040 798 4124 φαίνεσθαι·
820 4039 886 4103 τότε
901 4041 920 4123 ῆ
933 4037 998 4123 ὄψις
1050 4037 1181 4125 ἄντικρυς
1196 4041 1281 4125 ἡλίου
1298 4041 1468 4126 φαίνεσθαι·
1496 4042 1562 4106 τότε
1575 4043 1665 4127 γὰρὴ

349 4145 590 4227 ετπροσπεσοὺσα
612 4145 675 4210 ταῖς
698 4142 805 4228 ῥανίσιν
828 4143 997 4220 ἀνακλᾶται,
1049 4139 1114 4227 όψις
1142 4147 1346 4228 προσπεσούσα
1373 4149 1436 4216 ταῖς
1464 4145 1571 4231 ῥανίσιν
1598 4147 1664 4210 ἀνα·
1677 4165 1701 4206 νο

342 4265 397 4271 --
401 4265 543 4274 -—---—-

376 4316 391 4368 θ
410 4314 485 4382 φησὶν
506 4315 535 4366 ὲκ
552 4316 573 4368 Β
591 4312 604 4384 β
618 4311 747 4384 θαύματος
763 4319 824 4368 AB:
843 4327 911 4369 τουτο
931 4318 997 4369 (ici.
1088 4314 1100 4365 l
1121 4312 1172 4366 οῖον
1190 4313 1280 4383 γίνεται
1298 4321 1336 4370 A:
1356 4323 1513 4387 transposuit
1530 4321 1634 4372 Ηεετεα

339 4403 407 4452 ΡΙετ.
418 4403 526 4454 Thesei.
538 4421 563 4468 p.
574 4401 646 4456 1551>
663 4399 920 4472 118“11μηροςΡ547
936 4400 948 4470 'ii
967 4403 996 4454 ll
1086 4402 1102 4454 6
1120 4398 1273 4468 θαυμαστῶς
1292 4409 1330 4458 A:
1350 4423 1414 4458 corr.
1434 4407 1531 4458 Οειινετ

339 4505 401 4545 τινες
418 4489 596 4554 Pythagoreos
610 4494 736 4557 intellegit
748 4492 853 4543 Lobeeii
867 4491 997 4554 Aglaoph.
1086 4487 1102 4540 9
1120 4485 1179 4556 ῆντα
1196 4492 1217 4542 ii
1236 4491 1300 4555 [om.
1319 4495 1383 4544 haec
1395 4493 1429 4557 C]
1449 4489 1462 4560 ῥρ
1482 4491 1588 4562 νεφέλην
1606 4495 1641 4544 F:
1658 4491 1707 4561 ἶριν

339 4575 399 4638 895,
411 4593 437 4628 ο.
455 4578 501 4628 sed
520 4578 599 4628 distat
617 4579 675 4628 Aoi.
690 4577 743 4630 V4
761 4579 800 4628 1v
816 4577 846 4630 17
868 4573 880 4641 il
904 4575 935 4626 14
954 4573 997 4626 οὑν
1049 4577 1178 4628 Homerus
1197 4581 1228 4630 ei.
1247 4582 1314 4632 Plut.
1337 4577 1350 4648 β
1370 4575 1477 4648 θνητῆσι
1495 4578 1592 4632 τανὺσει
1610 4583 1631 4632 F

339 4663 400 4714 AB:
419 4664 477 4731 γοῦν
496 4665 517 4715 C
533 4661 545 4732 11
564 4663 594 4716 17
614 4660 720 4732 ἀδήλους
739 4665 823 4716 delevi
839 4659 852 4730 ῥΙ
867 4660 900 4714 θ7
919 4661 995 4714 ἀνακ-
1084 4662 1116 4715 17
1136 4661 1161 4715 ii
1180 4661 1246 4735 λέγω
1265 4670 1356 4734 vulgo:
1376 4671 1476 4719 eorrexi
1490 4685 1522 4719 ex
1535 4671 1604 4720 Piut„
1624 4673 1707 4734 potuit

337 4747 438 4817 τώμινα
458 4753 482 4801 Α
503 4749 516 4818 Η
536 4750 567 4804 31
589 4750 619 4802 ἐκ
637 4749 726 4804 τούτου
739 4751 776 4802 G:
799 4748 829 4800 ἐκ
847 4753 892 4800 τοὺ
911 4750 993 4814 (Δροε
1044 4753 1122 4802 otiam
1140 4761 1199 4818 ροετ
1215 4751 1282 4822 λέγω
1300 4756 1360 4806 addi
1379 4752 1446 4824 λόγῳ

338 4855 388 4890 om.
402 4839 425 4890 B
439 4835 451 4906 β
468 4837 501 4891 33
519 4835 553 4896 τίς
571 4835 665 4906 δυσμάς
684 4838 789 4901 (AJBcz
809 4835 834 4888 lv
847 4835 928 4907 δυσμῆ
944 4835 992 4906 Gi!
1082 4835 1116 4890 33
1135 4842 1216 4890 πᾶσαν
1234 4843 1268 4893 F:
1291 4859 1356 4894 corr.
1377 4843 1478 4894 Heeren
1505 4844 1536 4893 oi.
1561 4844 1601 4893 Io.
1625 4843 1707 4894 (initi.

336 4929 404 4976 πᾶσα
433 4927 493 4978 AB:
521 4927 602 4976 πᾶσαν
625 4927 671 4978 GC
697 4923 709 4992 11
740 4923 774 4978 34
801 4923 858 4976 τότε
885 4927 923 4977 (δι
953 4922 994 4976 θττ
1044 4925 1188 4978 Schneider
1206 4931 1253 4978 ecl.
1273 4931 1346 4996 phys.
1364 4929 1443 4982 1400

337 5010 431 5076 (Δ)Βο
