3756 5736
747 355 1024 407 rnonasonrrus
1500 355 1562 420 199

287 517 472 602 ibidemque
493 540 525 603 p.
542 519 615 604 289,
631 521 651 584 3

245 624 319 686 alii
339 624 519 688 eohhmant
536 625 658 686 animos
671 626 776 687 stodor
798 626 860 687 eli-
953 623 1041 689 Plae.
1057 625 1135 692 IVl
1156 635 1173 688 4
1207 623 1387 710 Δημόκριτος
1410 623 1565 688 Ἐπίκου-

200 745 256 788 sas
289 745 421 807 corpore
452 726 532 789 soloi
566 745 605 788 aa
643 727 795 807 dissipari
826 729 858 790 in
910 749 967 810 ρος
988 727 1123 812 φθαρτὴν
1145 735 1188 814 τῷ
1212 732 1326 811 σώματι
1349 730 1564 813 συνδιαφθειρο-

199 830 361 909 principia
374 849 435 893 sua
450 831 530 892 inter
545 847 622 910 qaas
642 829 834 910 Epicurus.
849 830 856 862 ¹
910 828 1010 912 μένην.

244 933 303 994 alii
317 933 437 996 solidas
454 931 575 1014 paidom
589 939 754 1014 postquam
769 936 857 996 eroic-
952 935 997 1000 IV
1015 933 1069 996 73
1106 936 1134 998 ol
1160 933 1310 998 Στωικοὶ
1343 932 1473 1002 ἐξιοῦσαν
1507 936 1565 996 τῶν

198 1037 264 1098 rial
291 1036 484 1116 decerpam
514 1053 713 1115 permanere,
746 1035 858 1099 demde
910 1042 1055 1123 σωμάτων
1078 1039 1203 1122 διαρκεῖν
1227 1037 1278 1119 μὲν
1301 1037 1350 1100 nal
1370 1035 1439 1099 καθ’
1461 1037 1566 1106 ἑαυτὰς

201 1147 303 1201 tractu
318 1140 467 1220 tempor-is
479 1139 640 1220 dissipari.
663 1139 739 1202 haec
750 1125 856 1220 opinio
910 1147 963 1227 ζῆν
986 1139 1112 1226 ἔφασαν,
1142 1140 1217 1204 ἀλλὰ
1242 1140 1295 1223 τὴν
1322 1140 1374 1221 μὲν
1397 1139 1565 1202 ἀσθενεστέ-

200 1242 422 1304 Sloiearam.
909 1269 961 1329 ραν
1064 1241 1106 1307 ἐπ’
1135 1243 1240 1326 ὀλίγον,
1266 1243 1319 1325 τὴν
1342 1240 1375 1304 δέ
1395 1263 1428 1323 γε
1451 1241 1565 1325 ἰσχυρο-

244 1347 302 1409 alii
320 1347 458 1426 intepras
481 1344 630 1408 decedere
650 1345 743 1408 siomi
763 1365 855 1408 oene-
908 1348 992 1432 τέραν
1017 1345 1178 1430 ...μέχρι
1200 1350 1252 1429 τῆς
1274 1350 1325 1409 τοῦ
1348 1345 1454 1413 παντὸς
1476 1346 1560 1407 ἐκπο-

199 1449 262 1508 rint
291 1449 325 1510 in
352 1465 490 1528 corpora
519 1456 548 1511 et
575 1467 695 1529 semper
720 1467 856 1512 manere.
908 1454 1038 1536 ρώσεως.

198 1551 276 1613 hoca
309 1553 482 1614 auotoritas
514 1551 548 1612 in
581 1551 662 1614 daos
694 1553 856 1634 opiniones

199 1653 363 1716 scinditur.

242 1757 300 1818 alii
329 1757 409 1819 enirn
436 1756 543 1819 dicunt
570 1755 719 1821 liberatas
740 1777 761 1821 a
782 1760 856 1824 oin-

199 1859 270 1921 oula
292 1861 434 1939 corporis
456 1861 489 1922 in
511 1859 631 1922 caelum
645 1862 759 1923 reverti
774 1861 855 1924 inter

146 1983 150 1992 ·
199 1981 278 2044 pum
291 1969 364 2025 sant
382 1963 625 2043 Peripatetici
639 1973 667 2025 et
683 1982 751 2052 cum
766 1964 855 2028 Pla-

199 2073 284 2128 tone
304 2085 362 2128 sno
386 2065 606 2129 Academici.

241 2169 299 2230 olii
333 2169 381 2231 ire
415 2187 473 2249 per
510 2187 648 2249 corpora
691 2169 856 2232 multorom

197 2273 391 2348 animatione,
407 2273 687 2353 quadripentesimo
703 2291 855 2353 sessape-

197 2377 277 2439 simo
304 2385 332 2439 et
361 2375 460 2437 allero
486 2393 570 2438 anno
591 2395 703 2440 rursus
724 2375 757 2437 in
779 2395 854 2438 cor-

196 2495 280 2558 pora
294 2479 407 2540 reverti
420 2478 571 2541 humana:
592 2479 683 2542 haias
698 2481 854 2560 opinionis

198 2582 342 2644 conditor
363 2581 613 2662 Pythoporos.

283 2683 373 2767 prius
396 2688 494 2766 eaput
511 2683 553 2749 de
569 2683 703 2749 somniis
717 2683 888 2752 universae
905 2687 1102 2751 Plaeitorum
1118 2686 1235 2750 rationi
1251 2686 1400 2770 concinit,
1423 2688 1482 2753 sed
1496 2689 1524 2755 V
1540 2690 1560 2754 2

198 2791 263 2858 πῶς
284 2785 389 2870 ὄνειροι
411 2788 534 2868 γίνονται
556 2807 623 2852 nen
646 2793 754 2870 potest
776 2787 967 2870 comparari,
991 2789 1067 2870 quia
1088 2788 1265 2854 Democriti
1285 2789 1446 2856 Stratonis
1461 2791 1560 2856 Hero-

198 2887 279 2973 phili
301 2894 427 2954 lantmn
449 2888 631 2955 sententiae
659 2896 798 2956 exstant.
843 2890 982 2955 Varroni
1008 2909 1091 2972 quae
1114 2890 1223 2975 opinio
1245 2891 1405 2977 tribuitur,
1428 2891 1559 2958 dubium

198 3013 265 3058 non
288 2998 338 3058 est
359 2992 436 3075 quin
457 2990 678 3075 Empedoclea
701 2992 752 3076 sit,
776 2992 862 3076 quod
884 2992 1050 3059 Usenerus
1072 2994 1219 3060 coniecit.
1251 2993 1338 3060 idem
1360 2995 1495 3059 alteram
1518 2994 1560 3061 de

197 3094 308 3160 anime
334 3093 451 3160 seriem
478 3093 547 3159 sine
574 3093 760 3161 testimonio
789 3094 942 3160 traditam
971 3103 1058 3162 recte
1086 3095 1210 3162 auctori
1237 3117 1296 3162 suo
1318 3095 1497 3162 vindicavit
1528 3103 1561 3162 et

198 3195 416 3279 loghistoriois
452 3196 591 3262 maxime
625 3198 778 3264 collectas
812 3197 968 3263 eiusmodi
1007 3198 1185 3264 sententias
1212 3198 1419 3282 assignavit¹.
1464 3219 1560 3283 quam

200 3298 387 3382 opinionem
410 3298 581 3365 Censorini
604 3299 789 3365 testimonio
812 3301 892 3366 satis
914 3299 1138 3366 stabilivimus.

285 3400 454 3484 Cognatas
477 3401 611 3484 originis
634 3409 708 3467 sunt
730 3422 814 3486 quae
834 3401 1117 3469 Reifferscheidius
1139 3423 1179 3468 ex
1201 3401 1343 3469 Isidori
1363 3403 1502 3470 maxime
1518 3404 1559 3470 de

199 3509 316 3568 natura
337 3521 443 3568 rerum
459 3504 652 3586 compendio
674 3503 820 3570 Suetonii
836 3504 926 3569 Prati
948 3503 1031 3569 libro
1046 3505 1094 3568 IX
1116 3504 1260 3570 inseruit.
1293 3525 1360 3570 non
1381 3505 1472 3569 nulla
1488 3525 1559 3569 eum

199 3605 331 3672 Placitis
360 3604 534 3670 convenire
564 3606 621 3672 ille
650 3607 753 3690 probe
782 3611 994 3690 perspexerat
1022 3626 1094 3671 eum
1123 3606 1268 3672 Suetonii
1298 3629 1344 3691 pr.
1369 3607 1462 3672 Caes.
1485 3604 1557 3672 libr.

198 3709 309 3791 reliqu.
334 3728 366 3791 p.
381 3709 458 3773 444:
493 3711 649 3786 isidoras,
675 3709 789 3792 inquit,
812 3711 936 3772 easdem
957 3711 1024 3790 sere
1047 3714 1241 3792 quaestiones
1263 3712 1423 3774 naturales
1446 3719 1561 3773 tractat

199 3832 277 3894 meos
297 3814 433 3892 scriptor
455 3815 594 3876 &occas
617 3833 705 3895 quem
723 3814 920 3877 Plutarchum
942 3833 1008 3876 csse
1030 3813 1136 3876 dicrrnt
1158 3816 1190 3876 in
1209 3815 1337 3894 placitis
1357 3813 1560 3894 philosopho-

271 4001 328 4054 ¹ci.
347 4019 372 4070 p.
392 3999 482 4066 304,9
505 4003 648 4054 seeundum
674 3998 819 4068 Epicureos
843 4002 887 4067 qai
909 4001 1002 4054 dieunt
1025 4011 1085 4067 port
1111 4011 1219 4054 mortem
1243 4001 1361 4053 animam
1383 4019 1437 4052 non
1460 4001 1560 4053 durare

197 4089 245 4142 sed
263 4090 373 4141 interire
391 4104 449 4140 eum
467 4104 585 4155 corpore.

269 4173 322 4242 πρ.
336 4173 396 4238 221,
416 4177 449 4226 ad
468 4176 672 4244 ndidemque
696 4173 782 4228 Varro
807 4191 882 4242 paam
906 4175 935 4226 in
955 4175 1129 4242 lophistoricis
1153 4177 1204 4229 hac
1229 4177 1332 4228 ratione
1345 4175 1560 4244 philosophorum

198 4263 340 4315 sententias
359 4263 527 4330 corrposaisse
545 4265 587 4315 oel
602 4266 691 4330 potius
710 4265 859 4332 conpositas
882 4279 913 4314 ec
932 4262 1020 4313 eodem
1040 4262 1107 4314 libro
1126 4281 1201 4330 quem
1217 4273 1326 4332 praetor
1345 4262 1482 4315 Stohaeam
1498 4278 1558 4330 per-

198 4351 285 4402 sonati
298 4349 456 4402 Plutarchus
476 4361 499 4401 et
515 4349 632 4402 Galenus
651 4351 738 4416 [nobis
755 4368 802 4417 pro
816 4353 855 4401 his
868 4353 992 4402 dicendas
1004 4353 1109 4416 Attius]
1131 4351 1339 4418 compilaverunt
1357 4351 1483 4416 repetisse
1503 4349 1558 4400 ido-

195 4453 260 4488 neus
279 4447 371 4490 auctor
390 4447 428 4489 est
447 4435 615 4490 Censorinus.
644 4441 770 4490 Varronis
793 4441 896 4489 animae
915 4441 1087 4504 patrocinium
1106 4441 1194 4489 laudat
1213 4440 1371 4490 Claudianus
1391 4439 1513 4488 Mamert.
1532 4437 1557 4487 d.

196 4533 254 4576 stat.
273 4541 314 4576 sn.
327 4525 384 4577 117
405 4525 444 4580 Μ.
469 4523 555 4577 Varro
575 4526 618 4576 sni
635 4523 735 4576 saccali
750 4526 927 4589 peritissimus
946 4535 971 4576 et
990 4534 1054 4576 teste
1076 4524 1165 4576 Tullio
1184 4526 1300 4576 omniunt
1319 4526 1377 4576 sine
1395 4524 1560 4576 dubitatione

198 4610 362 4664 doctissimus
381 4613 446 4679 qaid
465 4614 493 4664 in
511 4613 618 4664 musicis
637 4611 701 4678 quid
714 4613 743 4663 in
756 4613 927 4664 arithmeticis
946 4612 1011 4678 quid
1023 4613 1053 4662 in
1065 4613 1230 4679 peonretrieis
1250 4613 1312 4678 qaid
1331 4613 1358 4663 in
1377 4609 1559 4680 φιλοσοφουμέ-

196 4715 247 4748 νων
274 4697 348 4750 libris
371 4699 464 4751 diuina
487 4699 604 4766 quadam
629 4699 811 4764 disputatione
834 4699 970 4751 contendit
995 4699 1049 4750 nisi
1072 4709 1098 4750 at
1116 4717 1132 4749 a
1151 4699 1298 4751 visibilibus
1325 4697 1361 4748 ad
1380 4696 1525 4752 invisibilia
1543 4715 1560 4746 a

199 4783 326 4837 localibus
350 4787 387 4838 ad
410 4785 532 4839 illocalia
550 4803 567 4835 a
588 4785 719 4850 corporeis
743 4785 780 4835 ad
803 4787 960 4853 incorporea
978 4786 1052 4837 miris
1077 4796 1199 4838 aeternae
1221 4787 1288 4837 artis
1312 4783 1396 4835 modis
1421 4783 1559 4848 abstraho,

197 4873 313 4923 animum
337 4883 361 4924 et
384 4875 413 4924 ia
440 4891 553 4938 corpora
576 4873 624 4924 hoe
648 4882 686 4924 est
714 4873 743 4922 in
767 4873 880 4924 adversa
903 4873 954 4924 sihi
978 4871 1114 4939 dilapsum
1138 4873 1179 4923 sui
1198 4883 1335 4937 compotem
1348 4870 1457 4937 saciati
1474 4871 1517 4919 cai
1536 4872 1560 4918 si

198 4977 291 5027 corpus
309 4970 379 5013 esset
396 4977 490 5027 oar-pas
510 4961 652 5012 aduersum
671 4977 727 5012 esse
746 4977 800 5012 non
814 4971 913 5026 posset.
