3710 5730
309 384 350 448 22
598 388 611 434 1
646 387 696 434 DE
715 385 984 436 PLUTARCHEAE
1004 385 1190 434 EPITOMES
1209 384 1379 455 usmetun

311 556 513 638 μεσημβρινός.
548 553 662 638 quodsi
683 553 876 620 scholiorum
895 552 1059 618 Diodorus
1080 552 1166 617 idem
1189 559 1239 618 est
1261 573 1332 618 cum
1348 551 1495 619 Achilleo
1510 589 1553 600 --
1567 571 1672 636 neque

310 655 405 722 video
428 655 505 739 qnid
528 656 634 722 obstet
657 692 698 702 -
720 655 811 722 Arati
835 675 935 722 cause
958 655 1044 720 illius
1071 655 1334 720 commentarium
1362 655 1578 739 conscriptum
1601 676 1673 722 esse

311 757 510 842 putabimus,
533 758 623 824 cuius
645 759 773 842 quidem
797 758 979 824 Tullianam
1002 763 1144 823 aetutem
1165 757 1434 823 studiosissimam
1455 757 1555 824 luisse
1577 779 1672 824 nemo

310 867 361 924 est
375 859 451 942 quin
474 861 564 926 sciet.
588 882 628 926 ex
643 861 735 925 Arati
758 861 886 943 quidem
910 858 1041 924 scholiis
1064 858 1235 924 coniuncte
1257 879 1328 924 cum
1345 858 1521 924 Posidonio
1544 867 1673 926 servata

314 961 442 1027 videtur
464 963 598 1028 Diodori
622 963 742 1028 mentio
765 962 853 1045 apud
875 959 1016 1026 Maerob.
1034 961 1066 1026 S.
1083 961 1168 1043 Scip.
1185 961 1199 1024 l
1217 962 1256 1024 15
1274 978 1301 1030 3.

395 1064 509 1146 Neque
530 1072 639 1132 temen
661 1064 764 1147 ipsum
789 1064 965 1129 Diodorum
989 1061 1138 1126 monibus
1167 1063 1334 1146 usurpavit
1355 1063 1513 1146 Achilles,
1543 1063 1601 1129 sed
1623 1085 1674 1130 eu-

311 1173 456 1249 oerptnm
483 1167 524 1232 ab
547 1167 713 1233 Eudero.
758 1165 800 1231 de
830 1165 996 1248 multiplici
1025 1164 1172 1230 doctrine
1199 1163 1267 1230 eius
1295 1165 1355 1230 viri
1386 1163 1520 1230 inferius
1551 1167 1673 1249 loquar.

311 1289 396 1332 nuno
420 1269 608 1334 brevissime
631 1275 823 1352 argumenta
848 1287 1022 1352 apponam,
1046 1267 1131 1332 unde
1152 1265 1257 1348 quivis
1279 1266 1356 1347 quid
1373 1266 1418 1331 rei
1435 1265 1476 1331 sit
1492 1267 1674 1350 perspicere

314 1371 424 1453 pessit.
454 1393 483 1453 p.
501 1373 586 1436 1240
612 1370 778 1454 Εὔδωρος
801 1374 816 1433 δ
837 1371 996 1455 φιλόσοφός
1018 1391 1090 1454 φησι
1112 1369 1291 1453 Διόδωρον
1313 1371 1361 1432 τὸν
1380 1367 1566 1454 Ἀλεξανδρέα
1582 1371 1674 1453 μυδη-

313 1476 432 1554 ματικὸν
456 1475 549 1558 τούτῳ
573 1474 717 1557 διαφέρειν
739 1475 828 1536 εἰπεῖν
851 1475 903 1556 τὴν
927 1475 1133 1566 μαθηματικὴν
1155 1478 1206 1555 τῆς
1220 1471 1403 1556 φυσιολογίας
1420 1473 1463 1535 ὅτι
1479 1475 1497 1555 ἡ
1514 1473 1565 1554 μὲν
1582 1474 1675 1555 μαθη-

313 1579 419 1660 ματικὴ
442 1579 478 1640 τὰ
500 1577 686 1659 παρεπόμενα
708 1582 745 1658 τῇ
770 1576 854 1658 οὐσίᾳ
878 1581 967 1658 ζητεῖ,
989 1577 1079 1639 πίδεν
1103 1575 1150 1638 καλ
1181 1579 1243 1643 πῶς
1265 1574 1406 1658 ἐκλείψεις
1434 1575 1572 1656 γίνονται,
1602 1579 1620 1660 ἡ
1644 1577 1676 1640 δὲ

313 1671 483 1762 coemiteria
506 1679 570 1762 περὶ
594 1677 767 1760 τῆς-οὐσίας
785 1680 844 1740 κτλ.
872 1676 1080 1740 Posidonium
1103 1677 1287 1758 loquentem
1311 1675 1404 1740 erudis
1427 1683 1462 1741 ut
1482 1698 1513 1760 p.
1531 1679 1619 1742 1330
1635 1679 1677 1744 de

313 1779 524 1844 animantium
539 1780 661 1844 anima:
679 1781 755 1864 ζῷόν
768 1782 842 1844 ἐστιν
855 1783 895 1847 oe
908 1777 1075 1862 Εὔδωρίς
1090 1800 1178 1862 φησιν
1191 1775 1322 1862 ἔμψυχος
1333 1778 1418 1840 οὐσία
1433 1777 1473 1844 cf.
1482 1779 1583 1844 ibide
1600 1801 1626 1844 e.
1636 1781 1676 1844 13

316 1882 507 1950 Ποσειδώνιος
530 1882 563 1943 δὲ
585 1883 695 1963 ἀγνοεῖν
718 1883 784 1950 τοὺς
803 1880 1012 1965 Ἐπικουρείους
1033 1879 1090 1966 ἔφη
1111 1886 1151 1949 ὡς
1166 1881 1200 1944 οὐ
1215 1883 1252 1944 τὰ
1267 1881 1378 1962 [vulgo
1393 1879 1473 1962 οὔτε]
1489 1885 1611 1962 σώματα
1627 1885 1677 1953 τὰς
1695 1869 1702 1877 ’

313 1985 409 2069 ψυχὰς
431 1984 556 2068 συνέχει,
577 1983 636 2046 ἀλλ’
664 1985 693 2046 αἱ
716 1984 807 2068 ψυχαὶ
822 1985 858 2046 τὰ
874 1987 1006 2066 σώματα.
1034 1991 1067 2048 et
1081 2002 1123 2048 ne
1138 1983 1253 2048 credes
1268 1981 1431 2046 Eudorum
1447 1981 1675 2067 philosophum

314 2086 543 2152 Academicum
556 2085 824 2152 anathematicis
839 2085 1056 2168 abhorruisse,
1072 2085 1174 2150 hebes
1184 2084 1267 2150 hoec
1281 2084 1323 2150 de
1338 2105 1421 2149 zone
1435 2083 1561 2150 fervide
1576 2107 1607 2168 p.
1617 2087 1678 2151 169

315 2189 400 2253 med.
423 2189 496 2258 τινὲς
518 2189 551 2250 δὲ
574 2189 614 2250 ὧν
637 2190 697 2252 ἐστι
714 2189 865 2258 Παναίτιος
881 2191 897 2252 δ
912 2188 1041 2257 Στωικὸς
1057 2189 1104 2251 καὶ
1121 2187 1257 2272 Εὔδωρος
1278 2187 1519 2272 δ’λκαδιρραικὸς
1535 2190 1678 2254 οἰκεῖσθαί

314 2311 384 2374 φασι
426 2291 478 2372 τὴν
516 2291 743 2374 διακεκαυμένην
784 2294 845 2354 κτλ.
884 2291 922 2355 ef.
947 2312 976 2374 p.
996 2291 1092 2356 1530.
1145 2289 1210 2355 Sed
1243 2289 1437 2356 veniendum
1471 2291 1603 2356 tandem
1635 2292 1678 2356 ml

319 2392 541 2474 Plutarchum,
557 2391 610 2474 qui
629 2399 757 2476 praeter
768 2393 931 2458 Eudorum
947 2393 1087 2458 maximo
1104 2411 1202 2473 opere
1218 2392 1409 2475 compilatus
1424 2399 1474 2458 est
1488 2392 1531 2458 eb
1541 2393 1678 2460 Achille.

318 2516 429 2566 verum
445 2515 518 2560 cnm
535 2495 702 2577 exemplar
718 2513 809 2558 suum
822 2513 941 2576 magna
955 2495 1094 2562 audacia
1109 2499 1233 2558 mutare
1249 2499 1282 2558 et
1293 2494 1408 2560 alienis
1423 2495 1554 2561 turbare
1565 2497 1680 2580 soleat,

316 2601 414 2682 poulo
445 2595 610 2681 operosior
638 2595 673 2660 fit
695 2596 787 2661 labor
817 2596 1015 2678 expiscandi.
1049 2596 1167 2680 incipio
1190 2615 1211 2660 e
1233 2595 1340 2661 certis.
1361 2597 1423 2661 o.3
1451 2599 1515 2682 περὶ
1542 2604 1594 2682 τῆς
1621 2604 1679 2662 τῶν

316 2705 392 2768 ὅλων
423 2703 518 2786 ἀρχῆς
547 2699 692 2764 eontinet
714 2719 744 2781 p.
763 2701 990 2764 lule—1250
1012 2699 1153 2766 Zenonis
1179 2697 1310 2782 Epicuri
1329 2698 1514 2766 Aristotelis
1537 2701 1680 2766 Soorotis

316 2811 348 2868 et
377 2802 524 2868 Platonis
550 2799 757 2884 Empedoclis
786 2801 955 2884 opiniones
989 2821 1028 2866 ex
1058 2802 1361 2866 Pluter·oh.1325.
1389 2811 1427 2864 18.
1452 2811 1493 2864 22.
1517 2811 1559 2864 21.
1584 2811 1618 2864 ου
1645 2803 1679 2868 li·
1789 2799 1805 2824 “

316 2905 424 2972 berius
447 2902 576 2988 quidem
599 2922 771 2985 expresses
799 2903 856 2968 sed
886 2910 922 2967 nt
942 2903 1111 2970 dubitandi
1139 2904 1230 2968 loeus
1258 2923 1324 2966 non
1351 2903 1558 2986 relinquetur.
1602 2925 1679 2970 nem

315 3006 401 3089 quod
424 3005 629 3088 Empedoclis
651 3005 807 3070 Iunonem
831 3011 864 3070 et
878 3004 1026 3070 Aidonee
1048 3004 1235 3088 confundit,
1258 3023 1341 3086 queo
1364 3006 1555 3074 Plutarchus
1577 3007 1680 3090 probe

315 3109 545 3191 interpretatus
572 3113 635 3190 est,
664 3107 697 3170 id
726 3107 802 3170 nolo
832 3125 994 3189 premere,
1022 3108 1097 3190 quie
1123 3107 1156 3172 in
1184 3105 1350 3187 allegoriis
1378 3109 1482 3174 altera
1504 3110 1678 3192 explicatio

314 3209 509 3292 vulgtbotur
531 3208 583 3290 lei.
601 3210 685 3274 Prol.
703 3229 730 3272 o.
747 3208 804 3290 VI]
827 3215 860 3274 et
878 3209 951 3272 Γαῖα
966 3209 1117 3294 φερέσβιος
1140 3229 1180 3273 ex
1203 3207 1382 3274 Homericis
1403 3209 1532 3294 hymnis
1555 3212 1600 3293 [ll
1616 3213 1676 3276 341

315 3311 354 3376 cl.
370 3312 466 3378 XXX
482 3311 515 3392 9]
538 3317 617 3376 note.
639 3317 719 3376 eret.
753 3310 841 3392 quod
864 3331 935 3374 cum
961 3331 1050 3376 error
1072 3312 1113 3375 sit
1128 3309 1290 3394 proclivis,
1312 3319 1548 3378 resumentem
1571 3314 1679 3396 exqui-

315 3413 416 3496 sitius,
440 3433 505 3477 non
526 3413 632 3478 minus
654 3411 858 3477 arbitrarium
874 3421 923 3479 est
940 3413 1104 3478 Plutarchi
1120 3413 1285 3494 vulgatam
1309 3433 1349 3480 ex
1369 3414 1496 3480 Achille
1518 3415 1679 3497 corrigere

315 3536 410 3598 quem
445 3515 577 3582 eredere
621 3536 661 3580 ex
694 3515 851 3599 ampliore
883 3517 1079 3584 Plecitorum
1112 3515 1266 3581 thesauro
1296 3516 1445 3581 Achilleo
1477 3515 1678 3601 profluxisse.

315 3639 390 3684 nam
425 3617 534 3683 obstet
565 3637 630 3681 non
664 3617 767 3682 solum
799 3625 1023 3702 excerptorum
1053 3617 1255 3684 Pluteroheis
1290 3619 1470 3684 simillimus
1503 3619 1676 3684 delectus*

314 3722 372 3788 sed
410 3720 508 3786 etiam
548 3719 807 3801 interpolationis
839 3720 1012 3786 manifeste
1047 3720 1228 3786 communio
1261 3720 1351 3786 velut
1372 3722 1387 3786 l
1409 3724 1429 3788 3
1450 3739 1500 3805 21,
1534 3721 1678 3788 Socratis

313 3843 432 3888 nomen
453 3821 540 3904 quod
573 3827 649 3886 ante
681 3821 855 3886 Eusebium
882 3822 1030 3904 vulgaria
1064 3823 1214 3905 exempla
1247 3842 1423 3906 occupasse
1456 3823 1678 3890 demonstravi

315 3947 345 4009 p.
364 3927 414 3990 14.
438 3923 569 4006 saepius
591 3929 627 3986 ut
647 3921 827 3988 institutum
855 3923 917 3990 lert
939 3925 1020 3992 liber
1041 3926 1072 3989 ΙΙ
1095 3924 1273 4008 respicitur.
1308 3926 1397 3990 velut
1419 3947 1450 4009 p.
1469 3929 1553 3991 13οο
1580 3929 1628 3992 11
1651 3937 1676 3992 3.

314 4027 366 4092 hie
394 4025 612 4092 memorabilis
644 4031 693 4089 esi
722 4025 880 4108 scriptura
910 4026 1157 4112 Ἐπίκουρος
1180 4029 1228 4090 καὶ
1262 4031 1277 4092 ὁ
1313 4029 1533 4098 διδάσκαλος
1567 4031 1677 4094 αὐτοῦ

315 4129 522 4214 Μητρόδωρος.
567 4148 643 4194 nam
666 4126 806 4211 Cyrillus
833 4149 905 4193 oum
934 4130 1068 4212 vulgate
1096 4131 1231 4213 μαθητής
1257 4136 1441 4212 corruptum
1469 4131 1562 4216 legit,
1591 4131 1678 4215 quod

313 4231 445 4297 inutiles
474 4231 564 4298 dedit
592 4231 712 4296 turbas.
757 4249 869 4295 verum
896 4230 1012 4296 obtulit
1033 4250 1099 4294 nou
1122 4231 1224 4296 solnm
1247 4231 1391 4298 Achilles
1412 4233 1471 4298 sed
1493 4235 1591 4298 etiem
1615 4234 1679 4300 (le-

313 4335 379 4400 leni
408 4324 554 4418 quemuis
583 4333 678 4399 aliter
703 4331 817 4398 vitiato
847 4332 1015 4425 scriptura:
1057 4331 1118 4396 hoc
1147 4331 1232 4398 enim
1262 4332 1394 4402 firmiter
1424 4336 1599 4400 tenendum
1627 4343 1677 4401 est

313 4437 489 4503 Metrodori
512 4437 545 4502 in
561 4435 694 4502 Plecitis
715 4454 781 4498 non
804 4433 888 4498 alius
903 4433 1098 4498 mentionem
1123 4454 1197 4500 erse
1218 4435 1279 4500 uisi
1296 4436 1382 4520 chii3
1405 4437 1445 4502 os.
1462 4437 1613 4520 Dnening
1635 4437 1677 4502 de

313 4538 488 4634 lletrodori
508 4539 598 4623 Epic.
619 4539 675 4604 vit.
696 4543 729 4602 et
751 4536 859 4619 script.
882 4536 954 4600 Hal.
978 4537 1062 4600 1870
1084 4557 1114 4620 p.
1129 4539 1179 4602 39.
1204 4537 1309 4605 Zeller
1330 4540 1366 4604 Ι*
1382 4541 1443 4605 857
1456 4541 1475 4604 ³.
1511 4533 1575 4603 iem
1598 4559 1676 4604 vero

314 4641 489 4708 oStobaeo
514 4641 783 4721 Theodoretoque
805 4645 953 4722 apparet,
976 4659 1016 4704 ex
1039 4641 1126 4706 Plac.
1143 4642 1158 4705 l
1173 4643 1194 4704 5
1212 4652 1229 4703 4
1258 4642 1456 4728 Μητρόδωρος
1472 4645 1488 4705 ὁ
1505 4643 1675 4724 καθηγητὴς

385 4795 392 4827 ¹
412 4813 471 4849 nem
496 4798 641 4859 ubicunque
665 4812 697 4846 ex
721 4799 906 4848 Posidonianis
930 4803 1119 4850 commentariis
1143 4802 1228 4864 plnres
1253 4804 1389 4866 opiniones
1410 4803 1456 4865 [ci.
1475 4815 1553 4865 supro
1571 4817 1595 4864 p.
1610 4797 1676 4862 ⁸212]

313 4897 341 4936 ut
363 4887 508 4936 Stoicorum
532 4885 638 4948 Epicuri
658 4885 824 4948 Empedoclis
848 4887 948 4936 addidit
970 4897 1014 4936 eut
1037 4889 1186 4946 immiscuit,
1211 4903 1336 4951 nusquam
1359 4889 1517 4939 Placitorum
1540 4891 1674 4948 malornm,

313 4975 401 5037 quelle
418 4990 451 5024 ox
470 4971 584 5025 Stobueo
604 4983 667 5021 nota
688 4983 882 5040 contemperet
901 4977 1043 5038 vestigium.
