<?xml version="1.0" encoding="UTF-8"?>
<!DOCTYPE html PUBLIC "-//W3C//DTD XHTML 1.0 Transitional//EN"
    "http://www.w3.org/TR/xhtml1/DTD/xhtml1-transitional.dtd">
<html xmlns="http://www.w3.org/1999/xhtml" xml:lang="en" lang="en">
 <head>
  <title>
</title>
<meta http-equiv="Content-Type" content="text/html;charset=utf-8" />
  <meta name='ocr-system' content='tesseract 3.04.00' />
  <meta name='ocr-capabilities' content='ocr_page ocr_carea ocr_par ocr_line ocrx_word'/>
</head>
<body>
  <div class='ocr_page' id='page_1' title='image "./doxographigraec01dielgoog/doxographigraec01dielgoog_0087.png"; bbox 0 0 3710 5730; ppageno 0'>
   <div class='ocr_carea' id='block_1_1' title="bbox 302 341 1252 404">
    <p class='ocr_par' dir='ltr' id='par_1_1' title="bbox 302 341 1252 404">
     <span class='ocr_line' id='line_1_1' title="bbox 302 341 1252 404; baseline 0.003 -16"><span class='ocrx_word' id='word_1_1' title='bbox 302 341 341 404; x_wconf 77' lang='lat'><strong>72</strong></span> <span class='ocrx_word' id='word_1_2' title='bbox 706 345 730 390; x_wconf 92' lang='lat' dir='ltr'>V</span> <span class='ocrx_word' id='word_1_3' title='bbox 765 343 816 392; x_wconf 80' lang='lat' dir='ltr'><strong>Du</strong></span> <span class='ocrx_word' id='word_1_4' title='bbox 837 342 914 392; x_wconf 83' lang='lat' dir='ltr'>ARII</span> <span class='ocrx_word' id='word_1_5' title='bbox 932 343 1069 392; x_wconf 82' lang='lat' dir='ltr'>DIDYMI</span> <span class='ocrx_word' id='word_1_6' title='bbox 1088 342 1252 393; x_wconf 79' lang='grc' dir='ltr'><strong>ΕΡῘΤΟΜΕ</strong></span> 
     </span>
    </p>
   </div>
   <div class='ocr_carea' id='block_1_2' title="bbox 301 509 1666 1210">
    <p class='ocr_par' dir='ltr' id='par_1_2' title="bbox 301 509 1666 1210">
     <span class='ocr_line' id='line_1_2' title="bbox 301 509 1665 594; baseline -0.001 -18"><span class='ocrx_word' id='word_1_7' title='bbox 301 517 335 576; x_wconf 90' lang='lat' dir='ltr'><strong>at</strong></span> <span class='ocrx_word' id='word_1_8' title='bbox 358 517 408 576; x_wconf 89' lang='lat' dir='ltr'><strong>est</strong></span> <span class='ocrx_word' id='word_1_9' title='bbox 429 510 484 574; x_wconf 90' lang='lat' dir='ltr'><strong>ubi</strong></span> <span class='ocrx_word' id='word_1_10' title='bbox 506 531 576 574; x_wconf 92' lang='lat' dir='ltr'><strong>cum</strong></span> <span class='ocrx_word' id='word_1_11' title='bbox 593 509 755 576; x_wconf 75' lang='lat' dir='ltr'><strong>Antiocho</strong></span> <span class='ocrx_word' id='word_1_12' title='bbox 778 517 934 594; x_wconf 75' lang='lat' dir='ltr'>pugnent,</span> <span class='ocrx_word' id='word_1_13' title='bbox 957 509 1043 594; x_wconf 89' lang='lat' dir='ltr'><strong>quod</strong></span> <span class='ocrx_word' id='word_1_14' title='bbox 1067 530 1131 574; x_wconf 93' lang='lat' dir='ltr'><strong>non</strong></span> <span class='ocrx_word' id='word_1_15' title='bbox 1154 509 1237 593; x_wconf 84' lang='lat' dir='ltr'><strong>fugit</strong></span> <span class='ocrx_word' id='word_1_16' title='bbox 1252 509 1413 575; x_wconf 89' lang='lat' dir='ltr'><strong>Zellerum</strong></span> <span class='ocrx_word' id='word_1_17' title='bbox 1436 509 1665 592; x_wconf 83' lang='lat' dir='ltr'><strong>Madvigianae</strong></span> 
     </span>
     <span class='ocr_line' id='line_1_3' title="bbox 301 609 1666 698; baseline 0 -20"><span class='ocrx_word' id='word_1_18' title='bbox 301 611 462 696; x_wconf 81' lang='lat' dir='ltr'><strong>opinionis</strong></span> <span class='ocrx_word' id='word_1_19' title='bbox 496 611 616 696; x_wconf 78' lang='lat' dir='ltr'><strong>alioqui</strong></span> <span class='ocrx_word' id='word_1_20' title='bbox 646 620 827 698; x_wconf 88' lang='lat' dir='ltr'><strong>patronum.</strong></span> <span class='ocrx_word' id='word_1_21' title='bbox 878 631 978 696; x_wconf 89' lang='lat' dir='ltr'><strong>quare</strong></span> <span class='ocrx_word' id='word_1_22' title='bbox 1008 632 1124 679; x_wconf 80' lang='lat' dir='ltr'><strong>uereor</strong></span> <span class='ocrx_word' id='word_1_23' title='bbox 1150 633 1192 679; x_wconf 89' lang='lat' dir='ltr'><strong>ne</strong></span> <span class='ocrx_word' id='word_1_24' title='bbox 1218 611 1352 678; x_wconf 91' lang='lat' dir='ltr'><strong>nimium</strong></span> <span class='ocrx_word' id='word_1_25' title='bbox 1381 609 1443 676; x_wconf 90' lang='lat' dir='ltr'><strong>sibi</strong></span> <span class='ocrx_word' id='word_1_26' title='bbox 1470 611 1666 696; x_wconf 85' lang='lat' dir='ltr'><strong>sumpserint</strong></span> 
     </span>
     <span class='ocr_line' id='line_1_4' title="bbox 301 713 1666 800; baseline 0.001 -22"><span class='ocrx_word' id='word_1_27' title='bbox 301 714 359 796; x_wconf 92' lang='lat' dir='ltr'><strong>illi,</strong></span> <span class='ocrx_word' id='word_1_28' title='bbox 383 734 422 780; x_wconf 85' lang='lat' dir='ltr'><strong>ex</strong></span> <span class='ocrx_word' id='word_1_29' title='bbox 445 713 605 779; x_wconf 83' lang='lat' dir='ltr'><strong>Antiocho</strong></span> <span class='ocrx_word' id='word_1_30' title='bbox 628 715 708 780; x_wconf 92' lang='lat' dir='ltr'><strong>illud</strong></span> <span class='ocrx_word' id='word_1_31' title='bbox 730 714 799 780; x_wconf 85' lang='lat' dir='ltr'><strong>Arii</strong></span> <span class='ocrx_word' id='word_1_32' title='bbox 828 714 1053 800; x_wconf 88' lang='lat' dir='ltr'><strong>compendium</strong></span> <span class='ocrx_word' id='word_1_33' title='bbox 1080 714 1211 780; x_wconf 89' lang='lat' dir='ltr'><strong>ductum</strong></span> <span class='ocrx_word' id='word_1_34' title='bbox 1233 714 1287 798; x_wconf 89' lang='lat' dir='ltr'><strong>qui</strong></span> <span class='ocrx_word' id='word_1_35' title='bbox 1310 719 1435 799; x_wconf 87' lang='lat' dir='ltr'><strong>putent.</strong></span> <span class='ocrx_word' id='word_1_36' title='bbox 1478 733 1539 780; x_wconf 89' lang='lat' dir='ltr'><strong>nec</strong></span> <span class='ocrx_word' id='word_1_37' title='bbox 1561 715 1666 798; x_wconf 86' lang='lat' dir='ltr'><strong>magis</strong></span> 
     </span>
     <span class='ocr_line' id='line_1_5' title="bbox 304 814 1665 902; baseline -0.001 -20"><span class='ocrx_word' id='word_1_38' title='bbox 304 816 601 900; x_wconf 77' lang='lat' dir='ltr'><strong>lhendelenburgio</strong></span> <span class='ocrx_word' id='word_1_39' title='bbox 631 817 740 884; x_wconf 89' lang='lat' dir='ltr'><strong>album</strong></span> <span class='ocrx_word' id='word_1_40' title='bbox 764 817 922 882; x_wconf 87' lang='lat' dir='ltr'><strong>calculum</strong></span> <span class='ocrx_word' id='word_1_41' title='bbox 952 817 1106 900; x_wconf 89' lang='lat' dir='ltr'><strong>adiciam,</strong></span> <span class='ocrx_word' id='word_1_42' title='bbox 1137 817 1191 901; x_wconf 90' lang='lat' dir='ltr'><strong>qui</strong></span> <span class='ocrx_word' id='word_1_43' title='bbox 1221 823 1295 902; x_wconf 89' lang='lat' dir='ltr'><strong>post</strong></span> <span class='ocrx_word' id='word_1_44' title='bbox 1315 815 1516 882; x_wconf 85' lang='lat' dir='ltr'><strong>Arcesilaum</strong></span> <span class='ocrx_word' id='word_1_45' title='bbox 1543 814 1665 882; x_wconf 81' lang='lat' dir='ltr'><strong>sontem</strong></span> 
     </span>
     <span class='ocr_line' id='line_1_6' title="bbox 302 915 1664 1004; baseline 0 -20"><span class='ocrx_word' id='word_1_46' title='bbox 302 918 522 1003; x_wconf 89' lang='lat' dir='ltr'><strong>quaerendum</strong></span> <span class='ocrx_word' id='word_1_47' title='bbox 550 939 623 986; x_wconf 89' lang='lat' dir='ltr'><strong>csse</strong></span> <span class='ocrx_word' id='word_1_48' title='bbox 654 920 790 986; x_wconf 91' lang='lat' dir='ltr'><strong>conlatis</strong></span> <span class='ocrx_word' id='word_1_49' title='bbox 817 942 848 1004; x_wconf 90' lang='lat' dir='ltr'><strong>p.</strong></span> <span class='ocrx_word' id='word_1_50' title='bbox 868 919 932 985; x_wconf 81' lang='lat'><strong>266</strong></span> <span class='ocrx_word' id='word_1_51' title='bbox 943 919 983 984; x_wconf 92' lang='lat' dir='ltr'><strong>H.</strong></span> <span class='ocrx_word' id='word_1_52' title='bbox 1012 939 1083 984; x_wconf 91' lang='lat' dir='ltr'><strong>cum</strong></span> <span class='ocrx_word' id='word_1_53' title='bbox 1112 941 1142 1003; x_wconf 89' lang='lat' dir='ltr'><strong>p.</strong></span> <span class='ocrx_word' id='word_1_54' title='bbox 1162 921 1205 984; x_wconf 81' lang='lat'><strong>56</strong></span> <span class='ocrx_word' id='word_1_55' title='bbox 1235 918 1368 1002; x_wconf 86' lang='lat' dir='ltr'><strong>negavit</strong></span> <span class='ocrx_word' id='word_1_56' title='bbox 1399 915 1607 1004; x_wconf 89' lang='lat' dir='ltr'><strong>[monatsber.</strong></span> <span class='ocrx_word' id='word_1_57' title='bbox 1632 919 1664 984; x_wconf 93' lang='lat' dir='ltr'><strong>d.</strong></span> 
     </span>
     <span class='ocr_line' id='line_1_7' title="bbox 303 1019 1666 1110; baseline 0 -24"><span class='ocrx_word' id='word_1_58' title='bbox 303 1023 386 1088; x_wconf 90' lang='lat' dir='ltr'><strong>Berl.</strong></span> <span class='ocrx_word' id='word_1_59' title='bbox 410 1021 631 1107; x_wconf 68' lang='lat' dir='ltr'><strong>Arsarata,</strong></span> <span class='ocrx_word' id='word_1_60' title='bbox 656 1019 738 1110; x_wconf 58' lang='lat'><strong>155}</strong></span> <span class='ocrx_word' id='word_1_61' title='bbox 784 1022 925 1088; x_wconf 87' lang='lat' dir='ltr'><strong>maxime</strong></span> <span class='ocrx_word' id='word_1_62' title='bbox 947 1021 1070 1086; x_wconf 80' lang='lat' dir='ltr'><strong>arridet</strong></span> <span class='ocrx_word' id='word_1_63' title='bbox 1091 1021 1230 1088; x_wconf 88' lang='lat' dir='ltr'><strong>Meurcri</strong></span> <span class='ocrx_word' id='word_1_64' title='bbox 1253 1019 1425 1104; x_wconf 87' lang='lat' dir='ltr'><strong>sententia,</strong></span> <span class='ocrx_word' id='word_1_65' title='bbox 1448 1019 1501 1102; x_wconf 90' lang='lat' dir='ltr'><strong>qui</strong></span> <span class='ocrx_word' id='word_1_66' title='bbox 1525 1020 1666 1088; x_wconf 87' lang='lat' dir='ltr'><strong>medinm</strong></span> 
     </span>
     <span class='ocr_line' id='line_1_8' title="bbox 302 1121 1666 1210; baseline -0.001 -20"><span class='ocrx_word' id='word_1_67' title='bbox 302 1123 538 1208; x_wconf 89' lang='lat' dir='ltr'><strong>quodammodo</strong></span> <span class='ocrx_word' id='word_1_68' title='bbox 566 1123 687 1191; x_wconf 86' lang='lat' dir='ltr'><strong>feriens</strong></span> <span class='ocrx_word' id='word_1_69' title='bbox 716 1125 824 1210; x_wconf 90' lang='lat' dir='ltr'><strong>priora</strong></span> <span class='ocrx_word' id='word_1_70' title='bbox 846 1123 1006 1190; x_wconf 85' lang='lat' dir='ltr'><strong>Antiocho</strong></span> <span class='ocrx_word' id='word_1_71' title='bbox 1029 1124 1201 1208; x_wconf 74' lang='lat' dir='ltr'><strong>adscripsit</strong></span> <span class='ocrx_word' id='word_1_72' title='bbox 1222 1129 1331 1190; x_wconf 87' lang='lat' dir='ltr'><strong>cetera</strong></span> <span class='ocrx_word' id='word_1_73' title='bbox 1358 1143 1399 1187; x_wconf 83' lang='lat' dir='ltr'><strong>ex</strong></span> <span class='ocrx_word' id='word_1_74' title='bbox 1427 1121 1527 1195; x_wconf 83' lang='lat' dir='ltr'><strong>variis</strong></span> <span class='ocrx_word' id='word_1_75' title='bbox 1553 1122 1666 1188; x_wconf 83' lang='lat' dir='ltr'><strong>variae</strong></span> 
     </span>
    </p>
   </div>
   <div class='ocr_carea' id='block_1_3' title="bbox 301 1223 1671 4894">
    <p class='ocr_par' dir='ltr' id='par_1_3' title="bbox 301 1223 1666 1618">
     <span class='ocr_line' id='line_1_9' title="bbox 302 1223 1665 1312; baseline -0.001 -20"><span class='ocrx_word' id='word_1_76' title='bbox 302 1227 420 1293; x_wconf 87' lang='lat' dir='ltr'><strong>aetatis</strong></span> <span class='ocrx_word' id='word_1_77' title='bbox 452 1226 660 1311; x_wconf 89' lang='lat' dir='ltr'><strong>scriptoribus</strong></span> <span class='ocrx_word' id='word_1_78' title='bbox 691 1233 827 1292; x_wconf 92' lang='lat' dir='ltr'><strong>consuta</strong></span> <span class='ocrx_word' id='word_1_79' title='bbox 863 1246 935 1292; x_wconf 90' lang='lat' dir='ltr'><strong>esse</strong></span> <span class='ocrx_word' id='word_1_80' title='bbox 966 1225 1163 1292; x_wconf 86' lang='lat' dir='ltr'><strong>existimarit</strong></span> <span class='ocrx_word' id='word_1_81' title='bbox 1195 1224 1414 1312; x_wconf 85' lang='lat' dir='ltr'><strong>[Peripatetic.</strong></span> <span class='ocrx_word' id='word_1_82' title='bbox 1442 1223 1558 1306; x_wconf 91' lang='lat' dir='ltr'><strong>philos.</strong></span> <span class='ocrx_word' id='word_1_83' title='bbox 1585 1245 1665 1292; x_wconf 91' lang='lat' dir='ltr'><strong>mor.</strong></span> 
     </span>
     <span class='ocr_line' id='line_1_10' title="bbox 302 1327 1665 1417; baseline -0.002 -22"><span class='ocrx_word' id='word_1_84' title='bbox 302 1350 366 1396; x_wconf 90' lang='lat' dir='ltr'><strong>sec.</strong></span> <span class='ocrx_word' id='word_1_85' title='bbox 386 1329 476 1395; x_wconf 87' lang='lat' dir='ltr'><strong>Stob.</strong></span> <span class='ocrx_word' id='word_1_86' title='bbox 499 1329 643 1395; x_wconf 87' lang='lat' dir='ltr'><strong>Weimar</strong></span> <span class='ocrx_word' id='word_1_87' title='bbox 666 1330 749 1394; x_wconf 78' lang='lat'>1859</span> <span class='ocrx_word' id='word_1_88' title='bbox 773 1351 803 1413; x_wconf 88' lang='lat' dir='ltr'><strong>p.</strong></span> <span class='ocrx_word' id='word_1_89' title='bbox 822 1327 884 1417; x_wconf 86' lang='lat'><strong>10].</strong></span> <span class='ocrx_word' id='word_1_90' title='bbox 918 1327 998 1393; x_wconf 87' lang='lat' dir='ltr'><strong>citra</strong></span> <span class='ocrx_word' id='word_1_91' title='bbox 1023 1327 1217 1394; x_wconf 85' lang='lat' dir='ltr'><strong>Antiochum</strong></span> <span class='ocrx_word' id='word_1_92' title='bbox 1240 1327 1295 1393; x_wconf 86' lang='grc' dir='ltr'>νιιι</span> <span class='ocrx_word' id='word_1_93' title='bbox 1318 1346 1481 1411; x_wconf 68' lang='grc' dir='ltr'>ιιιιοιιιιοιιι</span> <span class='ocrx_word' id='word_1_94' title='bbox 1503 1347 1581 1394; x_wconf 89' lang='lat' dir='ltr'><strong>usus</strong></span> <span class='ocrx_word' id='word_1_95' title='bbox 1604 1334 1665 1393; x_wconf 88' lang='lat' dir='ltr'><strong>est.</strong></span> 
     </span>
     <span class='ocr_line' id='line_1_11' title="bbox 302 1427 1666 1516; baseline -0.001 -20"><span class='ocrx_word' id='word_1_96' title='bbox 302 1451 377 1497; x_wconf 90' lang='lat' dir='ltr'><strong>nam</strong></span> <span class='ocrx_word' id='word_1_97' title='bbox 400 1436 619 1498; x_wconf 78' lang='lat' dir='ltr'><strong>crotericorum</strong></span> <span class='ocrx_word' id='word_1_98' title='bbox 644 1431 833 1516; x_wconf 90' lang='lat' dir='ltr'><strong>scriptorum</strong></span> <span class='ocrx_word' id='word_1_99' title='bbox 856 1430 898 1496; x_wconf 86' lang='lat' dir='ltr'><strong>ab</strong></span> <span class='ocrx_word' id='word_1_100' title='bbox 921 1428 1106 1496; x_wconf 85' lang='lat' dir='ltr'><strong>Andronico</strong></span> <span class='ocrx_word' id='word_1_101' title='bbox 1129 1433 1333 1514; x_wconf 87' lang='lat' dir='ltr'><strong>vulgatorum</strong></span> <span class='ocrx_word' id='word_1_102' title='bbox 1356 1449 1440 1514; x_wconf 88' lang='lat' dir='ltr'><strong>quae</strong></span> <span class='ocrx_word' id='word_1_103' title='bbox 1463 1429 1496 1493; x_wconf 92' lang='lat' dir='ltr'><strong>in</strong></span> <span class='ocrx_word' id='word_1_104' title='bbox 1519 1427 1666 1514; x_wconf 85' lang='lat' dir='ltr'><strong>physicis</strong></span> 
     </span>
     <span class='ocr_line' id='line_1_12' title="bbox 301 1531 1381 1618; baseline -0.003 -18"><span class='ocrx_word' id='word_1_105' title='bbox 301 1536 344 1601; x_wconf 92' lang='lat' dir='ltr'><strong>ad</strong></span> <span class='ocrx_word' id='word_1_106' title='bbox 367 1536 501 1602; x_wconf 88' lang='lat' dir='ltr'><strong>verbum</strong></span> <span class='ocrx_word' id='word_1_107' title='bbox 526 1553 626 1618; x_wconf 88' lang='lat' dir='ltr'><strong>saepe</strong></span> <span class='ocrx_word' id='word_1_108' title='bbox 651 1533 783 1618; x_wconf 81' lang='lat' dir='ltr'><strong>expilat,</strong></span> <span class='ocrx_word' id='word_1_109' title='bbox 807 1533 840 1598; x_wconf 93' lang='grc' dir='ltr'><strong>ιιι</strong></span> <span class='ocrx_word' id='word_1_110' title='bbox 864 1532 979 1598; x_wconf 91' lang='lat' dir='ltr'><strong>ethicis</strong></span> <span class='ocrx_word' id='word_1_111' title='bbox 1001 1533 1109 1598; x_wconf 80' lang='lat' dir='ltr'><strong>nullus</strong></span> <span class='ocrx_word' id='word_1_112' title='bbox 1132 1531 1200 1599; x_wconf 86' lang='lat' dir='ltr'><strong>sere</strong></span> <span class='ocrx_word' id='word_1_113' title='bbox 1223 1539 1381 1598; x_wconf 83' lang='lat' dir='ltr'><strong>estuans.</strong></span> 
     </span>
    </p>

    <p class='ocr_par' dir='ltr' id='par_1_4' title="bbox 302 1633 1671 4071">
     <span class='ocr_line' id='line_1_13' title="bbox 389 1633 1667 1720; baseline -0.004 -17"><span class='ocrx_word' id='word_1_114' title='bbox 389 1637 526 1704; x_wconf 80' lang='lat' dir='ltr'><strong>Constat</strong></span> <span class='ocrx_word' id='word_1_115' title='bbox 556 1656 597 1702; x_wconf 81' lang='lat' dir='ltr'><strong>ex</strong></span> <span class='ocrx_word' id='word_1_116' title='bbox 623 1635 754 1701; x_wconf 84' lang='lat' dir='ltr'><strong>Eusebii</strong></span> <span class='ocrx_word' id='word_1_117' title='bbox 776 1635 967 1718; x_wconf 80' lang='lat' dir='ltr'><strong>fragmentis</strong></span> <span class='ocrx_word' id='word_1_118' title='bbox 990 1635 1086 1700; x_wconf 84' lang='lat' dir='ltr'><strong>etiam</strong></span> <span class='ocrx_word' id='word_1_119' title='bbox 1111 1635 1247 1720; x_wconf 83' lang='lat' dir='ltr'><strong>physion</strong></span> <span class='ocrx_word' id='word_1_120' title='bbox 1269 1635 1380 1700; x_wconf 81' lang='lat' dir='ltr'><strong>Arium</strong></span> <span class='ocrx_word' id='word_1_121' title='bbox 1402 1633 1561 1717; x_wconf 83' lang='lat' dir='ltr'><strong>attigisse.</strong></span> <span class='ocrx_word' id='word_1_122' title='bbox 1584 1633 1667 1700; x_wconf 87' lang='lat' dir='ltr'><strong>Stoi-</strong></span> 
     </span>
     <span class='ocr_line' id='line_1_14' title="bbox 303 1736 1667 1822; baseline -0.001 -18"><span class='ocrx_word' id='word_1_123' title='bbox 303 1761 412 1806; x_wconf 93' lang='lat' dir='ltr'><strong>oorum</strong></span> <span class='ocrx_word' id='word_1_124' title='bbox 435 1746 523 1806; x_wconf 89' lang='lat' dir='ltr'><strong>certe</strong></span> <span class='ocrx_word' id='word_1_125' title='bbox 549 1759 589 1804; x_wconf 88' lang='lat' dir='ltr'><strong>ac</strong></span> <span class='ocrx_word' id='word_1_126' title='bbox 610 1737 757 1804; x_wconf 86' lang='lat' dir='ltr'><strong>Platonis</strong></span> <span class='ocrx_word' id='word_1_127' title='bbox 781 1738 949 1822; x_wconf 87' lang='lat' dir='ltr'><strong>opiniones</strong></span> <span class='ocrx_word' id='word_1_128' title='bbox 977 1738 1092 1803; x_wconf 91' lang='lat' dir='ltr'><strong>eodem</strong></span> <span class='ocrx_word' id='word_1_129' title='bbox 1115 1736 1169 1802; x_wconf 89' lang='lat' dir='ltr'><strong>filo</strong></span> <span class='ocrx_word' id='word_1_130' title='bbox 1191 1758 1255 1821; x_wconf 90' lang='lat' dir='ltr'><strong>quo</strong></span> <span class='ocrx_word' id='word_1_131' title='bbox 1278 1736 1386 1803; x_wconf 89' lang='lat' dir='ltr'><strong>ethica</strong></span> <span class='ocrx_word' id='word_1_132' title='bbox 1408 1742 1603 1820; x_wconf 87' lang='lat' dir='ltr'><strong>tractantur,</strong></span> <span class='ocrx_word' id='word_1_133' title='bbox 1631 1743 1667 1802; x_wconf 87' lang='lat' dir='ltr'><strong>ut</strong></span> 
     </span>
     <span class='ocr_line' id='line_1_15' title="bbox 304 1838 1666 1923; baseline -0.002 -16"><span class='ocrx_word' id='word_1_134' title='bbox 304 1841 448 1908; x_wconf 89' lang='lat' dir='ltr'><strong>eiusdem</strong></span> <span class='ocrx_word' id='word_1_135' title='bbox 472 1841 544 1906; x_wconf 86' lang='lat' dir='ltr'><strong>libri</strong></span> <span class='ocrx_word' id='word_1_136' title='bbox 567 1841 676 1906; x_wconf 86' lang='lat' dir='ltr'><strong>varias</strong></span> <span class='ocrx_word' id='word_1_137' title='bbox 699 1846 807 1923; x_wconf 87' lang='lat' dir='ltr'><strong>partes</strong></span> <span class='ocrx_word' id='word_1_138' title='bbox 830 1839 1030 1923; x_wconf 88' lang='lat' dir='ltr'><strong>adgnoscere</strong></span> <span class='ocrx_word' id='word_1_139' title='bbox 1046 1859 1250 1923; x_wconf 89' lang='lat' dir='ltr'><strong>summopere</strong></span> <span class='ocrx_word' id='word_1_140' title='bbox 1265 1859 1400 1906; x_wconf 87' lang='lat' dir='ltr'><strong>necesse</strong></span> <span class='ocrx_word' id='word_1_141' title='bbox 1415 1839 1466 1905; x_wconf 86' lang='lat' dir='ltr'><strong>sit.</strong></span> <span class='ocrx_word' id='word_1_142' title='bbox 1500 1838 1566 1903; x_wconf 94' lang='lat' dir='ltr'><strong>iam</strong></span> <span class='ocrx_word' id='word_1_143' title='bbox 1588 1859 1666 1906; x_wconf 86' lang='lat' dir='ltr'><strong>vero</strong></span> 
     </span>
     <span class='ocr_line' id='line_1_16' title="bbox 303 1941 1667 2028; baseline -0.001 -20"><span class='ocrx_word' id='word_1_144' title='bbox 303 1943 489 2028; x_wconf 82' lang='lat' dir='ltr'><strong>bipartitum</strong></span> <span class='ocrx_word' id='word_1_145' title='bbox 505 1943 729 2028; x_wconf 89' lang='lat' dir='ltr'><strong>compendium</strong></span> <span class='ocrx_word' id='word_1_146' title='bbox 745 1941 833 2008; x_wconf 88' lang='lat' dir='ltr'><strong>nacti</strong></span> <span class='ocrx_word' id='word_1_147' title='bbox 856 1963 975 2026; x_wconf 88' lang='lat' dir='ltr'><strong>sumus,</strong></span> <span class='ocrx_word' id='word_1_148' title='bbox 998 1943 1167 2028; x_wconf 78' lang='lat' dir='ltr'><strong>physicam</strong></span> <span class='ocrx_word' id='word_1_149' title='bbox 1190 1941 1330 2026; x_wconf 87' lang='lat' dir='ltr'><strong>priorem</strong></span> <span class='ocrx_word' id='word_1_150' title='bbox 1352 1948 1488 2026; x_wconf 84' lang='lat' dir='ltr'><strong>partem,</strong></span> <span class='ocrx_word' id='word_1_151' title='bbox 1511 1941 1667 2008; x_wconf 83' lang='lat' dir='ltr'><strong>moralem</strong></span> 
     </span>
     <span class='ocr_line' id='line_1_17' title="bbox 302 2043 1667 2128; baseline -0.001 -18"><span class='ocrx_word' id='word_1_152' title='bbox 302 2046 451 2111; x_wconf 88' lang='lat' dir='ltr'><strong>alteram.</strong></span> <span class='ocrx_word' id='word_1_153' title='bbox 476 2065 561 2114; x_wconf 84' lang='lat' dir='ltr'><strong>‚nam</strong></span> <span class='ocrx_word' id='word_1_154' title='bbox 586 2045 637 2110; x_wconf 91' lang='lat' dir='ltr'><strong>hic</strong></span> <span class='ocrx_word' id='word_1_155' title='bbox 660 2050 709 2111; x_wconf 90' lang='lat' dir='ltr'><strong>est</strong></span> <span class='ocrx_word' id='word_1_156' title='bbox 730 2045 874 2127; x_wconf 87' lang='lat' dir='ltr'><strong>vulgaris</strong></span> <span class='ocrx_word' id='word_1_157' title='bbox 896 2046 986 2110; x_wconf 91' lang='lat' dir='ltr'><strong>ordo.</strong></span> <span class='ocrx_word' id='word_1_158' title='bbox 1014 2045 1056 2111; x_wconf 91' lang='lat' dir='ltr'><strong>de</strong></span> <span class='ocrx_word' id='word_1_159' title='bbox 1078 2045 1175 2110; x_wconf 89' lang='lat' dir='ltr'><strong>tertia</strong></span> <span class='ocrx_word' id='word_1_160' title='bbox 1196 2043 1367 2110; x_wconf 89' lang='lat' dir='ltr'><strong>dialectica</strong></span> <span class='ocrx_word' id='word_1_161' title='bbox 1389 2051 1482 2128; x_wconf 89' lang='lat' dir='ltr'><strong>parte</strong></span> <span class='ocrx_word' id='word_1_162' title='bbox 1504 2043 1583 2108; x_wconf 91' lang='lat' dir='ltr'><strong>nihil</strong></span> <span class='ocrx_word' id='word_1_163' title='bbox 1606 2049 1667 2108; x_wconf 87' lang='lat' dir='ltr'><strong>tra·</strong></span> 
     </span>
     <span class='ocr_line' id='line_1_18' title="bbox 303 2146 1667 2231; baseline 0.002 -21"><span class='ocrx_word' id='word_1_164' title='bbox 303 2147 398 2211; x_wconf 90' lang='lat' dir='ltr'><strong>ditur.</strong></span> <span class='ocrx_word' id='word_1_165' title='bbox 444 2146 501 2212; x_wconf 88' lang='lat' dir='ltr'><strong>sed</strong></span> <span class='ocrx_word' id='word_1_166' title='bbox 530 2149 601 2231; x_wconf 88' lang='lat' dir='ltr'><strong>quis</strong></span> <span class='ocrx_word' id='word_1_167' title='bbox 631 2147 690 2212; x_wconf 89' lang='lat' dir='ltr'><strong>sibi</strong></span> <span class='ocrx_word' id='word_1_168' title='bbox 718 2147 930 2230; x_wconf 83' lang='lat' dir='ltr'><strong>persuaserit,</strong></span> <span class='ocrx_word' id='word_1_169' title='bbox 965 2147 1189 2230; x_wconf 86' lang='lat' dir='ltr'><strong>aequabilitati</strong></span> <span class='ocrx_word' id='word_1_170' title='bbox 1221 2167 1281 2212; x_wconf 92' lang='lat' dir='ltr'><strong>usu</strong></span> <span class='ocrx_word' id='word_1_171' title='bbox 1314 2153 1467 2231; x_wconf 85' lang='lat' dir='ltr'><strong>receptae</strong></span> <span class='ocrx_word' id='word_1_172' title='bbox 1505 2155 1571 2213; x_wconf 90' lang='lat' dir='ltr'><strong>tam</strong></span> <span class='ocrx_word' id='word_1_173' title='bbox 1599 2167 1667 2213; x_wconf 90' lang='lat' dir='ltr'><strong>non</strong></span> 
     </span>
     <span class='ocr_line' id='line_1_19' title="bbox 303 2249 1667 2334; baseline 0.001 -21"><span class='ocrx_word' id='word_1_174' title='bbox 303 2249 503 2314; x_wconf 89' lang='lat' dir='ltr'><strong>consuluisse</strong></span> <span class='ocrx_word' id='word_1_175' title='bbox 526 2250 783 2334; x_wconf 75' lang='lat' dir='ltr'><strong>compilatorem,</strong></span> <span class='ocrx_word' id='word_1_176' title='bbox 816 2255 851 2314; x_wconf 89' lang='grc' dir='ltr'><strong>ιιι</strong></span> <span class='ocrx_word' id='word_1_177' title='bbox 881 2249 938 2314; x_wconf 89' lang='lat' dir='ltr'><strong>illa</strong></span> <span class='ocrx_word' id='word_1_178' title='bbox 973 2249 1149 2332; x_wconf 87' lang='lat' dir='ltr'><strong>omitteret,</strong></span> <span class='ocrx_word' id='word_1_179' title='bbox 1176 2249 1263 2315; x_wconf 91' lang='lat' dir='ltr'><strong>unde</strong></span> <span class='ocrx_word' id='word_1_180' title='bbox 1293 2249 1432 2316; x_wconf 82' lang='lat' dir='ltr'><strong>maxime</strong></span> <span class='ocrx_word' id='word_1_181' title='bbox 1463 2249 1667 2314; x_wconf 85' lang='lat' dir='ltr'><strong>Andronicus</strong></span> 
     </span>
     <span class='ocr_line' id='line_1_20' title="bbox 304 2349 1665 2436; baseline 0.001 -22"><span class='ocrx_word' id='word_1_182' title='bbox 304 2349 533 2435; x_wconf 87' lang='lat' dir='ltr'><strong>philosophiae</strong></span> <span class='ocrx_word' id='word_1_183' title='bbox 555 2352 763 2418; x_wconf 84' lang='lat' dir='ltr'><strong>Aristoteliae</strong></span> <span class='ocrx_word' id='word_1_184' title='bbox 785 2352 910 2417; x_wconf 92' lang='lat' dir='ltr'><strong>initium</strong></span> <span class='ocrx_word' id='word_1_185' title='bbox 938 2351 1130 2436; x_wconf 86' lang='lat' dir='ltr'><strong>capiendum</strong></span> <span class='ocrx_word' id='word_1_186' title='bbox 1154 2371 1226 2417; x_wconf 87' lang='lat' dir='ltr'><strong>esse</strong></span> <span class='ocrx_word' id='word_1_187' title='bbox 1250 2353 1441 2417; x_wconf 78' lang='lat' dir='ltr'><strong>censuerat?</strong></span> <span class='ocrx_word' id='word_1_188' title='bbox 1477 2371 1578 2434; x_wconf 90' lang='lat' dir='ltr'><strong>quare</strong></span> <span class='ocrx_word' id='word_1_189' title='bbox 1599 2372 1665 2416; x_wconf 92' lang='lat' dir='ltr'><strong>non</strong></span> 
     </span>
     <span class='ocr_line' id='line_1_21' title="bbox 304 2453 1666 2538; baseline 0.002 -21"><span class='ocrx_word' id='word_1_190' title='bbox 304 2453 470 2536; x_wconf 87' lang='lat' dir='ltr'><strong>quaeritur</strong></span> <span class='ocrx_word' id='word_1_191' title='bbox 499 2475 574 2518; x_wconf 92' lang='lat' dir='ltr'><strong>num</strong></span> <span class='ocrx_word' id='word_1_192' title='bbox 614 2455 786 2520; x_wconf 88' lang='lat' dir='ltr'><strong>dialectica</strong></span> <span class='ocrx_word' id='word_1_193' title='bbox 820 2453 979 2538; x_wconf 89' lang='lat' dir='ltr'><strong>tetigerit,</strong></span> <span class='ocrx_word' id='word_1_194' title='bbox 1013 2454 1071 2519; x_wconf 89' lang='lat' dir='ltr'><strong>sed</strong></span> <span class='ocrx_word' id='word_1_195' title='bbox 1102 2475 1165 2537; x_wconf 87' lang='lat' dir='ltr'><strong>quo</strong></span> <span class='ocrx_word' id='word_1_196' title='bbox 1193 2454 1275 2520; x_wconf 91' lang='lat' dir='ltr'><strong>loco.</strong></span> <span class='ocrx_word' id='word_1_197' title='bbox 1320 2454 1361 2519; x_wconf 92' lang='lat' dir='ltr'><strong>de</strong></span> <span class='ocrx_word' id='word_1_198' title='bbox 1391 2473 1456 2536; x_wconf 89' lang='lat' dir='ltr'><strong>qua</strong></span> <span class='ocrx_word' id='word_1_199' title='bbox 1482 2473 1519 2519; x_wconf 91' lang='lat' dir='ltr'><strong>re</strong></span> <span class='ocrx_word' id='word_1_200' title='bbox 1543 2453 1666 2521; x_wconf 86' lang='lat' dir='ltr'><strong>videro.</strong></span> 
     </span>
     <span class='ocr_line' id='line_1_22' title="bbox 303 2555 1667 2640; baseline 0 -20"><span class='ocrx_word' id='word_1_201' title='bbox 303 2561 463 2620; x_wconf 90' lang='lat' dir='ltr'><strong>sectarum</strong></span> <span class='ocrx_word' id='word_1_202' title='bbox 487 2556 648 2622; x_wconf 85' lang='lat' dir='ltr'><strong>successio</strong></span> <span class='ocrx_word' id='word_1_203' title='bbox 672 2556 726 2621; x_wconf 86' lang='lat' dir='ltr'><strong>vix</strong></span> <span class='ocrx_word' id='word_1_204' title='bbox 747 2557 813 2621; x_wconf 87' lang='lat' dir='ltr'><strong>alia</strong></span> <span class='ocrx_word' id='word_1_205' title='bbox 835 2556 896 2621; x_wconf 84' lang='lat' dir='ltr'><strong>fuit</strong></span> <span class='ocrx_word' id='word_1_206' title='bbox 918 2575 1015 2638; x_wconf 89' lang='lat' dir='ltr'><strong>quam</strong></span> <span class='ocrx_word' id='word_1_207' title='bbox 1041 2556 1185 2640; x_wconf 88' lang='lat' dir='ltr'><strong>vulgaris</strong></span> <span class='ocrx_word' id='word_1_208' title='bbox 1209 2556 1464 2640; x_wconf 83' lang='lat' dir='ltr'><strong>Platonicorum,</strong></span> <span class='ocrx_word' id='word_1_209' title='bbox 1487 2555 1667 2622; x_wconf 84' lang='lat' dir='ltr'><strong>Aristoteli-</strong></span> 
     </span>
     <span class='ocr_line' id='line_1_23' title="bbox 304 2657 1666 2742; baseline 0.001 -20"><span class='ocrx_word' id='word_1_210' title='bbox 304 2678 423 2742; x_wconf 87' lang='lat' dir='ltr'><strong>corum,</strong></span> <span class='ocrx_word' id='word_1_211' title='bbox 447 2657 637 2724; x_wconf 88' lang='lat' dir='ltr'><strong>Stoicorum.</strong></span> <span class='ocrx_word' id='word_1_212' title='bbox 672 2659 714 2724; x_wconf 90' lang='lat' dir='ltr'><strong>de</strong></span> <span class='ocrx_word' id='word_1_213' title='bbox 730 2657 897 2742; x_wconf 84' lang='lat' dir='ltr'><strong>Epicureis</strong></span> <span class='ocrx_word' id='word_1_214' title='bbox 912 2657 993 2722; x_wconf 91' lang='lat' dir='ltr'><strong>nihil</strong></span> <span class='ocrx_word' id='word_1_215' title='bbox 1009 2663 1146 2724; x_wconf 89' lang='lat' dir='ltr'><strong>constat.</strong></span> <span class='ocrx_word' id='word_1_216' title='bbox 1170 2659 1227 2725; x_wconf 90' lang='lat' dir='ltr'><strong>sed</strong></span> <span class='ocrx_word' id='word_1_217' title='bbox 1250 2658 1330 2724; x_wconf 91' lang='lat' dir='ltr'><strong>illud</strong></span> <span class='ocrx_word' id='word_1_218' title='bbox 1352 2658 1536 2740; x_wconf 87' lang='lat' dir='ltr'><strong>ambiguum</strong></span> <span class='ocrx_word' id='word_1_219' title='bbox 1561 2665 1666 2724; x_wconf 89' lang='lat' dir='ltr'><strong>utrum</strong></span> 
     </span>
     <span class='ocr_line' id='line_1_24' title="bbox 309 2759 1670 2845; baseline -0.001 -19"><span class='ocrx_word' id='word_1_220' title='bbox 309 2767 468 2826; x_wconf 90' lang='lat' dir='ltr'><strong>sectarum</strong></span> <span class='ocrx_word' id='word_1_221' title='bbox 502 2761 609 2844; x_wconf 89' lang='lat' dir='ltr'><strong>logica</strong></span> <span class='ocrx_word' id='word_1_222' title='bbox 640 2759 778 2845; x_wconf 88' lang='lat' dir='ltr'><strong>physica</strong></span> <span class='ocrx_word' id='word_1_223' title='bbox 804 2759 912 2826; x_wconf 87' lang='lat' dir='ltr'><strong>ethica</strong></span> <span class='ocrx_word' id='word_1_224' title='bbox 940 2759 1094 2844; x_wconf 89' lang='lat' dir='ltr'><strong>deinceps</strong></span> <span class='ocrx_word' id='word_1_225' title='bbox 1123 2761 1320 2843; x_wconf 88' lang='lat' dir='ltr'><strong>singularum</strong></span> <span class='ocrx_word' id='word_1_226' title='bbox 1350 2765 1538 2842; x_wconf 87' lang='lat' dir='ltr'><strong>persecutus</strong></span> <span class='ocrx_word' id='word_1_227' title='bbox 1564 2759 1670 2825; x_wconf 84' lang='lat' dir='ltr'><strong>sitan</strong></span> 
     </span>
     <span class='ocr_line' id='line_1_25' title="bbox 307 2860 1670 2947; baseline -0.001 -20"><span class='ocrx_word' id='word_1_228' title='bbox 307 2869 373 2929; x_wconf 90' lang='lat' dir='ltr'><strong>tres</strong></span> <span class='ocrx_word' id='word_1_229' title='bbox 408 2869 519 2947; x_wconf 88' lang='lat' dir='ltr'><strong>partes</strong></span> <span class='ocrx_word' id='word_1_230' title='bbox 552 2861 651 2926; x_wconf 89' lang='lat' dir='ltr'><strong>aliam</strong></span> <span class='ocrx_word' id='word_1_231' title='bbox 682 2869 756 2946; x_wconf 89' lang='lat' dir='ltr'><strong>post</strong></span> <span class='ocrx_word' id='word_1_232' title='bbox 783 2863 881 2928; x_wconf 88' lang='lat' dir='ltr'><strong>aliam</strong></span> <span class='ocrx_word' id='word_1_233' title='bbox 910 2869 1070 2929; x_wconf 89' lang='lat' dir='ltr'><strong>sectarum</strong></span> <span class='ocrx_word' id='word_1_234' title='bbox 1104 2861 1293 2928; x_wconf 83' lang='lat' dir='ltr'><strong>diversitate</strong></span> <span class='ocrx_word' id='word_1_235' title='bbox 1325 2860 1544 2926; x_wconf 86' lang='lat' dir='ltr'><strong>illustraverit.</strong></span> <span class='ocrx_word' id='word_1_236' title='bbox 1589 2861 1670 2926; x_wconf 89' lang='lat' dir='ltr'><strong>illud</strong></span> 
     </span>
     <span class='ocr_line' id='line_1_26' title="bbox 307 2963 1669 3052; baseline 0 -24"><span class='ocrx_word' id='word_1_237' title='bbox 307 2964 423 3030; x_wconf 88' lang='lat' dir='ltr'><strong>suadet</strong></span> <span class='ocrx_word' id='word_1_238' title='bbox 446 2963 579 3030; x_wconf 88' lang='lat' dir='ltr'><strong>Stobaei</strong></span> <span class='ocrx_word' id='word_1_239' title='bbox 605 2965 695 3030; x_wconf 90' lang='lat' dir='ltr'><strong>locus</strong></span> <span class='ocrx_word' id='word_1_240' title='bbox 723 2985 818 3048; x_wconf 88' lang='lat' dir='ltr'><strong>quem</strong></span> <span class='ocrx_word' id='word_1_241' title='bbox 847 2965 984 3052; x_wconf 89' lang='lat' dir='ltr'><strong>apposui</strong></span> <span class='ocrx_word' id='word_1_242' title='bbox 1011 2985 1043 3048; x_wconf 91' lang='lat' dir='ltr'><strong>p.</strong></span> <span class='ocrx_word' id='word_1_243' title='bbox 1060 2965 1102 3029; x_wconf 77' lang='lat'><strong>70</strong></span> <span class='ocrx_word' id='word_1_244' title='bbox 1129 2965 1194 3050; x_wconf 79' lang='grc' dir='ltr'>περὶ</span> <span class='ocrx_word' id='word_1_245' title='bbox 1223 2965 1256 3027; x_wconf 83' lang='grc' dir='ltr'><strong>δὲ</strong></span> <span class='ocrx_word' id='word_1_246' title='bbox 1282 2968 1340 3027; x_wconf 82' lang='grc' dir='ltr'><strong>τῶν</strong></span> <span class='ocrx_word' id='word_1_247' title='bbox 1364 2964 1477 3047; x_wconf 69' lang='lat' dir='ltr'><strong>thado</strong></span> <span class='ocrx_word' id='word_1_248' title='bbox 1499 2964 1566 3047; x_wconf 76' lang='grc' dir='ltr'><strong>ἑξῆς</strong></span> <span class='ocrx_word' id='word_1_249' title='bbox 1588 2968 1669 3050; x_wconf 80' lang='grc' dir='ltr'>ποιή-</span> 
     </span>
     <span class='ocr_line' id='line_1_27' title="bbox 307 3063 1670 3152; baseline 0 -22"><span class='ocrx_word' id='word_1_250' title='bbox 307 3087 395 3148; x_wconf 79' lang='grc' dir='ltr'>σομαι</span> <span class='ocrx_word' id='word_1_251' title='bbox 425 3067 474 3129; x_wconf 85' lang='grc' dir='ltr'><strong>τὸν</strong></span> <span class='ocrx_word' id='word_1_252' title='bbox 502 3068 771 3150; x_wconf 78' lang='grc' dir='ltr'>ὑπομνηματισμόν.</span> <span class='ocrx_word' id='word_1_253' title='bbox 817 3067 888 3152; x_wconf 85' lang='lat' dir='ltr'><strong>quis</strong></span> <span class='ocrx_word' id='word_1_254' title='bbox 920 3066 1005 3133; x_wconf 80' lang='lat' dir='ltr'><strong>enim</strong></span> <span class='ocrx_word' id='word_1_255' title='bbox 1036 3066 1151 3132; x_wconf 81' lang='lat' dir='ltr'><strong>ethicis</strong></span> <span class='ocrx_word' id='word_1_256' title='bbox 1179 3073 1357 3133; x_wconf 77' lang='lat' dir='ltr'><strong>ceterarum</strong></span> <span class='ocrx_word' id='word_1_257' title='bbox 1387 3071 1546 3130; x_wconf 69' lang='lat' dir='ltr'><strong>scolarum</strong></span> <span class='ocrx_word' id='word_1_258' title='bbox 1577 3063 1670 3130; x_wconf 80' lang='lat' dir='ltr'><strong>absc·</strong></span> 
     </span>
     <span class='ocr_line' id='line_1_28' title="bbox 306 3166 1671 3253; baseline -0.001 -22"><span class='ocrx_word' id='word_1_259' title='bbox 306 3167 398 3251; x_wconf 88' lang='lat' dir='ltr'><strong>lutis,</strong></span> <span class='ocrx_word' id='word_1_260' title='bbox 427 3167 489 3232; x_wconf 90' lang='lat' dir='ltr'><strong>isto</strong></span> <span class='ocrx_word' id='word_1_261' title='bbox 516 3169 612 3233; x_wconf 91' lang='lat' dir='ltr'><strong>modo</strong></span> <span class='ocrx_word' id='word_1_262' title='bbox 641 3167 684 3232; x_wconf 86' lang='lat' dir='ltr'><strong>ad</strong></span> <span class='ocrx_word' id='word_1_263' title='bbox 707 3167 834 3236; x_wconf 86' lang='lat' dir='ltr'><strong>Stoicos</strong></span> <span class='ocrx_word' id='word_1_264' title='bbox 862 3168 1067 3234; x_wconf 78' lang='lat' dir='ltr'><strong>transiisset?</strong></span> <span class='ocrx_word' id='word_1_265' title='bbox 1099 3188 1207 3234; x_wconf 91' lang='lat' dir='ltr'><strong>nonne</strong></span> <span class='ocrx_word' id='word_1_266' title='bbox 1229 3189 1365 3253; x_wconf 86' lang='lat' dir='ltr'><strong>pergere</strong></span> <span class='ocrx_word' id='word_1_267' title='bbox 1386 3166 1528 3233; x_wconf 89' lang='lat' dir='ltr'><strong>debebat</strong></span> <span class='ocrx_word' id='word_1_268' title='bbox 1549 3168 1615 3251; x_wconf 82' lang='grc' dir='ltr'>περὶ</span> <span class='ocrx_word' id='word_1_269' title='bbox 1637 3169 1671 3230; x_wconf 81' lang='grc' dir='ltr'><strong>δὲ</strong></span> 
     </span>
     <span class='ocr_line' id='line_1_29' title="bbox 306 3269 1668 3356; baseline 0 -24"><span class='ocrx_word' id='word_1_270' title='bbox 306 3269 623 3335; x_wconf 61' lang='lat' dir='ltr'><strong>rectractant?</strong></span> <span class='ocrx_word' id='word_1_271' title='bbox 656 3270 730 3335; x_wconf 85' lang='lat' dir='ltr'><strong>huic</strong></span> <span class='ocrx_word' id='word_1_272' title='bbox 753 3271 897 3354; x_wconf 85' lang='lat' dir='ltr'><strong>opinioni</strong></span> <span class='ocrx_word' id='word_1_273' title='bbox 919 3271 1009 3338; x_wconf 84' lang='lat' dir='ltr'><strong>favet</strong></span> <span class='ocrx_word' id='word_1_274' title='bbox 1023 3271 1156 3336; x_wconf 80' lang='lat' dir='ltr'><strong>Eusebii</strong></span> <span class='ocrx_word' id='word_1_275' title='bbox 1178 3273 1297 3338; x_wconf 78' lang='lat' dir='ltr'><strong>lemma</strong></span> <span class='ocrx_word' id='word_1_276' title='bbox 1318 3272 1383 3356; x_wconf 83' lang='grc' dir='ltr'><strong>περὶ</strong></span> <span class='ocrx_word' id='word_1_277' title='bbox 1405 3275 1463 3333; x_wconf 82' lang='grc' dir='ltr'><strong>τῶν</strong></span> <span class='ocrx_word' id='word_1_278' title='bbox 1486 3270 1668 3354; x_wconf 79' lang='grc' dir='ltr'>ἀρεσκόντων</span> 
     </span>
     <span class='ocr_line' id='line_1_30' title="bbox 307 3371 1668 3458; baseline 0 -22"><span class='ocrx_word' id='word_1_279' title='bbox 307 3371 441 3436; x_wconf 83' lang='grc' dir='ltr'>Πλάτωνι</span> <span class='ocrx_word' id='word_1_280' title='bbox 466 3373 552 3455; x_wconf 88' lang='lat' dir='ltr'><strong>quod</strong></span> <span class='ocrx_word' id='word_1_281' title='bbox 574 3373 722 3458; x_wconf 88' lang='lat' dir='ltr'><strong>quamvis</strong></span> <span class='ocrx_word' id='word_1_282' title='bbox 744 3395 810 3438; x_wconf 92' lang='lat' dir='ltr'><strong>non</strong></span> <span class='ocrx_word' id='word_1_283' title='bbox 832 3375 874 3439; x_wconf 90' lang='lat' dir='ltr'><strong>sit</strong></span> <span class='ocrx_word' id='word_1_284' title='bbox 888 3379 1075 3439; x_wconf 90' lang='lat' dir='ltr'><strong>accuratum</strong></span> <span class='ocrx_word' id='word_1_285' title='bbox 1091 3379 1201 3439; x_wconf 90' lang='lat' dir='ltr'><strong>tamen</strong></span> <span class='ocrx_word' id='word_1_286' title='bbox 1214 3373 1419 3439; x_wconf 88' lang='lat' dir='ltr'><strong>Platonicam</strong></span> <span class='ocrx_word' id='word_1_287' title='bbox 1433 3377 1560 3456; x_wconf 83' lang='lat' dir='ltr'><strong>partem</strong></span> <span class='ocrx_word' id='word_1_288' title='bbox 1583 3391 1668 3437; x_wconf 88' lang='lat' dir='ltr'><strong>seor-</strong></span> 
     </span>
     <span class='ocr_line' id='line_1_31' title="bbox 308 3473 1668 3561; baseline 0.001 -23"><span class='ocrx_word' id='word_1_289' title='bbox 308 3493 378 3538; x_wconf 92' lang='lat' dir='ltr'><strong>sum</strong></span> <span class='ocrx_word' id='word_1_290' title='bbox 406 3473 527 3540; x_wconf 81' lang='lat' dir='ltr'><strong>eximit.</strong></span> <span class='ocrx_word' id='word_1_291' title='bbox 565 3483 663 3560; x_wconf 91' lang='lat' dir='ltr'><strong>atque</strong></span> <span class='ocrx_word' id='word_1_292' title='bbox 690 3475 872 3561; x_wconf 87' lang='lat' dir='ltr'><strong>peculiares</strong></span> <span class='ocrx_word' id='word_1_293' title='bbox 901 3474 1058 3541; x_wconf 86' lang='lat' dir='ltr'><strong>eiusmodi</strong></span> <span class='ocrx_word' id='word_1_294' title='bbox 1081 3474 1209 3540; x_wconf 87' lang='lat' dir='ltr'><strong>libellos</strong></span> <span class='ocrx_word' id='word_1_295' title='bbox 1230 3474 1373 3541; x_wconf 83' lang='lat' dir='ltr'><strong>Arianae</strong></span> <span class='ocrx_word' id='word_1_296' title='bbox 1395 3473 1563 3557; x_wconf 83' lang='lat' dir='ltr'><strong>Epitomes</strong></span> <span class='ocrx_word' id='word_1_297' title='bbox 1584 3473 1668 3540; x_wconf 86' lang='lat' dir='ltr'><strong>alias</strong></span> 
     </span>
     <span class='ocr_line' id='line_1_32' title="bbox 306 3575 1669 3663; baseline 0.001 -23"><span class='ocrx_word' id='word_1_298' title='bbox 306 3575 423 3642; x_wconf 90' lang='lat' dir='ltr'><strong>citatos</strong></span> <span class='ocrx_word' id='word_1_299' title='bbox 447 3583 479 3643; x_wconf 90' lang='lat' dir='ltr'><strong>ct</strong></span> <span class='ocrx_word' id='word_1_300' title='bbox 501 3586 672 3663; x_wconf 86' lang='lat' dir='ltr'><strong>excerptos</strong></span> <span class='ocrx_word' id='word_1_301' title='bbox 693 3577 885 3644; x_wconf 87' lang='lat' dir='ltr'><strong>videbimus.</strong></span> <span class='ocrx_word' id='word_1_302' title='bbox 919 3577 1070 3642; x_wconf 83' lang='lat' dir='ltr'><strong>universo</strong></span> <span class='ocrx_word' id='word_1_303' title='bbox 1093 3576 1248 3642; x_wconf 88' lang='lat' dir='ltr'><strong>volumini</strong></span> <span class='ocrx_word' id='word_1_304' title='bbox 1264 3579 1501 3660; x_wconf 87' lang='lat' dir='ltr'><strong>Prolegomcna</strong></span> <span class='ocrx_word' id='word_1_305' title='bbox 1522 3575 1669 3659; x_wconf 84' lang='lat' dir='ltr'><strong>praelixa</strong></span> 
     </span>
     <span class='ocr_line' id='line_1_33' title="bbox 306 3678 1667 3765; baseline 0.001 -23"><span class='ocrx_word' id='word_1_306' title='bbox 306 3684 399 3742; x_wconf 90' lang='lat' dir='ltr'><strong>erant</strong></span> <span class='ocrx_word' id='word_1_307' title='bbox 425 3678 501 3746; x_wconf 87' lang='lat' dir='ltr'><strong>item</strong></span> <span class='ocrx_word' id='word_1_308' title='bbox 529 3679 704 3765; x_wconf 88' lang='lat' dir='ltr'><strong>tripartita,</strong></span> <span class='ocrx_word' id='word_1_309' title='bbox 740 3680 826 3746; x_wconf 90' lang='lat' dir='ltr'><strong>unde</strong></span> <span class='ocrx_word' id='word_1_310' title='bbox 853 3687 961 3746; x_wconf 83' lang='lat' dir='ltr'><strong>exstat</strong></span> <span class='ocrx_word' id='word_1_311' title='bbox 992 3678 1118 3745; x_wconf 86' lang='lat' dir='ltr'><strong>ethicae</strong></span> <span class='ocrx_word' id='word_1_312' title='bbox 1146 3678 1372 3762; x_wconf 88' lang='lat' dir='ltr'><strong>philosophiae</strong></span> <span class='ocrx_word' id='word_1_313' title='bbox 1403 3698 1489 3762; x_wconf 89' lang='lat' dir='ltr'><strong>pars.</strong></span> <span class='ocrx_word' id='word_1_314' title='bbox 1534 3697 1608 3743; x_wconf 90' lang='lat' dir='ltr'><strong>nam</strong></span> <span class='ocrx_word' id='word_1_315' title='bbox 1640 3679 1667 3744; x_wconf 90' lang='lat' dir='ltr'><strong>si</strong></span> 
     </span>
     <span class='ocr_line' id='line_1_34' title="bbox 305 3779 1667 3866; baseline 0.001 -22"><span class='ocrx_word' id='word_1_316' title='bbox 305 3785 340 3844; x_wconf 93' lang='lat' dir='ltr'><strong>ut</strong></span> <span class='ocrx_word' id='word_1_317' title='bbox 362 3779 523 3848; x_wconf 86' lang='lat' dir='ltr'><strong>Stobaeus</strong></span> <span class='ocrx_word' id='word_1_318' title='bbox 544 3782 623 3848; x_wconf 81' lang='lat' dir='ltr'><strong>tacit</strong></span> <span class='ocrx_word' id='word_1_319' title='bbox 641 3781 880 3866; x_wconf 81' lang='lat' dir='ltr'><strong>prolegomenis</strong></span> <span class='ocrx_word' id='word_1_320' title='bbox 895 3781 1116 3848; x_wconf 87' lang='lat' dir='ltr'><strong>continuasset</strong></span> <span class='ocrx_word' id='word_1_321' title='bbox 1133 3779 1257 3846; x_wconf 88' lang='lat' dir='ltr'><strong>ethicas</strong></span> <span class='ocrx_word' id='word_1_322' title='bbox 1273 3780 1454 3847; x_wconf 89' lang='lat' dir='ltr'><strong>Stoicorum</strong></span> <span class='ocrx_word' id='word_1_323' title='bbox 1473 3785 1667 3847; x_wconf 88' lang='lat' dir='ltr'><strong>ceterorum·</strong></span> 
     </span>
     <span class='ocr_line' id='line_1_35' title="bbox 304 3882 1667 3968; baseline 0.003 -22"><span class='ocrx_word' id='word_1_324' title='bbox 304 3901 367 3964; x_wconf 91' lang='lat' dir='ltr'><strong>que</strong></span> <span class='ocrx_word' id='word_1_325' title='bbox 396 3882 541 3968; x_wconf 86' lang='lat' dir='ltr'><strong>eclogas,</strong></span> <span class='ocrx_word' id='word_1_326' title='bbox 572 3883 686 3950; x_wconf 89' lang='lat' dir='ltr'><strong>eadem</strong></span> <span class='ocrx_word' id='word_1_327' title='bbox 715 3884 823 3948; x_wconf 86' lang='lat' dir='ltr'><strong>statim</strong></span> <span class='ocrx_word' id='word_1_328' title='bbox 851 3885 1028 3968; x_wconf 90' lang='lat' dir='ltr'><strong>repetendo</strong></span> <span class='ocrx_word' id='word_1_329' title='bbox 1056 3885 1194 3950; x_wconf 89' lang='lat' dir='ltr'><strong>lectores</strong></span> <span class='ocrx_word' id='word_1_330' title='bbox 1224 3883 1321 3950; x_wconf 89' lang='lat' dir='ltr'><strong>credo</strong></span> <span class='ocrx_word' id='word_1_331' title='bbox 1344 3883 1534 3950; x_wconf 89' lang='lat' dir='ltr'><strong>enecuisset.</strong></span> <span class='ocrx_word' id='word_1_332' title='bbox 1580 3883 1667 3950; x_wconf 89' lang='lat' dir='ltr'><strong>hano</strong></span> 
     </span>
     <span class='ocr_line' id='line_1_36' title="bbox 303 3983 979 4071; baseline 0.006 -25"><span class='ocrx_word' id='word_1_333' title='bbox 303 3983 401 4066; x_wconf 85' lang='lat' dir='ltr'><strong>igitur</strong></span> <span class='ocrx_word' id='word_1_334' title='bbox 423 3983 509 4051; x_wconf 89' lang='lat' dir='ltr'><strong>habe</strong></span> <span class='ocrx_word' id='word_1_335' title='bbox 531 3985 697 4070; x_wconf 83' lang='lat' dir='ltr'><strong>Epitomes</strong></span> <span class='ocrx_word' id='word_1_336' title='bbox 719 3987 979 4071; x_wconf 88' lang='lat' dir='ltr'><strong>dispositionem:</strong></span> 
     </span>
    </p>

    <p class='ocr_par' dir='ltr' id='par_1_5' title="bbox 432 4087 1514 4894">
     <span class='ocr_line' id='line_1_37' title="bbox 432 4087 865 4175; baseline 0.007 -24"><span class='ocrx_word' id='word_1_337' title='bbox 432 4087 583 4172; x_wconf 80' lang='grc' dir='ltr'>προοίμιον</span> <span class='ocrx_word' id='word_1_338' title='bbox 606 4090 670 4173; x_wconf 74' lang='grc' dir='ltr'>περὶ</span> <span class='ocrx_word' id='word_1_339' title='bbox 693 4090 865 4175; x_wconf 83' lang='grc' dir='ltr'>φιλοσοφίας</span> 
     </span>
     <span class='ocr_line' id='line_1_38' title="bbox 507 4193 794 4277; baseline -0.007 -20"><span class='ocrx_word' id='word_1_340' title='bbox 507 4195 524 4257; x_wconf 93' lang='lat' dir='ltr'><strong>l</strong></span> <span class='ocrx_word' id='word_1_341' title='bbox 570 4193 683 4275; x_wconf 77' lang='grc' dir='ltr'>λογικὸν</span> <span class='ocrx_word' id='word_1_342' title='bbox 707 4193 794 4277; x_wconf 80' lang='grc' dir='ltr'>μέρος</span> 
     </span>
     <span class='ocr_line' id='line_1_39' title="bbox 506 4294 800 4379; baseline 0.014 -20"><span class='ocrx_word' id='word_1_343' title='bbox 506 4296 526 4359; x_wconf 79' lang='grc'>2</span> <span class='ocrx_word' id='word_1_344' title='bbox 569 4297 689 4379; x_wconf 85' lang='grc' dir='ltr'>φυσικὸν</span> <span class='ocrx_word' id='word_1_345' title='bbox 714 4294 800 4378; x_wconf 79' lang='grc' dir='ltr'>μέρος</span> 
     </span>
     <span class='ocr_line' id='line_1_40' title="bbox 506 4397 785 4481; baseline 0.014 -19"><span class='ocrx_word' id='word_1_346' title='bbox 506 4397 525 4462; x_wconf 85' lang='grc'>3</span> <span class='ocrx_word' id='word_1_347' title='bbox 569 4397 673 4481; x_wconf 75' lang='grc' dir='ltr'>ἠθικὸν</span> <span class='ocrx_word' id='word_1_348' title='bbox 699 4397 785 4481; x_wconf 74' lang='grc' dir='ltr'>μέρος</span> 
     </span>
     <span class='ocr_line' id='line_1_41' title="bbox 444 4497 1514 4583; baseline -0.002 -21"><span class='ocrx_word' id='word_1_349' title='bbox 444 4499 460 4562; x_wconf 94' lang='grc' dir='ltr'><strong>Ι</strong></span> <span class='ocrx_word' id='word_1_350' title='bbox 504 4499 661 4570; x_wconf 79' lang='grc' dir='ltr'>Πλάτωνος</span> <span class='ocrx_word' id='word_1_351' title='bbox 683 4502 731 4564; x_wconf 82' lang='grc' dir='ltr'>και</span> <span class='ocrx_word' id='word_1_352' title='bbox 753 4505 812 4564; x_wconf 83' lang='grc' dir='ltr'><strong>τῶν</strong></span> <span class='ocrx_word' id='word_1_353' title='bbox 835 4503 945 4562; x_wconf 84' lang='grc' dir='ltr'>λοιπῶν</span> <span class='ocrx_word' id='word_1_354' title='bbox 965 4497 1190 4583; x_wconf 79' lang='grc' dir='ltr'>Ἀκαδημαϊκῶν</span> <span class='ocrx_word' id='word_1_355' title='bbox 1214 4497 1366 4580; x_wconf 75' lang='grc' dir='ltr'><strong>δογμάτων</strong></span> <span class='ocrx_word' id='word_1_356' title='bbox 1389 4497 1514 4582; x_wconf 77' lang='grc' dir='ltr'>ἐπιτομή</span> 
     </span>
     <span class='ocr_line' id='line_1_42' title="bbox 505 4603 682 4686; baseline -0.006 -18"><span class='ocrx_word' id='word_1_357' title='bbox 505 4603 522 4668; x_wconf 93' lang='grc'>1</span> <span class='ocrx_word' id='word_1_358' title='bbox 568 4604 682 4686; x_wconf 83' lang='grc' dir='ltr'>λογικόν</span> 
     </span>
     <span class='ocr_line' id='line_1_43' title="bbox 504 4705 690 4790; baseline -0.016 -19"><span class='ocrx_word' id='word_1_359' title='bbox 504 4707 524 4771; x_wconf 78' lang='lat'>2</span> <span class='ocrx_word' id='word_1_360' title='bbox 568 4705 690 4790; x_wconf 82' lang='grc' dir='ltr'>φυσικόν</span> 
     </span>
     <span class='ocr_line' id='line_1_44' title="bbox 504 4807 672 4894; baseline -0.024 -20"><span class='ocrx_word' id='word_1_361' title='bbox 504 4809 524 4874; x_wconf 86' lang='grc'>3</span> <span class='ocrx_word' id='word_1_362' title='bbox 568 4807 672 4894; x_wconf 66' lang='grc' dir='ltr'>ἠθικόν</span> 
     </span>
    </p>
   </div>
   <div class='ocr_carea' id='block_1_4' title="bbox 0 0 1861 5730">
    <p class='ocr_par' dir='ltr' id='par_1_6' title="bbox 0 0 1861 5730">
     <span class='ocr_line' id='line_1_45' title="bbox 0 0 1861 5730; baseline 0 0"><span class='ocrx_word' id='word_1_363' title='bbox 0 0 1861 5730; x_wconf 95' lang='lat' dir='ltr'><strong> </strong></span> 
     </span>
    </p>
   </div>
  </div>
 </body>
</html>
