3710 5730
709 415 987 468 naonneounns
1482 417 1524 480 55

164 584 352 668 ἡγεμονικόν,
384 582 431 668 ἀφ’
463 582 498 647 οῦ
520 597 597 630 m
618 585 702 647 ποίλιν
733 582 914 668 αἰσθητήρια
940 583 1052 666 λέγεται
1083 583 1232 666 πνεύματα
1265 585 1351 668 νοερὰ
1381 588 1439 650 ἀπὸ
1473 591 1524 650 τοῦ

162 687 338 770 ἡγεμονικοῦ
360 684 409 748 aa
431 686 468 750 τὰ
490 684 597 770 ὄργανα
619 685 770 767 τεταμένα.
815 683 929 749 ultima
955 684 1035 751 mire
1064 685 1193 751 turbata
1218 704 1291 752 esse
1317 693 1349 752 et
1370 686 1456 752 illiue
1478 687 1524 752 in·

161 786 330 870 tellegitur
352 793 385 852 et
399 787 580 854 Stoioorum
596 787 743 853 doetrina
764 786 930 871 probatur.
963 806 1039 852 nam
1062 807 1100 853 ex
1117 787 1248 853 Laertio
1271 786 1424 854 disoimus
1446 789 1523 872 quid

159 889 225 954 iilis
251 888 410 974 placuerit
431 889 492 953 VH
507 890 550 954 52
572 887 708 972 αἴσθησις
730 891 763 954 δὲ
785 889 900 972 λέγεται
921 891 996 954 κατὰ
1016 890 1084 960 τοῦς
1105 890 1252 960 Στωικοὺς
1273 891 1306 956 τό
1328 889 1352 952 τ’
1381 891 1432 976 ἀφ’
1459 894 1523 976 ἡγε-

161 995 283 1074 μονικοῦ
304 995 419 1074 πνεῦμα
440 991 488 1056 ἐπὶ
510 993 561 1063 τὰς
582 992 735 1077 αἰσθήσεις
757 994 857 1077 διῆκον
872 993 920 1056 καί
940 995 960 1076 i,
981 991 1017 1056 δι’
1045 992 1141 1056 αὐτῶν
1164 994 1323 1078 κατάληψις
1345 994 1393 1057 καί
1416 995 1435 1077 ή
1458 995 1523 1078 περὶ

159 1095 198 1158 τὰ
211 1094 391 1179 αἰσθητήρια
405 1097 581 1179 κατασκευή,
603 1093 668 1159 καθ’
688 1096 725 1178 ἥν
747 1117 820 1165 τινες
841 1096 927 1179 πηροὶ
942 1096 1076 1178 γίνονται.
1102 1095 1150 1159 καί
1173 1097 1193 1178 ἡ
1216 1095 1344 1178 ἐνέργεια
1365 1096 1398 1158 δὲ
1420 1095 1522 1179 αἴσθη-

160 1217 206 1266 σις
231 1199 372 1260 καλεῖται.
404 1195 566 1261 eonsentit
590 1197 646 1280 qui
671 1196 799 1263 Aetium
827 1203 884 1262 aut
905 1197 1020 1262 melius
1046 1202 1209 1263 servatum
1230 1196 1380 1262 adhibuit
1401 1203 1457 1263 aut
1478 1197 1523 1262 vi-

161 1297 278 1364 tiatum
301 1317 343 1364 ex
364 1317 425 1364 sua
446 1297 594 1364 doetrina
615 1299 802 1366 emendavit
826 1299 997 1366 Nemeeius
1019 1299 1061 1364 de
1082 1306 1149 1365 nat.
1171 1297 1257 1364 bom.
1279 1320 1310 1382 p.
1327 1300 1366 1364 77
1393 1302 1522 1363 καλεῖται

159 1402 195 1464 δὲ
217 1403 356 1472 πολλάκις
377 1399 514 1485 αἴσθησις
536 1403 584 1466 καὶ
607 1403 643 1466 τὰ
664 1403 850 1486 αἰσθητήρια.
878 1399 938 1466 ἔστι
961 1403 993 1466 δὲ
1015 1401 1150 1486 αίσθησις
1171 1403 1319 1487 ἀντιληψις
1340 1405 1398 1465 τῶν
1421 1401 1522 1484 αἰσθη-

158 1507 231 1567 τῶν.
257 1506 339 1567 δοκεῖ
363 1505 396 1568 δὲ
423 1502 506 1574 οῦτος
533 1507 549 1570 ὁ
578 1506 644 1589 ὅρος
671 1505 725 1568 οἰκκ
751 1504 842 1588 αὐτῆς
870 1504 943 1568 εἰναι
971 1509 1023 1588 τῆς
1049 1505 1216 1589 αἰσθήσεως
1243 1504 1318 1568 ἀλλὰ
1346 1507 1403 1566 τῶν
1430 1502 1521 1588 ἔργων

159 1605 268 1689 αὐτῆς.
303 1608 348 1669 διὸ
363 1606 412 1670 καί
427 1606 520 1676 οὕτως
542 1605 685 1691 ὁρίζονται
704 1608 757 1691 τήν
772 1605 922 1690 αἴσθησιν·
939 1611 1052 1690 πνεῦμα
1073 1607 1171 1690 νοερὸν
1193 1607 1252 1670 ἀπὸ
1274 1610 1326 1668 τοῦ
1348 1607 1520 1689 ἡγεμονικοῦ

158 1709 209 1772 ἐπὶ
237 1709 275 1772 τὰ
297 1707 405 1793 ὄργανα
432 1709 596 1791 τεταμένον.
633 1708 708 1774 hine
734 1709 915 1775 sententiae
945 1708 1024 1774 sads
1046 1708 1127 1774 lueis
1147 1707 1294 1790 affertur,
1322 1707 1430 1774 verbis
1455 1729 1520 1774 non

160 1811 250 1876 item.
284 1829 361 1876 nam
390 1811 488 1894 plane
510 1810 680 1877 obsonrnm
703 1817 753 1877 est
778 1811 854 1894 quid
881 1818 956 1895 post
980 1809 1026 1896 ἀφ’
1056 1811 1090 1876 οῦ
1115 1809 1323 1875 interciderit.
1357 1809 1449 1875 nihili
1471 1817 1521 1876 est

158 1912 247 1996 quod
268 1911 441 1996 Byzantini
462 1912 587 1978 addunt
609 1913 783 1994 συνίσταται,
806 1912 893 1997 qnod
915 1912 1075 1979 emblema
1097 1919 1130 1978 et
1144 1911 1289 1978 Galenus
1311 1919 1344 1978 et
1359 1913 1519 1980 Stobaeus

160 2015 324 2097 ignorant.
368 2013 513 2082 Galenus
539 2014 634 2082 aliter
659 2016 735 2082 lusit
761 2014 807 2102 ἀρ’
840 2015 874 2080 οῦ
901 2019 982 2079 πᾶσα
1008 2013 1136 2100 αἰσθητή
1163 2014 1212 2100 βία
1233 2015 1366 2098 γίγνεται.
1399 2034 1520 2080 assum·

157 2115 225 2200 psit
247 2116 334 2183 enim
356 2117 459 2184 verba
480 2121 565 2182 πολιν
587 2118 765 2204 αἰσθητήρια
787 2120 916 2202 λέγονται
939 2116 1053 2182 eodem
1068 2116 1164 2181 medo
1186 2135 1208 2181 a
1223 2114 1366 2182 Stoboeo
1388 2115 1518 2182 tradita

158 2218 220 2284 sed
242 2225 330 2285 reete
355 2219 413 2286 ille
442 2220 523 2286 vidit
545 2220 723 2306 αἰσθητήρια
744 2222 856 2305 inepto
878 2221 951 2285 loeo
974 2216 1226 2284 commemorari.
1270 2235 1310 2282 ae
1330 2237 1446 2284 vereor
1468 2238 1520 2286 ve

158 2319 330 2386 hementer
350 2341 393 2388 ne
415 2323 459 2388 ad
481 2322 686 2406 proximare
709 2322 816 2409 ὄργανα
839 2321 1034 2405 explicanda
1055 2321 1201 2386 additum
1222 2319 1328 2386 fuerit.
1362 2319 1437 2386 bine
1457 2320 1519 2386 for·
1560 2407 1561 2415 ρ

156 2431 247 2488 tasse
274 2422 373 2489 etiam
401 2425 447 2510 ἀφ’
481 2425 515 2490 οῦ
542 2425 660 2491 reetius
689 2423 882 2509 paraphrasi
911 2423 1112 2490 adscribetur
1139 2429 1172 2488 et
1196 2421 1333 2506 pristina
1358 2422 1520 2488 sententia

157 2559 200 2570 -
221 2545 298 2591 nem
320 2527 422 2593 verba
443 2546 509 2593 non
532 2526 747 2611 praestiterim
771 2562 812 2573 ·-
835 2525 1090 2611 recuperabitur:
1118 2527 1166 2589 καὶ
1188 2525 1259 2590 αἰιτὸ
1281 2527 1315 2589 τὸ
1338 2526 1519 2608 ἡγεμονικόν.

156 2631 243 2692 πολιν
271 2628 434 2713 (αἴσθησις)
459 2629 572 2711 λέγεται
602 2629 751 2711 πνεύματα
780 2631 866 2714 νοερὰ
898 2630 957 2692 ἀπὸ
987 2633 1039 2692 τοῦ
1068 2631 1241 2712 ἡγεμονικοῦ
1268 2627 1316 2692 ἐπί
1345 2625 1381 2689 τὰ
1412 2625 1518 2710 ὄργανα

156 2731 309 2813 τεταμένα
333 2731 511 2815 αἰσθητήρια
525 2735 634 2796 autem
649 2731 729 2796 illud
745 2732 831 2813 quod
847 2730 1023 2797 seholiasta
1037 2729 1173 2814 arripuit
1188 2751 1229 2796 ex
1244 2727 1406 2796 sententia
1420 2729 1518 2812 piena

155 2851 253 2915 quam
278 2831 451 2902 Nemesius
482 2830 614 2898 exhibet
643 2836 771 2897 καλεῖται
800 2835 833 2896 δὲ
864 2835 1002 2904 πολλάκις
1032 2831 1167 2916 αἴσθησις
1195 2835 1243 2898 καὶ
1275 2833 1312 2898 τὰ
1341 2831 1518 2917 αἰσθητήρια

155 2932 209 3020 [ef.
233 2935 341 3001 Laert
364 2935 386 3000 i.
409 2935 451 3017 e]
474 2933 638 3000 residuum
660 2934 798 3001 videtur.

241 3037 324 3103 Huio
344 3036 392 3102 rei
415 3035 511 3102 fidem
534 3034 612 3103 iaeit
633 3037 720 3121 quod
742 3055 783 3103 ex
805 3043 955 3120 oomupto
978 3038 1049 3102 loeo
1065 3037 1109 3101 IV
1126 3036 1201 3101 131
1226 3033 1371 3102 eifieitur.
1405 3042 1517 3102 notum

154 3145 207 3205 est
229 3159 270 3204 ex
287 3137 583 3204 Herculanensibus
604 3138 821 3204 voluminibus
837 3139 1027 3206 emendatas
1042 3137 1199 3204 leotiones
1219 3140 1254 3203 in
1275 3137 1416 3221 antiquis
1437 3137 1519 3203 anti·

153 3239 289 3324 graphia
315 3241 400 3306 inter
427 3259 541 3306 versus
568 3241 620 3306 vel
648 3241 682 3305 in
711 3241 775 3306 oris
803 3241 879 3308 addi
909 3242 1024 3306 solere.
1068 3239 1154 3306 idom
1182 3259 1253 3306 mos
1278 3245 1394 3324 postea
1418 3241 1517 3324 vaiet,

154 3342 245 3408 unde
272 3342 461 3408 innumerae
492 3349 669 3408 naseuntur
697 3342 939 3427 dittograpbiae
967 3349 1000 3408 et
1026 3341 1302 3426 interpolationes.
1350 3342 1517 3425 antiquum

154 3445 339 3528 exemplum
370 3451 446 3528 peto
474 3465 515 3510 ex
543 3444 628 3510 Astii
658 3445 848 3529 exemplari.
892 3443 1088 3509 mirabamur
1117 3445 1192 3510 olim
1219 3445 1301 3509 haee
1323 3443 1518 3510 Plutarebea

153 3547 203 3610 καί
226 3549 301 3611 κατοί
322 3571 406 3611 τινιον
428 3547 552 3610 ἀκτίνων
575 3545 699 3631 ἔκκρισιν
723 3545 886 3634 [coniunxi
910 3546 1027 3612 Galerii
1050 3545 1170 3632 ἔκχυσιν
1193 3553 1226 3611 et
1247 3545 1392 3612 eodieum
1415 3546 1518 3630 είσκρι-

154 3646 213 3736 σιν]
236 3651 309 3732 μετὰ
330 3651 383 3734 τὴν
406 3651 477 3734 πρὸς
499 3651 533 3712 τὸ
556 3650 744 3732 ὑποκείμενον
760 3648 892 3714 ἔνστασιν
907 3652 992 3713 παλιν
1008 3652 1251 3734 ὑποστρεφουσῶν
1274 3652 1344 3734 πρὸς
1366 3651 1418 3734 τὴν
1441 3648 1517 3734 ὄψιν.

153 3752 276 3816 lemma
297 3750 500 3818 intereidisse
523 3771 595 3816 eum
618 3757 756 3836 pateret,
781 3753 927 3818 Galenus
948 3771 1053 3835 prona
1071 3751 1256 3817 eonieetura
1278 3751 1405 3835 soripsit
1426 3753 1518 3838 ἕτεροι

154 3856 233 3916 κατά
243 3863 327 3917 τίνων
338 3857 401 3932 κτλ,
415 3853 566 3937 idemque
577 3853 724 3921 ieoernnt
735 3854 864 3922 oodiees
878 3855 1032 3937 vulgares
1047 3860 1177 3938 praeter
1192 3851 1293 3918 ABO.
1321 3855 1517 3922 reeentiores

154 3975 192 4022 se
206 3963 369 4022 torserunt
391 3957 578 4042 philosophi
601 3977 719 4023 nomen
743 3957 931 4022 divinando.
966 3955 1155 4022 Gassendus
1176 3955 1402 4039 Pythagoreos
1423 3955 1518 4039 signi·

154 4057 326 4142 beaverat,
350 4059 389 4126 G.
417 4059 635 4126 Sebneiderus
657 4058 874 4125 Aristotelem.
920 4058 1005 4124 hane
1028 4079 1155 4126 omnem
1177 4057 1378 4123 ariolationis
1399 4057 1517 4123 nubem

156 4161 183 4225 1.
206 4159 403 4226 Damasceni
425 4159 615 4244 florilegium
638 4159 787 4245 dispulit,
814 4161 901 4244 quod
930 4168 1005 4244 post
1032 4160 1089 4226 ilia
1112 4159 1227 4226 eodem
1250 4159 1345 4225 modo
1370 4161 1518 4225 mutilata

153 4261 221 4326 iam
243 4261 384 4344 genuina
405 4262 488 4329 haee
510 4262 642 4329 exbibet
664 4268 722 4326 τῶν
735 4262 959 4347 Ἀκαδημαϊκῶν
973 4286 1046 4333 τινες
1061 4265 1136 4327 κατοί
1157 4285 1241 4325 τινοιν
1264 4259 1361 4348 [adde
1383 4259 1517 4349 ἀκτίνων]

155 4363 276 4450 ἔκχυσιν
300 4362 331 4451 [Ι.
347 4362 486 4450 ἔκκρισιν]
510 4365 582 4448 μετὰ
603 4366 656 4450 τὴν
678 4367 750 4449 πρὸς
770 4367 803 4429 τὸ
819 4367 1006 4449 ὑποκείμενον
1022 4364 1152 4430 ἔνστασιν
1167 4367 1252 4429 παλιν
1275 4366 1517 4449 ὑποστρεφουσῶν

154 4468 229 4551 πρὸς
256 4469 309 4552 τήν
340 4465 414 4552 ὄψιν.
466 4487 542 4551 ergo
571 4466 737 4534 exciderat
763 4469 882 4534 lemma
915 4469 949 4532 in
982 4487 1022 4533 eo
1053 4467 1202 4550 exemplo
1231 4466 1318 4550 quod
1345 4465 1518 4550 descripsit

155 4568 352 4634 Plutarobus
374 4567 465 4634 ouius
486 4567 590 4636 rioem
613 4571 661 4634 καὶ
690 4589 730 4635 ex
752 4569 934 4652 insequenti
956 4571 1031 4634 κατὰ
1052 4574 1163 4633 natum
1187 4570 1386 4652 expleverat.
1431 4568 1517 4634 idem

154 4670 321 4738 aeeiderat
342 4671 377 4737 in
399 4669 586 4737 Stobaeano
610 4672 768 4756 exemplo.
803 4671 862 4736 sed
883 4670 945 4736 hoe
969 4691 1009 4737 ex
1032 4670 1165 4737 meliore
1187 4669 1269 4736 libro
1291 4677 1420 4736 anetam
1442 4670 1518 4736 lem·

156 4779 244 4840 mate
267 4773 453 4860 opinionem
483 4773 517 4838 in
546 4767 691 4857 margine
713 4771 866 4839 habebat.
911 4773 998 4838 unde
1020 4791 1041 4838 a
1064 4772 1179 4858 supino
1202 4771 1358 4856 seriptore
1379 4771 1413 4835 in
1436 4769 1518 4836 ordi-

157 4895 232 4942 nem
255 4883 394 4959 utraque
415 4874 512 4942 lectio
534 4883 666 4960 recepta
688 4883 746 4942 est.

247 4979 387 5043 Tantum
411 4976 453 5043 de
474 4977 559 5044 Astii
582 4978 800 5046 scribarumve
822 4977 1026 5061 antiquorum
1052 4976 1202 5062 peeoatis.
1246 4994 1331 5040 nuno
1353 4994 1425 5040 eum
1447 4992 1519 5060 pro·
