3756 5736
333 396 395 460 196
605 397 669 446 XVI
707 395 756 444 DE
777 394 879 445 suun
897 393 1135 444 PLACITORUM
1155 389 1427 444 COMPOSITIONH

334 565 457 630 ναίετ’
495 566 580 629 solas
612 567 723 647 recipit
757 561 792 650 [l.
816 559 960 649 recepitl,
993 566 1088 625 ceteri

331 669 469 733 ιιαίοοιιί
489 667 704 750 inproborum.

392 837 394 844 ,
423 770 575 855 Sequitur
598 769 835 838 Chaldaeorum
859 768 940 834 ratio
963 769 1028 834 ο.8
1050 787 1123 832 cum
1145 765 1279 832 Placitis
1301 766 1329 831 V
1348 767 1389 830 18
1408 777 1424 830 6
1446 767 1474 829 οἰ
1497 765 1696 850 μαθηματικοί

332 874 393 937 art.
425 872 459 940 in
487 893 645 939 summum
673 891 831 956 congrua,
859 870 918 938 sed
940 871 1040 936 multo
1070 867 1208 934 uberior.
1253 867 1352 934 etiam
1374 868 1477 951 mags
1498 869 1696 936 consentiret

332 975 358 1042 si
381 974 463 1042 haec
485 977 522 1042 τὰ
544 977 576 1040 δὲ
602 975 744 1040 ἀσύνδετα
767 969 861 1061 ζῴδιά
879 975 955 1039 ἐστιν
974 973 1024 1037 ἐὰν
1039 977 1097 1036 τῶν
1113 970 1392 1036 οἰκοδεσποτούντων
1408 971 1537 1056 ἀστέρων
1552 975 1694 1058 τυγχάνῃ.

331 1079 382 1144 ἐὰν
397 1079 451 1164 γάρ
472 1103 514 1150 τις
535 1081 645 1144 τούτων
667 1080 719 1164 τὴν
743 1079 821 1164 ζωὴν
844 1080 892 1142 καί
914 1079 964 1142 τὸν
987 1077 1047 1161 βίον
1070 1076 1221 1158 κληρώσρ,
1244 1075 1396 1160 δυστυχεῖς
1417 1075 1465 1138 καί
1483 1075 1627 1161 ἀχρόνους
1645 1097 1694 1160 στρ

332 1184 441 1265 μαίνει,
472 1203 556 1266 quae
588 1201 694 1266 neque
719 1183 791 1267 ipsa
817 1181 971 1263 intellego
1001 1197 1061 1244 nee
1088 1195 1160 1242 oum
1191 1175 1316 1258 reliqua
1348 1175 1474 1243 radone
1508 1175 1695 1258 cohaerent,

330 1283 528 1370 interpolata
558 1306 631 1352 esse
658 1285 728 1351 sive
756 1284 798 1350 ab
828 1282 921 1348 Aetio
948 1281 1018 1347 sive
1044 1299 1065 1344 a
1092 1277 1267 1344 Plutarcho
1297 1279 1510 1346 crederemus.
1555 1279 1696 1346 maxime

332 1385 405 1454 huie
432 1387 637 1454 coniecturae
663 1387 753 1454 favet
780 1385 867 1470 quod
894 1381 1106 1467 regnantibus
1134 1380 1274 1465 planetis
1298 1381 1424 1448 omissis
1447 1389 1556 1449 uetera
1577 1382 1696 1449 similia

330 1487 408 1556 fient
421 1487 659 1556 Chaldaeorum
675 1489 843 1568 doctrinae
858 1481 960 1572 quam
970 1483 1131 1568 excerpsit
1142 1483 1298 1551 Geminus
1310 1485 1412 1552 Elem.
1424 1491 1546 1552 astron.
1560 1485 1693 1552 Uranol.

330 1591 400 1658 Pet.
423 1613 455 1676 p.
472 1591 557 1658 tin'
589 1593 767 1678 Epigeaem
793 1590 879 1656 inira
904 1589 1104 1672 astrologum
1134 1585 1314 1652 nominarit
1342 1585 1539 1654 Censorinus
1562 1589 1601 1652 ll
1621 1598 1639 1650 s
1661 1594 1695 1654 et

331 1695 497 1762 coniunxit
530 1716 602 1762 cum
635 1695 768 1764 Beroso.
821 1692 953 1760 eosdem
986 1690 1175 1758 coniunctos
1209 1707 1250 1755 ex
1278 1689 1425 1756 Varrone
1459 1690 1537 1757 citat
1568 1690 1694 1758 Plinius

330 1795 371 1862 N.
383 1797 423 1862 H.
439 1797 500 1865 VH
517 1799 623 1866 160.⁸

634 1953 732 1960 —.-.—.

406 2021 415 2052 ¹
435 2025 501 2076 Hist.
520 2027 598 2076 anim.
612 2025 666 2078 VII
684 2028 701 2080 4
720 2045 745 2094 p.
758 2025 828 2081 5841
843 2026 865 2078 1.
901 2027 935 2076 V.
954 2025 1023 2076 Rene
1044 2024 1089 2074 Ar.
1108 2023 1197 2089 pseud.
1215 2039 1241 2088 p.
1255 2019 1315 2075 383.
1351 2024 1412 2074 inde
1436 2025 1564 2078 Varronis
1582 2029 1691 2079 facetiae

331 2111 358 2161 iu
376 2111 542 2163 Testamento
557 2119 644 2164 saturn
662 2114 723 2166 inl
741 2132 766 2180 p.
780 2111 872 2168 33911.
891 2111 916 2164 ιι·
932 2111 991 2176 ptis
1009 2109 1075 2162 milri
1086 2109 1164 2177 filius
1183 2124 1251 2162 auus
1266 2107 1392 2176 pltsrssoe
1411 2111 1440 2162 ιἰι
1458 2111 1546 2164 mess
1564 2112 1694 2164 mensibus

329 2197 487 2265 gignantur,
505 2199 528 2250 ii
546 2199 571 2250 si
593 2209 671 2252 eram
693 2196 744 2253 όνοι
766 2199 842 2271 λόρας
864 2198 1003 2250 wlnodus
1025 2206 1111 2250 sunto.
1148 2197 1218 2266 quood
1238 2204 1261 2248 st
1282 2195 1342 2262 qut·
1365 2197 1501 2250 ιιαόσοίοιο
1524 2215 1612 2252 maus
1634 2196 1689 2252 κοτί

330 2279 492 2355 Ἀριστοτέλη
511 2296 591 2340 καίτοι
610 2297 657 2350 est,
676 2288 756 2340 Accio
774 2288 845 2340 idem
863 2287 933 2354 quod
954 2285 1023 2338 Titio
1042 2286 1084 2338 ius
1103 2294 1155 2338 erro
1173 2287 1248 2352 opud
1265 2302 1313 2338 sue.

403 2371 540 2426 ²fortasse
559 2377 621 2428 olim
640 2379 853 2442 interpolatorum
872 2378 931 2426 loco
950 2376 1014 2426 haec
1033 2376 1171 2440 explicatio
1190 2377 1300 2426 exstitit:
1318 2373 1350 2428 rol
1367 2371 1394 2424 δὲ
1413 2369 1515 2425 σόνῦιτα
1532 2372 1608 2444 (pisci
1627 2374 1691 2426 ἰστιν

331 2459 398 2512 κατὰ
415 2459 558 2530 διάμετρον·
577 2461 645 2532 κριὸς
662 2461 723 2532 πρός
741 2461 826 2531 ζυγόν,
849 2464 939 2531 ταῦρος
957 2461 1017 2532 πρὸς
1035 2459 1152 2529 σκορπίον
1171 2459 1226 2513 κτλ.
1245 2465 1275 2514 ci.
1294 2463 1386 2515 Idsnil.
1406 2463 1434 2513 11
1452 2459 1504 2514 395
1512 2477 1567 2528 sqq.
1595 2465 1641 2514 sed
1659 2463 1691 2514 de

332 2549 451 2600 omnibns
470 2551 510 2600 his
528 2552 604 2602 rebus
623 2553 687 2603 nibil
706 2567 752 2618 pro
775 2559 845 2602 certo
864 2565 969 2616 possum
986 2550 1114 2601 affirrnme
1133 2559 1161 2601 ut
1178 2551 1272 2616 hospes
1291 2553 1318 2602 in
1337 2551 1527 2614 astrologorum
1546 2552 1630 2616 nugis.

403 2635 485 2688 ⁸non
503 2640 705 2704 praetereundus
718 2647 774 2690 erat
786 2639 910 2690 Manilius
929 2639 973 2702 qui
992 2638 1092 2700 dicitur,
1111 2639 1133 2688 si
1146 2637 1268 2704 Gruppeo
1287 2639 1351 2688 tides
1369 2637 1488 2688 habenda
1506 2647 1573 2688 essct
1592 2636 1691 2701 [Herm.

332 2725 372 2776 XI
391 2720 443 2776 335
456 2723 559 2789 sqq.]e
584 2729 703 2778 Varrone
722 2727 787 2776 illud
805 2740 908 2776 carmen
931 2733 1013 2778 toturn
1036 2725 1155 2778 baustum
1179 2741 1234 2776 esse
1257 2725 1431 2776 contendenti.
1456 2725 1525 2788 quod
1548 2741 1620 2776 eacus
1644 2735 1691 2776 est

330 2814 387 2877 ipsa
405 2815 487 2878 prima
505 2815 560 2864 eius
577 2814 658 2864 verba
677 2806 759 2864 “ςίοιιιι
777 2810 821 2863 die
838 2811 1021 2879 griechischen
1039 2811 1213 2864 Astronomsn
1232 2811 1363 2880 bepiaoea
1381 2810 1425 2863 dte
1442 2809 1624 2880 Aufsuellasrp
1642 2810 1691 2862 der

330 2896 552 2950 Zodiceclbilder
570 2898 616 2950 mit
635 2898 692 2950 dem
709 2895 803 2960 Krsbs,
822 2899 964 2950 ωαιίιιιιιό
983 2899 1026 2950 die
1043 2899 1153 2951 Hoerner
1170 2915 1221 2951 αοιι
1238 2899 1295 2950 dem
1317 2899 1423 2951 Widder
1442 2893 1578 2966 engeten·
1601 2900 1693 2948 miram

330 2989 520 3051 ignorationem
536 2987 656 3052 produnt.
677 3003 736 3037 nam
746 2989 793 3036 etsi
802 2987 907 3037 Eudoxi
917 3002 1073 3053 parapegma
1082 3004 1098 3038 a
1108 2989 1183 3040 leone
1194 2992 1295 3040 initium
1305 2992 1380 3055 cepit,
1395 2987 1528 3054 Callippus
1538 2994 1614 3050 atque
1623 2987 1691 3036 Dio·

329 3078 418 3140 nysius
431 3092 447 3126 a
461 3091 564 3137 cancro,
577 3078 732 3140 posteriores
746 3075 778 3124 ab
788 3075 868 3124 ariete
879 3075 949 3125 velut
961 3075 1132 3126 Posidonianl
1142 3076 1266 3128 Geminus
1277 3093 1302 3142 p.
1313 3075 1325 3127 l
1337 3077 1504 3138 Achillaeque
1514 3091 1539 3139 p.
1550 3073 1621 3124 lass
1632 3073 1691 3122 Pet.

330 3172 356 3213 et
380 3163 449 3226 quod
472 3163 552 3228 pluris
575 3171 614 3213 est
638 3165 693 3228 ipse
714 3163 880 3213 Ptolemaeus
903 3164 1044 3226 perspicuis
1068 3163 1152 3212 vorbis
1177 3165 1270 3227 almag.
1289 3162 1350 3214 117
1374 3179 1399 3228 p.
1413 3159 1447 3214 33
1465 3161 1526 3212 Bas.
1546 3157 1581 3212 99
1603 3160 1690 3210 Halm.

331 3266 406 3314 quem
424 3251 498 3301 Theo
518 3265 609 3302 comm.
622 3253 649 3300 in
669 3251 720 3300 tab.
734 3264 802 3300 man.
816 3251 857 3300 ed.
878 3251 972 3300 Halma
989 3267 1015 3315 p.
1028 3246 1062 3300 38
1069 3264 1108 3314 sq.
1126 3252 1249 3314 sequitur.
1277 3259 1391 3301 ceterum
1409 3265 1462 3301 uon
1482 3249 1567 3300 nullae
1586 3247 1690 3298 ίιιίνιιίιιο

330 3340 433 3390 variam
451 3339 544 3404 partim
557 3339 664 3400 antiquo
678 3337 767 3388 ordine
780 3344 882 3388 servato
897 3337 1000 3400 (almag.
1014 3337 1042 3387 II
1056 3333 1088 3388 13
1107 3353 1132 3402 ρ.
1146 3333 1216 3388 tls.
1232 3335 1282 3388 134
1296 3338 1381 3388 Halm.
1400 3337 1453 3388 tab.
1466 3351 1536 3386 man.
1550 3335 1591 3384 ed.
1604 3334 1690 3384 Halm.

329 3426 356 3476 11
370 3423 403 3478 98
414 3426 481 3490 sqq.)
499 3428 591 3491 partim
605 3426 757 3490 capricorno
770 3427 903 3490 proposito
916 3424 967 3474 tab.
981 3439 1050 3474 man.
1063 3424 1076 3473 1
1092 3423 1141 3476 148
1151 3440 1207 3490 sqq.
1222 3427 1279 3490 quis
1291 3425 1397 3474 anetem
1409 3423 1506 3488 primus
1519 3422 1692 3474 introduxerit

333 3511 491 3564 Graecorum
509 3513 654 3577 ambigitur.
673 3527 732 3562 nam
751 3513 820 3576 qued
839 3516 924 3577 posuit
937 3512 1099 3561 Lenonnsus
1118 3509 1177 3574 [aar
1191 3510 1313 3578 Por-igine
1326 3508 1364 3560 du
1376 3507 1506 3575 nodisque
1521 3508 1589 3560 Grae
1601 3515 1626 3558 st
1644 3523 1691 3558 ιιιι·

324 3597 458 3662 plusieurs
469 3599 559 3666 points
569 3607 616 3650 etc.
629 3601 647 3650 J
649 3616 722 3650 onrn.
733 3600 778 3649 dos
788 3613 842 3650 sev.
856 3596 922 3650 1839
934 3615 959 3664 p.
965 3597 1018 3650 448
1031 3599 1077 3648 sed
1090 3599 1121 3648 ci.
1135 3600 1250 3650 eiusdem
1259 3615 1306 3649 ιιιι·
1317 3595 1440 3663 l'oripine
1452 3594 1569 3662 Grecqns
1582 3593 1620 3644 dn
1631 3591 1690 3644 sod.

325 3685 446 3750 pretend.
459 3675 556 3754 Egypt.
570 3687 584 3750 ξ
596 3689 622 3738 V
640 3687 729 3738 Revue
742 3687 774 3736 de
788 3687 857 3736 deux
869 3687 976 3736 mundes
993 3682 1068 3746 1837,
1089 3683 1224 3749 Milauges
1238 3685 1394 3737 d'irndition
1407 3684 1439 3732 de
1451 3684 1520 3732 Letr.
1534 3699 1559 3747 p.
1572 3677 1690 3743 33-34]

327 3775 505 3838 Hipparchum
528 3774 662 3824 zodiacum
686 3775 719 3822 ad
743 3774 829 3822 arietis
854 3775 954 3823 initium
978 3773 1123 3835 ordinasse,
1149 3788 1180 3822 eo
1204 3775 1292 3822 nititm
1320 3772 1390 3835 quod
1416 3771 1561 3822 Ptolemaei
1579 3769 1690 3819 harum

327 3861 458 3912 stellarum
483 3860 598 3911 tabulam
622 3862 681 3911 alm
700 3861 754 3910 VII
779 3867 844 3910 extr.
863 3861 930 3909 VIII
950 3861 1139 3925 Hipparchsam
1159 3861 1277 3921 eredunt,
1297 3861 1342 3910 ubi
1365 3875 1390 3924 p.
1406 3855 1457 3909 184
1466 3871 1522 3921 sqq.
1541 3856 1603 3908 Bas.
1621 3857 1688 3906 aries

329 3949 381 3998 dux
402 3957 441 3998 est
462 3949 602 4012 signorum.
626 3949 696 4011 quod
719 3947 793 3998 aliter
816 3963 843 3998 se
867 3947 961 3997 habero
985 3947 1074 3998 docuit
1096 3947 1289 4000 Schaubaehius
1312 3943 1405 4008 [Iobus
1428 3931 1518 3996 archiv
1540 3945 1558 3994 i.
1582 3943 1644 4008 phil.
1663 3959 1690 3992 u.

327 4036 402 4100 peed.
421 4036 476 4086 VH
489 4032 523 4087 55
534 4049 589 4098 sqq.
609 4037 635 4086 X
649 4031 709 4085 334.
723 4030 796 4098 3361
823 4035 986 4100 Hipparchus
999 4035 1024 4084 iu
1039 4038 1224 4088 commentario
1244 4037 1288 4100 qui
1307 4041 1391 4086 exsut
1402 4034 1434 4084 de
1447 4033 1531 4082 Arato
1549 4028 1691 4080 itendidsm

328 4137 344 4172 a
357 4137 451 4173 cancro
464 4123 628 4188 progreditur
641 4139 666 4186 p.
681 4119 732 4174 345
742 4136 797 4186 sqq.
817 4119 868 4174 349
878 4138 933 4188 sqq.
945 4123 1002 4174 Pet.
1021 4123 1066 4172 sed
1079 4123 1135 4172 fleri
1148 4125 1262 4189 potuisse
1275 4131 1304 4173 ut
1316 4117 1394 4171 etiarn
1407 4122 1434 4170 iu
1447 4122 1553 4170 arietem
1566 4115 1691 4168 incIderet

326 4210 489 4276 Hipparchus
502 4211 632 4260 existimat
644 4209 783 4273 Usenerus,
802 4213 847 4274 qui
860 4212 892 4261 da
906 4219 1114 4262 astronomorum
1126 4211 1270 4262 rationibus
1289 4223 1337 4259 sua
1354 4223 1395 4258 me
1414 4207 1559 4258 eruditione
1577 4205 1689 4269 benigne

326 4297 434 4348 adiurit.
463 4304 575 4348 ceterum
594 4305 622 4348 nt
639 4306 847 4350 astronomorum
866 4301 972 4350 omnino
996 4313 1050 4349 non
1072 4305 1171 4349 mutum
1190 4300 1325 4356 intererat,
1349 4295 1420 4358 quod
1442 4295 1543 4358 signnm
1560 4293 1689 4358 priucipa-

326 4392 381 4434 tnm
399 4385 506 4435 baberet
523 4386 601 4436 modo
621 4393 746 4449 quaterna
764 4388 826 4437 anni
845 4389 929 4450 spatia
948 4386 1154 4448 observarentur,
1174 4387 1211 4436 ita
1228 4383 1366 4447 astrologis
1384 4381 1435 4430 boc
1452 4381 1496 4430 rel
1514 4381 1630 4446 lnprInris
1647 4393 1690 4430 re·

325 4471 484 4536 spiciendum
496 4472 552 4522 fult.
572 4473 605 4523 de
618 4473 756 4524 Chaldaeis
770 4474 882 4538 antiquis
901 4475 932 4524 cf.
945 4475 1105 4524 Lenormant
1118 4471 1257 4540 Anfaenpe
1269 4468 1318 4520 der
1333 4465 1426 4519 όὶιίίιιι·
1438 4468 1466 4518 II
1478 4466 1521 4520 48.
1544 4467 1605 4519 inde
1616 4465 1690 4519 Sext

325 4558 384 4609 adr.
398 4559 518 4609 matham.
530 4559 556 4610 V
565 4558 589 4610 t.
603 4559 642 4610 11.
656 4555 688 4608 31
713 4567 794 4610 artem
811 4574 901 4610 eorum
920 4563 1084 4626 expositurus
1102 4561 1135 4610 ab
1148 4562 1228 4611 ariete
1241 4558 1331 4622 incipit
1343 4558 1454 4620 itemque
1468 4555 1601 4620 Hippolyt.
1614 4554 1690 4604 reiut.

324 4645 363 4696 IV
379 4643 410 4698 15
429 4663 454 4711 p.
467 4643 512 4709 89,
527 4646 558 4698 14
578 4647 648 4700 Gott.
662 4647 687 4698 V
703 4643 735 4697 13
753 4663 778 4712 ρ.
793 4644 852 4708 180,
865 4644 908 4701 36.
921 4645 964 4699 43.
986 4643 1044 4709 183,
1058 4645 1100 4698 50.
1120 4643 1204 4698 9138
1221 4661 1246 4711 p.
1260 4641 1320 4708 368,
1337 4641 1377 4696 lt.
1396 4644 1509 4708 spernus
1521 4641 1603 4692 schol.
1615 4642 1689 4692 Aret.

323 4749 349 4797 p.
360 4732 401 4796 99,
413 4731 447 4785 39
460 4733 544 4784 Behk.
563 4731 602 4784 brui
614 4731 638 4784 τί
651 4729 700 4784 sco
712 4733 757 4783 τοῦ
769 4731 889 4801 καρκίνον
901 4729 994 4802 ἤρξατο
1007 4731 1128 4796 [Aratus]
1140 4733 1184 4784 καί
1196 4731 1276 4782 ταῦτα
1287 4732 1341 4781 τιῦν
1350 4724 1494 4798 Αἰγυπτίων
1507 4725 1545 4778 ἀεὶ
1556 4723 1606 4779 sot
1618 4727 1690 4796 κριοῦ

322 4815 502 4888 λαμβανόντων
519 4817 567 4886 τὴν
584 4815 677 4886 όρχήνς
696 4815 733 4869 ότι
751 4817 835 4872 εἰώθει
854 4817 892 4871 tut
910 4815 962 4871 ἀπὸ
974 4821 1027 4870 τιῦν
1040 4819 1144 4889 βορείων
1163 4813 1293 4888 όρχτσίίαι,
1307 4813 1459 4886 βορειότεροι
1472 4812 1499 4865 δέ
1519 4809 1571 4865 im
1588 4813 1690 4865 πάντων

323 4903 337 4956 ό
355 4905 480 4975 καρκίνος.
500 4903 523 4957 ol
542 4902 568 4954 bi
587 4900 754 4972 Αίγότιτιοι
772 4905 877 4966 εἰκότως
890 4905 996 4960 duduci
1008 4909 1080 4976 κριοῦ
1094 4908 1221 4959 ποιοῦνται
1233 4905 1280 4975 τὴν
1292 4901 1374 4973 ἀρχὴν
1387 4902 1468 4954 πάντα
1479 4899 1512 4953 τολ
1530 4897 1606 4970 ζῴδια
1625 4899 1691 4952 κατὰ

322 4991 453 5062 ἀναλογίαν
476 4989 643 5058 λαμβάνοντες
666 5001 719 5046 τῶν
741 4993 833 5062 μελῶν.
871 4998 1015 5062 Aegyptios
1038 5013 1091 5046 non
1113 5003 1213 5046 veteres
1237 4997 1360 5057 intellego
1388 4993 1432 5056 qni
1457 5005 1473 5040 a
1496 5005 1591 5042 cancro
1616 4987 1688 5055 (Sirli
