3708 5738
418 427 613 477 HIPPOLYTI
633 427 995 480 PHILOSOPHUMENON
1016 429 1031 479 4
1044 439 1085 478 λυ
1100 429 1124 480 5.
1144 432 1227 484 iil—-t
1438 433 1500 496 559

189 594 363 680 ἐφθέγξατο,
391 595 489 660 στάσιν
513 597 560 660 καὶ
583 596 680 681 φιλίαν
701 598 799 682 φήσας
831 602 890 661 τῶν
920 599 1055 662 ἁπάντων
1085 598 1181 683 ἀρχὴν
1213 597 1286 662 εἶναι
1314 601 1362 664 καὶ
1393 606 1451 686 πῦρ

192 699 291 782 νοερὸν
313 699 363 762 τδν
386 697 456 761 θεὸν
485 698 687 783 συμφέρεσθαί
707 721 739 762 τε
760 699 796 762 τά
818 701 912 765 πάντα
934 702 1071 784 ἀλλήλοις
1093 701 1140 764 καί
1163 700 1221 786 οδχ
1243 701 1370 768 ἑστάναι.

188 802 236 866 καὶ
252 802 351 885 ὥσπερ
367 802 383 864 ό
397 797 643 886 Ἐμπεδοκλῆς
665 802 758 864 πάντα
774 803 824 864 τὸν
839 800 908 866 καθ’
933 804 1012 887 ἡμᾶς
1033 802 1122 867 τόπον
1144 800 1202 888 ἔφη
1225 809 1324 870 κακῶν
1347 808 1451 890 μεστὸν
1470 816 1487 869 3

192 901 265 966 εἶναι
287 905 336 967 καί
360 903 447 989 μέχρι
471 903 523 985 μὲν
543 904 668 987 σελήνης
689 903 726 966 τὰ
746 904 823 967 κακά
845 905 966 989 φθάνειν
989 905 1022 969 ἐκ
1050 909 1102 968 τοῦ
1128 906 1192 990 περὶ
1219 911 1273 992 γῆν
1295 909 1386 974 τόπου
1408 934 1454 974 τα-

159 1027 171 1063 ο
189 1005 299 1084 θέντα,
321 1005 483 1090 περαιτέρω
506 1005 539 1068 δὲ
562 1004 603 1088 μὴ
625 1009 751 1089 χωρεῖν,
773 1007 825 1068 ἀτε
847 1005 1055 1092 καθαρωτέρου
1077 1011 1128 1071 τοῦ
1157 1008 1231 1092 ὑπὲρ
1256 1010 1308 1094 τὴν
1331 1015 1455 1098 σελήνην

189 1109 296 1179 παντὸς
318 1107 400 1179 ὄντος
421 1108 526 1184 τόπου,
549 1107 626 1170 οὕτω
648 1107 697 1172 καὶ
719 1113 762 1193 τῷ
780 1105 1005 1196 Ἡρακλείτῳ
1028 1108 1134 1180 ἔδοξεν.

249 1209 270 1275 5
293 1208 383 1274 Μετά
394 1210 512 1280 τούτους
523 1209 653 1292 ἐγένοντο
668 1209 718 1274 καί
733 1209 826 1294 ἕτεροι
841 1213 967 1296 φυσικοί,
983 1214 1024 1277 ὧν
1040 1213 1093 1277 οὐκ
1109 1215 1263 1297 ἀναγκαῖον
1278 1217 1454 1300 ἡγησάμεθα

185 1313 237 1383 τὰς
258 1312 342 1383 δόξας
363 1312 453 1376 εἰπεῖν
483 1313 573 1396 μηδὲν
599 1317 658 1376 τῶν
687 1313 903 1398 προειρημένων
929 1317 1177 1401 ἀπεμφαινοόσατ·
1219 1316 1282 1381 ἀλλ’
1316 1319 1378 1383 ἐπεὶ
1403 1345 1452 1386 κα·

189 1415 279 1480 θόλου
310 1415 345 1480 οδ
379 1415 467 1499 μικρὰ
495 1415 643 1500 γεγένηται
670 1417 690 1500 ή
721 1415 816 1502 σχολὴ
838 1419 943 1482 πολλοί
969 1442 1001 1482 τε
1027 1420 1055 1482 οί
1088 1419 1241 1502 μετέπειτα
1272 1423 1388 1505 φυσικοὶ
1421 1422 1452 1493 st

147 1537 171 1576 ιο
188 1518 280 1602 αὐτῆς
303 1517 468 1602 γεγένηνται
494 1517 577 1584 ἄλλοι
606 1517 703 1589 άλλως
724 1519 789 1604 περὶ
811 1518 927 1604 φόσεως
949 1525 1000 1585 τοῦ
1023 1522 1130 1592 παντὸς
1151 1523 1347 1605 διηγούμενοι,
1375 1525 1450 1608 [καί]

187 1623 268 1686 δοκεῖ
291 1623 362 1706 ἡμῖν
392 1622 446 1705 τὴν
475 1622 534 1686 ἀπὸ
556 1620 773 1705 Πυθαγόρου
800 1622 975 1706 ἐνθεμένους
997 1625 1170 1709 φιλοσοφίαν
1203 1627 1278 1690 κατὰ
1311 1629 1451 1714 διαδοχὴν

185 1724 361 1808 ’ἀναδραμεῖν
384 1724 432 1788 ἐπὶ
453 1723 491 1787 τὰ
513 1721 634 1794 δόξαντα
644 1727 705 1795 τοῖς
721 1724 794 1808 μετὰ
816 1723 953 1810 Θαλῆν,
976 1726 1025 1789 καί
1047 1731 1138 1790 ταῦτα
1160 1727 1324 1800 ἐξειπόντας
1351 1731 1449 1795 ἐλθεῖν

186 1827 235 1890 ἐπί
262 1850 294 1891 τε
324 1827 376 1910 τἠν
407 1825 515 1911 ήθικήν
541 1827 590 1890 καί
617 1826 735 1910 λογικὴν
763 1827 954 1912 φιλοσοφίαν,
992 1827 1033 1892 ὧν
1070 1829 1159 1915 ἧρξαν
1180 1831 1373 1917 Σωκράτης
1395 1833 1447 1916 μὲν

183 1927 301 2013 ἠθικῆς,
321 1927 575 2014 Ἀριστοτέλης
597 1931 630 1993 δὲ
652 1931 843 2014 διαλεκτικῆς.

145 2048 168 2086 1⁵
271 2030 294 2096 6
331 2030 448 2095 Θαλοῦ
470 2032 563 2096 τοίνυν
582 2029 974 2117 Ἀναξίμανδροςγίνεται
989 2035 1144 2120 ἀκροατής.
1174 2033 1447 2122 Ἀναξίμανδρος

182 2132 344 2217 Πραξιάδου
360 2132 514 2219 Μιλήσιος.
551 2134 635 2204 οὖτος
654 2135 750 2221 ἀρχὴν
773 2133 831 2220 ἔφη
853 2141 912 2201 τῶν
935 2135 1025 2202 όντων
1047 2138 1132 2224 φόσιν
1156 2139 1219 2224 τινά
1241 2143 1293 2204 τοῦ
1316 2140 1448 2225 ἀπείρου,

188 2233 218 2305 ἐξ
250 2236 286 2320 ἧς
318 2239 448 2321 γίνεσθαι
482 2239 549 2308 τοὺς
582 2237 721 2323 οδροινοδς
754 2241 802 2302 καί
828 2241 896 2310 τοδς
922 2241 952 2305 ἐν
978 2241 1077 2312 αὐτοῖς
1106 2242 1244 2324 κόσμους.
1285 2243 1392 2326 ταότην
1415 2241 1441 2306 δ’

186 2339 278 2403 ἀίδιον
303 2340 376 2406 είναι
402 2342 451 2405 καὶ
474 2342 586 2426 ἀγήρω,
615 2341 651 2425 ἣν
678 2341 726 2405 καί
749 2341 858 2411 πάντας
879 2345 1025 2430 περιέχειν
1046 2346 1113 2415 τοὺς
1136 2345 1272 2427 κόσμους.
1317 2346 1393 2430 λέγει
1415 2347 1448 2409 δὲ

112 2513 115 2520 ,
177 2441 282 2527 χρόνον
311 2447 351 2514 ὡς
385 2444 548 2529 ὡρισμένης
573 2448 627 2528 τῆς
653 2445 792 2526 γενέσεως
815 2445 863 2508 καὶ
890 2451 943 2530 τῆς
972 2447 1072 2518 οὐσίας
1099 2449 1147 2511 καὶ
1173 2453 1226 2532 τῆς
1252 2447 1375 2532 φθορᾶς.

142 2563 166 2602 νο
184 2544 267 2616 οὗτος
295 2548 347 2630 μὲν
376 2545 427 2611 οδν
453 2547 549 2632 ἀρχὴν
571 2547 620 2610 καὶ
646 2551 789 2630 στοιχεῖον
818 2547 917 2633 εἴρηκε
938 2554 997 2614 τῶν
1020 2549 1110 2628 όντων
1134 2551 1168 2613 τδ
1199 2550 1316 2635 ἄπειρον
1338 2555 1488 2635 πρῶτος2

182 2646 310 2730 τοῦνομα
335 2651 460 2720 καλέσας
488 2655 540 2734 τῆς
570 2650 677 2734 ἀρχῆς.
723 2651 796 2736 πρὸς
818 2651 851 2714 δὲ
873 2652 967 2739 τοότιμ
990 2652 1099 2737 κίνησιν
1130 2653 1221 2718 ἀίδιον
1250 2653 1341 2732 εἶναι,
1371 2653 1444 2738 ένή

183 2751 347 2836 συμβαίνειν
369 2753 498 2834 γίνεσθαι
519 2753 586 2822 τοδς
608 2752 757 2836 οὐρανούς·
857 2755 909 2839 τὴν
932 2756 965 2819 δὲ
985 2761 1039 2840 γῆν
1062 2754 1135 2820 εἶναι
1159 2756 1303 2841 μετέωρον
1326 2757 1383 2820 ὑπὸ
1400 2781 1452 2841 μη·
1471 2765 1488 2819 3

184 2853 264 2924 δενδς
286 2855 497 2939 κρατουμένην,
525 2856 666 2937 μένουσαν
693 2856 726 2918 δὲ
755 2857 802 2920 διὰ
832 2859 883 2942 τὴν
917 2860 1021 2942 όμοίαν
1052 2860 1166 2922 πάντων
1197 2861 1367 2925 ἀπόστασιν.
1410 2861 1444 2923 τδ

184 2956 216 3019 δὲ
245 2959 349 3042 σχῆμα
370 2957 460 3041 αὐτῆς
482 2958 578 3042 γυρόν,
601 2958 772 3042 στρογγύλον
794 2959 867 3023 κίονι
893 2961 970 3046 λίθιμ
997 2965 1208 3047 παραπλήσιον.
1246 2963 1360 3026 τῶνδὲ
1385 2964 1444 3028 ἐπι-

143 3079 168 3118 το
185 3058 281 3123 πέδων
297 3057 322 3145 ᾦ
340 3061 393 3142 μὲν
408 3061 634 3147 ἐμβεβήκαμεν,
650 3061 666 3124 θ
682 3060 714 3124 δὲ
729 3059 877 3128 ἀντίθετον
890 3063 1024 3150 ὑπάρχει.
1109 3065 1146 3128 τά
1163 3067 1196 3128 δὲ
1207 3063 1299 3151 ἄστρα
1311 3051 1441 3148 γίνεσθαι
1459 3077 1476 3130 4

180 3162 284 3226 κόκλον
306 3159 406 3246 πυρός,
437 3163 632 3248 ἀποκριθέντα
653 3169 705 3228 τοῦ
728 3165 802 3228 κατὰ
830 3167 879 3229 τδν
903 3168 1012 3251 κόσμον
1039 3169 1143 3254 πυρός,
1169 3167 1385 3254 περιληφθέντα
1412 3168 1439 3234 δ’

130 3297 315 3370 2ἐμφίρεσθαι
330 3309 390 3352 ants
410 3302 555 3368 Roepernm
574 3301 589 3372 ΙΙ
606 3322 633 3356 τε
655 3322 706 3356 om.
729 3305 751 3355 B
771 3303 786 3370 ΙΙ
840 3321 906 3357 corr.
933 3309 1016 3359 Ritter
1042 3309 1073 3358 ef.
1101 3307 1233 3372 Theophr.
1262 3309 1292 3358 ir.
1314 3305 1330 3358 2
1357 3325 1382 3373 p.
1398 3307 1495 3372 476‚8

130 3389 236 3440 ίστάναι.
254 3391 346 3440 fortius
360 3389 466 3440 distinxi
488 3389 501 3454 Ιῑ
519 3389 587 3459 ἡμᾶς
603 3393 650 3444 ΒΤ
666 3396 787 3459 ρατερδτ.
840 3392 924 3457 [Ptol.
943 3413 968 3461 p.
985 3393 1045 3459 133]
1066 3391 1080 3459 Η
1102 3393 1134 3446 18
1154 3389 1230 3444 ἀίδιον
1248 3395 1278 3444 cs.
1293 3397 1326 3444 ad
1339 3413 1364 3460 p.
1377 3395 1464 3459 476st
1480 3392 1493 3463 ΙΙ

129 3480 164 3528 L:
180 3475 291 3547 ήμῶνΙ.
308 3472 353 3544 114
373 3475 447 3546 μέχρι
465 3476 510 3544 μὲν
528 3481 564 3530 T:
583 3479 657 3548 μέχρι
669 3476 787 3548 tectio
841 3478 872 3548 ἣν
904 3497 955 3532 om.
983 3482 1059 3534 Cedr.
1083 3477 1097 3548 ΙΙ
1123 3478 1157 3532 20
1180 3477 1252 3538 οὗτος
1275 3480 1320 3548 μέν
1344 3479 1388 3532 οὖν
1413 3479 1495 3550 αόχὴν

128 3564 214 3617 τόπου.
239 3567 358 3631 graviore
372 3567 536 3618 distinetione
546 3569 647 3618 sublata
657 3565 790 3619 enuntiata
840 3570 876 3620 T:
896 3564 967 3625 οὗτος
986 3567 1031 3636 μὲν
1050 3565 1130 3638 ἀρχὴν
1149 3585 1200 3619 om.
1215 3565 1291 3619 οόνΟ
1311 3564 1326 3635 ΙΙ
1346 3567 1378 3621 21
1397 3566 1495 3620 τοδτων

132 3655 255 3704 coniunxi
277 3651 290 3718 11
310 3651 326 3703 7
346 3649 457 3718 ἐγίνοντο
481 3652 507 3704 δὲ
526 3653 569 3705 καὶ
588 3652 666 3722 ἕτεροι
684 3653 790 3722 φυσικός
839 3655 886 3706 ΒΤ
912 3651 925 3720 ΙΙ
950 3653 984 3705 22
1008 3654 1136 3723 συμβαίνει
1163 3657 1235 3707 libri:
1263 3673 1328 3707 corr.
1351 3657 1454 3722 Roeper
1479 3654 1493 3724 ΙΙ

131 3735 204 3798 δόξας
221 3739 265 3790 καί
279 3737 351 3790 αὐτοὶ
369 3737 506 3808 γράψαντες
524 3739 602 3810 μηδὲν
622 3738 789 3811 ἀπεμφαινοό-
839 3740 897 3799 τοδς
919 3737 1107 3810 ἀνθρώπουςΒ
1132 3739 1145 3810 ΙΙ
1170 3740 1274 3812 μηδενός
1292 3745 1369 3795 Cedr·
1392 3747 1426 3797 T:
1452 3743 1493 3797 οδ-

128 3841 173 3886 σας
204 3831 257 3879 τῶν
289 3829 489 3896 προειρημένων,
524 3827 552 3886 ἀς
579 3827 627 3880 οδκ
655 3829 788 3898 ἀναγκαῖον
839 3826 906 3886 δενός
930 3829 952 3879 C
978 3825 991 3896 ΙΙ
1023 3827 1057 3881 23
1080 3827 1106 3880 δὲ
1133 3827 1172 3881 διά
1195 3832 1283 3883 Cedo:
1309 3831 1348 3906 διὰ
1371 3833 1433 3895 (om.
1457 3831 1493 3898 δὲ)

126 3911 275 3984 ἡγησόμεθα
289 3921 373 3985 γραφή
391 3913 544 3984 παραδοῦναι
558 3918 634 3968 Cedr.
649 3914 663 3984 Ν
679 3917 787 3986 θάπεμ-
839 3919 898 3968 libri
918 3912 931 3983 ΙΙ
952 3915 1084 3969 ἀπόστασιν
1103 3919 1174 3970 libri:
1202 3917 1335 3988 ὑπόσχεσιν
1354 3923 1429 3973 Cedr.
1450 3927 1493 3988 qui

126 3999 786 4071 φαινοίισαςοί.111ρρο1.1111ρ.176,6590311
838 4022 871 4056 ex
902 4005 985 4057 Snida
1011 4003 1047 4068 [s.
1081 4023 1105 4056 v.
1136 4001 1323 4076 Ἀναξίμανδρος
1349 4026 1374 4074 p.
1396 4007 1493 4063 35115

125 4089 167 4141 ini
189 4091 212 4141 B
244 4087 258 4156 ΙΙ
288 4091 322 4142 10
349 4087 433 4142 αὐτιῖιν
461 4091 533 4142 iibri:
557 4109 622 4144 corr.
646 4095 747 4144 Usener
772 4089 784 4160 Ιί
837 4091 946 4156 Bernh.]
965 4093 1037 4143 addit
1055 4093 1099 4144 καλ
1117 4089 1214 4145 κεῖσθαι
1235 4091 1329 4163 ταίντην
1348 4095 1393 4164 μὲν
1412 4097 1441 4161 [1.
1455 4097 1493 4164 έν]

125 4177 169 4228 καὶ
192 4179 285 4228 delevi.
309 4186 413 4244 propter
436 4181 601 4244 insequentes
624 4183 786 4231 accusativos
837 4179 979 4247 μεσαιτάτῳ
997 4175 1011 4246 ΙΙ
1031 4177 1065 4232 24
1084 4175 1157 4248 δηρὸν
1171 4178 1319 4251 στρογγόλον
1333 4184 1409 4236 Oedr.
1422 4186 1493 4236 iibn':

125 4260 275 4332 ίκθεμένους
298 4275 323 4316 et
348 4261 488 4324 dictationes
507 4283 693 4332 proposueram
711 4269 783 4319 Prol.
837 4283 903 4318 τοτε.
921 4268 1033 4332 Roeper.
1052 4261 1172 4336 θπάρχειν
1191 4267 1340 4338 στρογγόλον
1368 4273 1492 4324 Mniiaeh.

124 4351 228 4418 μ.145ι
253 4351 323 4404 δοκεῖ
345 4353 388 4404 νῦν
411 4355 441 4404 ei.
467 4371 492 4420 p.
508 4349 622 4416 554,30.
650 4371 719 4407 nuno
736 4357 783 4406 du·
835 4350 1195 4422 τροχδνστρογγίνλονίλοετλ
1215 4359 1336 4409 aspi-01.
1362 4377 1386 4424 p.
1405 4357 1456 4413 218
1477 4357 1490 4427 ΙΙ

125 4439 196 4502 bito,
218 4442 264 4491 sed
287 4437 357 4492 δοκεῖ
378 4439 446 4510 ήμᾶς
465 4436 619 4493 ἐκτεθεῖσθαι
637 4461 662 4509 p.
680 4440 737 4505 112,
748 4440 783 4494 32
835 4439 899 4509 χίονι
917 4437 981 4510 λίθῳ
1002 4443 1073 4493 iibri:
1093 4439 1212 4510 χιονιῖιδις
1230 4438 1294 4512 λίθῳ
1315 4445 1404 4496 Cedr.:
1425 4463 1492 4498 corr.

125 4538 151 4578 et
170 4525 273 4591 128,17
297 4545 330 4579 ex
355 4545 380 4594 p.
399 4526 458 4592 398,
471 4527 512 4582 90.
540 4527 601 4594 410,
612 4527 654 4582 29.
676 4528 737 4593 492,
748 4528 782 4582 59
834 4530 945 4580 Wolfius
965 4530 995 4580 oi.
1014 4531 1086 4581 Prol.
1105 4531 1120 4580 1.
1135 4547 1156 4580 e.
1177 4527 1191 4598 ΙΙ
1211 4528 1245 4582 25
1259 4527 1280 4600 ᾧ
1299 4530 1344 4598 μὲν
1362 4531 1486 4598 νιιΙςοιθ

124 4617 278 4682 corrigenda
296 4625 355 4668 snut
375 4613 388 4683 ΙΙ
410 4615 443 4669 12
462 4613 657 4684 ἐξειπόνταΒΙί
675 4616 706 4670 13
725 4613 780 4686 ήθι-
834 4615 879 4682 μὲν
907 4618 941 4668 Βι
966 4613 993 4666 δν
1017 4617 1057 4668 Oi
1078 4611 1092 4683 ΙΙ
1117 4615 1131 4667 δ
1153 4613 1185 4685 δὴ
1203 4619 1239 4668 Βι
1263 4615 1276 4669 δ
1300 4618 1345 4685 μὲν
1367 4617 1393 4671 ti
1417 4623 1457 4673 0?
1475 4617 1489 4688 ΙΙ

125 4701 174 4771 κὴν
185 4699 383 4773 -διαλεκτικήν
401 4705 423 4756 Β
444 4701 458 4773 il
480 4703 512 4758 15
529 4705 585 4774 περὶ
603 4701 781 4773 ἀναξιμάνδροο
833 4701 862 4754 τό
880 4700 907 4754 δὲ
919 4701 997 4773 ἄστρα
1015 4705 1038 4756 Β
1053 4701 1067 4772 ΙΙ
1081 4701 1194 4771 γενέσθαι
1212 4705 1288 4756 Cedr.
1308 4703 1322 4772 Η
1343 4705 1376 4760 26
1395 4703 1490 4758 κόκλον

122 4792 281 4857 εομετεετ.Β
294 4787 307 4857 ii
321 4792 352 4846 16
366 4789 508 4850 οὖτος-18
523 4791 640 4860 κόσμους,
653 4790 686 4844 22
699 4795 780 4862 γην-
832 4789 908 4860 πυρός
927 4792 1004 4842 Cedr.
1022 4793 1092 4843 libri:
1112 4788 1206 4842 κόκλον
1225 4791 1297 4861 ἀέρος
1314 4793 1433 4860 Βοερει)
1444 4796 1489 4846 sed

124 4875 158 4928 24
176 4875 358 4947 παραπλήσιον,
377 4879 472 4943 54-’1
491 4896 548 4931 exo.
568 4881 644 4932 Cedr.
666 4876 678 4947 ΙΙ
701 4879 732 4932 17
755 4875 781 4938 ίξ
831 4888 981 4946 excerptum
993 4881 1103 4942 videtur,
1122 4881 1198 4944 qusle
1217 4883 1300 4931 estin
1311 4881 1372 4932 Aet.
1386 4881 1414 4930 11
1428 4877 1490 4933 201

123 4963 154 5033 ἧς
180 4965 219 5017 Βι’
244 4961 302 5036 ἑξῆς
330 4967 364 5018 Οι
393 4961 434 5036 ἀφ’
462 4963 493 5035 ἧς
521 4967 597 5019 Cedr.
629 4963 643 5034 ίΙ
668 4961 781 5036 γενέσθαι
832 4965 892 5021 251
909 4965 994 5037 πλήρη
1013 4965 1088 5038 τωρός

122 5055 199 5106 Cedr.
220 5053 232 5122 11
258 5051 353 5105 τδν·’ίν
380 5051 464 5112 αὺτοῖς
490 5053 585 5123 κόσμον
608 5057 682 5108 Cedr.
708 5056 779 5106 libri:
