3756 5736
711 422 988 473 anonaeounun
1469 415 1528 478 251

212 593 462 672 Asclepiades
484 591 586 674 ὄγκους
602 593 685 672 qaod
699 612 756 654 nos
771 601 824 654 tu·
849 589 852 655 1
871 589 1061 674 Ἡρακλείδης
1084 590 1117 651 δὲ
1133 592 1148 650 b
1166 587 1303 655 Ποντικὸς
1325 588 1374 650 κοι1
1397 585 1531 667 Ἀσκλη-

168 715 270 758 nores
291 696 341 757 cel
366 694 514 756 elationes
535 713 698 773 possamus
721 695 825 758 dicere
849 670 852 755 i
919 693 1046 774 πιάὸης
1070 692 1086 754 b
1110 689 1236 758 Βιθυνὸς
1262 691 1407 773 ἀνάρμους
1431 687 1533 771 ὄγκους

213 798 448 860 Democritus
469 798 559 859 ideas

215 900 348 962 'l'bales
370 916 482 978 cottam
878 894 996 977 Θαλῆς
1019 895 1052 957 δὲ
1074 895 1090 958 ὁ
1115 893 1260 978 Μιλήσιος
1284 898 1362 980 ὕδωρ

214 999 456 1064 Parmenides
478 1008 593 1061 tetram

214 1104 339 1166 Zenon
408 1101 657 1182 Empedocles
714 1102 825 1164 Plato
850 1087 852 1167 1
878 1102 905 1162 nl
927 1101 959 1161 δὲ
980 1099 1045 1183 περὶ
1067 1101 1116 1162 τὸν
1130 1097 1361 1181 Ἐμπεδοκλέα
1382 1101 1453 1182 πρὸς
1474 1102 1533 1164 τοῖς

168 1208 269 1286 ipaem
294 1225 408 1286 aquam
430 1223 533 1266 aerem
554 1211 669 1265 tetram
850 1192 853 1311 1
920 1201 1089 1272 Στωικοῖς
1110 1207 1167 1286 πῦρ
1190 1203 1262 1285 ἀέρα
1285 1204 1362 1285 ὕδωρ
1384 1207 1437 1284 γῆν

214 1306 444 1369 Aristotcles
467 1308 559 1368 eliam
574 1306 826 1386 qnatnnr'ntro-
851 1324 853 1369 t
879 1305 905 1366 ο1
929 1305 961 1366 δὲ
988 1305 1052 1387 περὶ
1072 1303 1300 1388 Ἀριστοτέλη
1330 1304 1379 1365 τὸν
1412 1302 1533 1384 Περιπα-

172 1411 262 1471 duait
285 1409 462 1471 elementum
486 1408 569 1488 quad
591 1407 826 1488 ἀκατονόμαστον
851 1379 854 1516 i!
920 1409 1036 1488 τητικὺν
1058 1412 1116 1490 πῦρ
1132 1407 1204 1490 ἀέρα
1221 1408 1298 1490 ὕδωρ
1313 1411 1366 1488 γῆν
1382 1405 1415 1466 τὸ
1431 1406 1531 1465 κυκλο-

171 1514 205 1574 id
227 1520 272 1574 est
294 1509 540 1592 incompellabile
563 1511 734 1572 nominarit
760 1511 828 1572 sine
852 1562 855 1607 ρ
921 1511 1076 1594 φορητικὸν
1099 1513 1185 1592 σῶμα

173 1615 266 1677 dnbio
299 1615 385 1674 illum
418 1613 563 1674 indicans
594 1613 646 1692 qni
676 1613 708 1672 in
735 1632 828 1673 rtnnm
852 1610 854 1639 ⁴

173 1724 307 1798 paloor
322 1715 469 1778 clementa
480 1715 668 1794 coninnpens
683 1715 828 1776 mnndum
852 1644 855 1763 1

171 1821 282 1900 fecerit
852 1780 855 1898 1

259 1918 435 1985 Clementis
447 1917 563 1983 seriem
576 1937 617 1982 cx
628 1917 743 2001 eadem
757 1917 867 1984 radice
879 1917 1020 1983 crevisse
1036 1937 1100 2000 qua
1118 1917 1275 1982 Sestiana
1293 1923 1325 1981 ct
1342 1915 1533 1998 Caleniana,

172 2023 278 2107 quivis
293 2024 408 2104 suapte
424 2025 539 2102 sponte
554 2019 740 2101 perspiciet.
767 2026 801 2084 at
817 2019 902 2085 enim
917 2040 983 2084 non
997 2017 1093 2082 nimis
1108 2018 1168 2082 fuit
1182 2019 1238 2084 ille
1253 2017 1423 2099 religiosus
1439 2017 1533 2082 hcmc

173 2126 321 2210 quamvis
344 2120 549 2203 christianus,
572 2120 623 2185 cui
645 2122 687 2186 ab
710 2123 862 2188 extremis
885 2121 983 2187 ordiri
1007 2122 1132 2186 luberet
1154 2119 1426 2204 Pythagoraeque
1448 2117 1535 2182 Stra-

173 2237 283 2294 tonem
304 2224 493 2291 continuare
517 2221 635 2305 quique
659 2225 877 2289 Democritum
900 2224 942 2289 ab
965 2221 1296 2307 Epicurimecessaria
1311 2219 1535 2285 communione

173 2329 336 2396 revulsum
358 2326 504 2391 idearum
526 2324 716 2390 inventione
738 2325 824 2392 beat.
869 2347 958 2393 error
984 2325 1138 2390 ridiculus
1160 2324 1322 2389 mehercle
1343 2343 1405 2388 neo
1426 2329 1535 2386 tamen

171 2429 340 2515 interpreti
362 2427 536 2492 librariove
557 2427 786 2508 iniungendus.
829 2429 883 2511 qui
909 2430 962 2494 vel
986 2449 1026 2494 ex
1048 2426 1244 2492 Democritei
1267 2427 1331 2510 περὶ
1355 2427 1440 2490 ἰδεῶν
1462 2424 1534 2490 libri

174 2533 226 2616 [cf.
242 2530 380 2596 Krische
402 2552 432 2614 p.
452 2530 523 2594 149.
543 2528 652 2594 Himel
676 2531 863 2597 untersuch.
886 2553 916 2614 p.
936 2531 1033 2612 126²]
1055 2529 1172 2594 notitia
1194 2530 1247 2594 vel
1270 2549 1310 2593 ex
1332 2529 1449 2594 inscita
1464 2529 1535 2592 Pla-

174 2633 354 2700 tonicarum
376 2631 522 2696 idearum
545 2629 735 2696 confusione
764 2651 860 2714 quam
882 2631 1037 2697 Irenacus
1051 2633 1083 2696 II
1100 2633 1139 2695 14
1162 2629 1313 2713 [Krische
1335 2653 1366 2715 p.
1384 2631 1463 2696 153¹
1495 2629 1534 2694 cf.

172 2756 271 2821 supra
293 2758 325 2820 p.
343 2735 417 2816 111]
441 2739 610 2815 tamquam
625 2733 792 2798 incohavit
808 2735 861 2798 vel
877 2753 917 2798 ex
932 2734 1092 2798 idolorum
1108 2733 1246 2798 obscura
1260 2733 1425 2816 memoria,
1450 2732 1536 2815 quod

173 2837 398 2904 verisimilius
422 2843 476 2902 est
499 2833 550 2921 [cf.
568 2834 725 2902 Clamant.
741 2837 762 2901 l.
779 2857 877 2920 supra
898 2858 930 2920 p.
948 2837 1008 2902 131
1032 2833 1188 2922 arflatusl,
1211 2835 1340 2900 facilem
1363 2835 1454 2899 utin
1477 2833 1535 2898 tali

173 2941 331 3024 scriptore
353 2938 455 3004 habet
478 2937 663 3022 explicandi
686 2937 856 3004 rationem.
890 2939 989 3022 paulo
1011 2937 1142 3003 diversa
1170 2943 1246 3003 sunt
1268 2937 1364 3003 etiam
1387 2935 1536 3022 proxima

175 3061 259 3126 quae
285 3041 327 3107 de
353 3039 547 3106 Parmenide
576 3046 609 3105 et
630 3040 769 3105 Platone
796 3039 1012 3124 proferuntur.
1046 3061 1122 3105 num
1150 3059 1242 3105 suam
1269 3040 1330 3105 sihi
1357 3039 1535 3106 doctrinam

174 3145 319 3229 proferat
347 3163 390 3208 an
419 3141 571 3208 omissam
598 3161 619 3206 a
648 3141 778 3226 ceteris,
805 3163 872 3207 non
898 3142 1024 3206 dirimo.
1058 3143 1116 3208 sed
1144 3142 1362 3208 memorabilis
1389 3149 1438 3208 θοι
1466 3140 1535 3206 vitii

174 3267 351 3314 οοοοοοοοο
373 3245 427 3328 qui
450 3242 622 3310 intercedit
643 3263 715 3308 cum
731 3249 868 3326 cognato
885 3243 983 3309 Probi
1006 3245 1077 3309 lccc
1101 3245 1141 3309 cf.
1165 3264 1263 3328 snpra
1285 3266 1315 3328 p.
1335 3247 1376 3308 92
1390 3245 1408 3308 ¹.
1432 3243 1535 3324 magm

173 3358 284 3414 tamen
305 3346 483 3413 abhorrent
504 3346 711 3430 Aristotelea,
734 3365 818 3428 quae
840 3345 873 3410 in
896 3347 1088 3410 Tusculanis
1112 3347 1278 3412 Ciceronis
1300 3348 1374 3411 110
1389 3353 1422 3406 tt
1446 3346 1532 3409 1141

174 3459 207 3517 οι
234 3449 323 3536 apud
345 3451 487 3515 Psellum
514 3449 556 3514 de
584 3447 731 3512 omnifar.
762 3447 864 3514 doctr.
888 3469 915 3513 c.
928 3451 968 3512 et
993 3447 1147 3534 [Cramer.
1171 3449 1285 3514 anecd.
1309 3447 1401 3512 Paris
1423 3448 1438 3510 Ι
1461 3443 1534 3530 335]

173 3552 321 3617 similiter
343 3552 502 3634 leguntur.
537 3571 609 3616 curn
631 3549 804 3615 Aristotele
827 3549 1065 3632 quodammodo
1082 3550 1252 3616 coniuncta
1267 3555 1317 3614 est
1331 3547 1536 3614 Alcmaeonis

174 3653 294 3737 opinio.
327 3672 403 3717 nam
426 3652 482 3719 ille
504 3651 646 3735 metaph.
668 3651 697 3716 A
717 3653 737 3715 i)
759 3672 789 3734 p.
806 3651 887 3716 986¹
905 3653 945 3716 32
968 3652 1096 3718 dixerat
1115 3652 1278 3735 Ἀλκμαίων
1296 3651 1463 3734 ...λέγων
1485 3651 1535 3720 τὰς

174 3756 386 3838 ἐναντιότητας,
414 3754 500 3837 quod
528 3753 738 3820 Clementinis
764 3757 916 3818 accurate
943 3755 1126 3839 respondet.
1166 3755 1225 3820 sed
1252 3774 1294 3819 nc
1321 3753 1383 3818 hoc
1407 3753 1536 3836 quidem

172 3858 207 3921 in
230 3857 390 3922 communi
412 3855 495 3922 libro
519 3855 595 3921 olim
618 3854 753 3920 infuisse
775 3875 796 3920 a
819 3855 936 3920 ceteris
958 3856 1111 3922 omissum
1133 3857 1316 3941 praefracte
1337 3854 1534 3937 negaverim.

174 3979 235 4026 nec
256 3958 454 4043 pertinacius
476 3964 586 4023 amen
609 3957 776 4040 obsistam,
799 3956 826 4021 si
850 3957 922 4040 quis
945 3958 1134 4025 eruditionis
1155 3960 1295 4042 laudem,
1317 3977 1412 4040 quam
1429 3977 1536 4039 perso·

175 4068 271 4125 natus
296 4061 353 4127 ille
381 4059 532 4126 Clemens
559 4059 760 4125 ambitiosius
788 4057 884 4143 petit,
914 4059 949 4124 in
978 4061 1211 4144 supplementis
1238 4060 1310 4125 istis
1336 4059 1536 4140 adgnoscere

174 4162 291 4228 velit.¹

252 4263 455 4330 Revertimur
476 4264 574 4346 igitur
597 4264 738 4346 undique
760 4265 803 4329 ad
823 4265 1016 4348 ampliorem
1031 4263 1192 4347 quendam
1208 4263 1324 4328 librum
1340 4263 1429 4328 cuius
1446 4264 1536 4328 linia·

175 4372 285 4432 menta
311 4387 352 4432 ex
380 4367 479 4433 Sexto
504 4367 696 4449 Galeuoque
723 4365 924 4432 adumbravi.
958 4366 1103 4450 quisquis
1130 4371 1242 4432 auctor
1264 4365 1324 4430 fuit
1345 4366 1432 4430 illius
1454 4387 1536 4432 ccm-

174 4469 298 4554 pendii‚
327 4469 470 4534 Stoicam
496 4467 700 4551 disciplinam
726 4468 780 4531 vel
807 4474 895 4534 certe
921 4475 1023 4534 artem
1046 4469 1214 4550 amplexus
1238 4474 1298 4533 θοι.
1333 4487 1396 4550 qua
1418 4467 1536 4532 virtute

176 4571 276 4636 Sexto
299 4571 501 4654 potissimum
523 4576 676 4652 acceptus
697 4567 797 4636 fuisse
820 4570 949 4636 videtur
965 4571 1147 4636 Stoicorum
1171 4577 1327 4654 perpetuo
1345 4569 1536 4650 obstrigilla·

203 4695 213 4698 -
236 4694 363 4701 -—..-..
401 4695 577 4702 .-—---.-—-

248 4742 255 4774 ¹
274 4745 341 4794 VIll
361 4744 377 4795 'l
401 4759 451 4793 non
470 4760 525 4794 sam
544 4745 652 4811 ipatus-nr
671 4759 738 4809 qnae
757 4745 811 4794 sint
827 4744 995 4810 dalnitioncs
1009 4744 1227 4811 pbilosophorum
1245 4761 1276 4795 ee
1295 4745 1336 4795 bis
1355 4761 1422 4808 qnae
1437 4762 1533 4810 propc-

176 4831 262 4881 suirti.
289 4829 356 4895 qnid
379 4841 554 4896 consequntur
577 4845 687 4896 αροοοοο
711 4833 824 4882 macinae
847 4831 910 4896 qaia
929 4847 996 4896 prae
1019 4831 1112 4881 ceteris
1128 4831 1288 4895 pbilosopbts
1307 4829 1419 4896 Epicadi
1436 4831 1535 4883 scholas

167 4917 347 4982 frequentavi.
363 4917 468 4983 ‚scater
487 4928 573 4969 autem
592 4933 663 4968 meas
678 4918 776 4984 Aqtciln
793 4919 877 4984 mcpis
891 4919 1053 4982 Pyrrlaonios
1072 4927 1174 4969 secutus
1193 4928 1239 4980 est,
1259 4917 1328 4970 nlius
1347 4927 1433 4967 antem
1445 4919 1535 4984 srnter

175 5013 263 5054 rtosfer
282 5003 435 5054 Platonicos
454 5015 478 5056 ct
498 5005 689 5056 Aristoteliam.
718 5007 804 5070 itaque
823 5023 880 5056 curn
899 5006 1041 5058 eruditis
1062 5006 1109 5058 tibi
1127 5005 1341 5059 auditoribus
1361 5021 1445 5056 sermo
1464 5015 1508 5058 est.
