3756 5736
326 385 389 450 208
601 387 665 435 XVI
703 385 751 434 DE
772 385 874 434 AETII
892 383 1129 435 PLAClTORUM
1148 381 1420 434 COMPOSITIONE

328 553 471 620 Pollucis
485 551 629 618 fontibus
644 551 870 636 quaestionum
886 549 1057 616 corollario
1073 554 1162 616 reete
1178 547 1385 614 observatum
1405 555 1456 615 est
1476 569 1508 632 p.
1520 549 1563 615 85
1586 567 1692 632 pauca

327 656 361 722 in
385 655 574 722 onomastici
595 656 698 723 altero
722 653 804 720 libro
828 673 846 719 c
869 651 985 719 Sorani
1008 648 1213 736 etymologiis
1234 649 1390 730 decerpta
1411 670 1493 718 esse.
1527 649 1587 717 sed
1608 651 1691 718 hace

329 760 385 825 ille
411 758 501 825 aliud
523 777 625 842 agens
647 758 735 824 lento
758 754 910 822 bracchio
933 753 1107 838 quaesivit,
1136 769 1220 836 quae
1246 751 1355 820 denuo
1377 760 1472 822 erunt
1493 752 1692 822 auctioribus

328 861 481 928 subsidiis
503 857 743 945 pertractanda.
786 857 1000 942 nequeenim
1027 856 1072 923 ad
1092 875 1223 922 manum
1246 861 1323 923 tuno
1344 862 1439 923 eraut
1460 857 1577 924 Miller-i
1600 877 1619 925 e
1641 879 1692 924 co·

328 964 401 1030 dice
415 963 606 1030 Florentino
621 959 837 1048 Etymologici
859 961 1095 1045 supplementa,
1118 957 1205 1024 uude
1227 957 1353 1026 Sorano
1375 979 1504 1044 quoque
1525 982 1592 1028 non
1610 962 1692 1028 nihil

329 1067 455 1135 affluxit
469 1086 531 1132 nec
545 1063 667 1132 Meletii
683 1062 834 1130 monaehi
849 1062 890 1129 dc
904 1069 1022 1130 natura
1036 1060 1176 1128 hominis
1191 1060 1348 1146 synopsin
1362 1062 1465 1148 norit,
1481 1083 1545 1146 quo
1560 1071 1691 1150 practer

328 1169 515 1237 Nemesium
545 1173 578 1234 et
605 1165 762 1233 Basilium
791 1163 908 1232 Sorani
935 1164 1061 1247 integer
1089 1182 1196 1248 paene
1221 1161 1351 1229 libellus
1382 1165 1469 1231 male
1495 1164 1692 1234 dilaceratus

329 1274 471 1341 intextus
498 1276 550 1337 est
577 1267 629 1352 [cf.
653 1268 694 1334 de
717 1267 835 1335 Galerii
858 1267 969 1333 histor.
992 1265 1072 1350 phil.
1095 1271 1175 1332 sent.
1200 1271 1302 1332 conta
1325 1265 1377 1349 V].
1421 1265 1497 1334 hino
1519 1267 1617 1351 igitur
1637 1269 1694 1335 ad·

330 1375 418 1443 scitis
446 1371 574 1440 Orionis
603 1369 780 1456 etymologi
809 1368 990 1454 conspicuis
1016 1367 1206 1451 fragmentis
1237 1367 1291 1451 [ef.
1314 1367 1421 1436 Kleist
1448 1369 1490 1436 de
1522 1369 1693 1438 Philoxeni

330 1477 415 1544 stud.
439 1475 571 1562 etynml.
596 1471 721 1559 Gryph.
738 1473 821 1538 1865
843 1495 874 1557 p.
893 1473 934 1538 16
945 1473 1007 1555 sq.]
1046 1471 1163 1538 Sorani
1185 1471 1401 1555 etymologias
1422 1479 1458 1538 ut
1478 1471 1608 1556 ineptas
1627 1473 1693 1556 pls

328 1598 465 1664 rumque
486 1598 577 1645 more
598 1582 744 1644 veterum
765 1575 812 1640 ita
835 1573 977 1659 optimae
999 1573 1188 1640 eruditionis
1211 1571 1439 1640 refertissimos
1456 1573 1465 1606 ¹
1487 1571 1584 1641 facilc
1603 1573 1694 1642 reati·

329 1691 421 1750 tuere
443 1679 562 1748 licebit.
596 1700 660 1762 quo
682 1677 769 1744 laeto
792 1677 861 1743 fore
884 1682 919 1742 ut
940 1676 983 1742 dc
1005 1677 1139 1743 Polluce
1160 1695 1289 1760 quoque
1304 1675 1423 1744 certius
1438 1675 1574 1743 iudicari
1590 1675 1693 1761 possit

329 1786 406 1854 scio.
451 1782 511 1850 ssd
543 1781 605 1848 hoo
637 1779 729 1846 alias.
774 1785 901 1846 oonstat
934 1785 967 1846 et
1004 1779 1047 1844 ab
1079 1779 1214 1846 Rohdeo
1246 1777 1447 1844 intellectum
1480 1784 1531 1845 est
1562 1785 1693 1862 praeter

329 1885 514 1956 Aristotelis
541 1883 583 1950 dc
610 1883 746 1950 historia
767 1881 956 1950 animalium
977 1881 1078 1948 libros
1100 1888 1134 1948 et
1154 1880 1328 1966 praecipue
1348 1881 1420 1947 Rufi
1441 1881 1508 1966 περὶ
1532 1881 1691 1964 ὀνομασίας

328 1996 380 2056 τοῦ
403 1985 586 2076 ἀνθρώπιν’
606 1985 662 2052 rix
682 1985 857 2070 quidquam
872 1984 1001 2054 alienae
1017 1983 1149 2068 originis
1162 1982 1352 2052 arcessitum
1366 2001 1439 2050 esse
1454 1981 1516 2050 nisi
1532 1983 1691 2055 Soranos.

329 2113 407 2178 ergo
428 2091 485 2157 illo
508 2091 579 2157 loco
602 2107 674 2156 oum
696 2087 738 2156 de
760 2087 886 2156 Sorano
914 2108 956 2154 ex
977 2087 1176 2154 Tertulliano
1198 2107 1226 2154 c.
1243 2087 1283 2152 lb
1306 2089 1433 2152 constet
1458 2089 1493 2150 et
1513 2084 1585 2152 Rufi
1606 2085 1691 2152 ratio

330 2194 519 2276 abhorreat,
542 2197 631 2258 certo
654 2189 772 2258 certius
794 2189 937 2258 Pollucis
959 2189 1081 2257 fontem
1109 2191 1314 2275 exploratum
1337 2185 1503 2254 habemns
1549 2207 1619 2254 mos
1643 2195 1693 2256 est

332 2298 458 2366 Sorano
481 2294 661 2360 conlectam
684 2294 897 2387 eruditionem
912 2291 1019 2359 ubivis
1033 2291 1211 2359 venditare.
1239 2289 1326 2356 unde
1340 2308 1425 2373 quae
1439 2288 1474 2356 in
1488 2289 1699 2374 etymologiis

330 2395 498 2484 proposita
519 2401 590 2462 erat
612 2399 723 2482 μήτρας
743 2395 835 2462 vocis
858 2394 1028 2478 originatio
1050 2395 1167 2462 iterum
1189 2397 1327 2476 apparet
1352 2392 1387 2458 in
1413 2397 1484 2458 arte
1507 2390 1694 2459 obstetricia

330 2500 394 2589 [cd.
422 2499 503 2566 Dies
533 2500 601 2581 pb
631 2496 670 2563 cl.
695 2499 760 2582 περὶ
791 2499 901 2582 μήτρας
929 2496 1045 2564 Rohds
1075 2517 1107 2580 p.
1122 2492 1186 2582 86].
1231 2493 1290 2560 sed
1322 2499 1372 2562 est
1404 2492 1546 2560 Pollucis
1578 2495 1694 2578 ecloga

331 2603 429 2688 paulo
451 2599 646 2667 connectior
667 2619 734 2664 non
754 2599 858 2665 solum
879 2599 914 2666 in
929 2599 1038 2666 verbis
1060 2598 1120 2666 ssd
1139 2595 1237 2664 etiarn
1251 2595 1280 2662 si
1295 2596 1529 2662 Tertullianum
1545 2596 1694 2666 conferas

330 2707 365 2773 in
388 2701 603 2789 opinionibus.
647 2720 746 2766 unum
767 2707 877 2767 tamen
900 2721 941 2768 ex
962 2701 1137 2786 ingalicet
1159 2718 1323 2766 revocare.
1367 2719 1443 2766 nam
1466 2697 1554 2782 quod
1575 2699 1691 2765 Pollux

330 2807 419 2874 1146
441 2805 483 2870 de
505 2803 666 2872 cerebello
689 2801 925 2890 (παρογνοιφαλίς)
948 2805 1026 2870 dicit
1047 2805 1177 2870 καλεῖται
1200 2802 1233 2865 δὲ
1255 2801 1304 2866 καὶ
1326 2801 1471 2888 ἐπικρανίς
1491 2819 1558 2866 non
1580 2800 1692 2868 dubito

332 2931 372 2976 ex
399 2906 516 2976 Sorani
543 2906 585 2972 de
614 2906 810 2972 Erasistrato
842 2908 915 2974 loeo
945 2907 1022 2991 quin
1049 2905 1185 2990 petitum
1211 2903 1289 2970 sit·
1333 2904 1409 2972 lieet
1435 2901 1510 2968 hino
1540 2902 1627 2968 Astii
1648 2903 1695 2970 in·

332 3009 519 3078 credibilem
551 3029 693 3076 errorem
724 3009 884 3092 castigare
917 3015 951 3074 et
983 3008 1109 3074 Sorano
1142 3007 1224 3074 duos
1259 3005 1444 3072 emendare.
1488 3003 1695 3072 consentiunt

332 3111 525 3178 Plutarchus
547 3117 580 3177 et
601 3111 828 3178 Theodoretus
842 3109 1073 3177 Erasistratum
1095 3108 1195 3175 animi
1219 3109 1330 3176 sedem
1353 3107 1532 3174 collocasse
1553 3107 1619 3191 περὶ
1640 3107 1693 3190 τὴν

332 3216 455 3300 μήνιγγα
484 3218 535 3278 τοῦ
563 3214 724 3299 ἐγκεφάλου
753 3215 789 3298 ἣν
819 3214 867 3278 καλ
895 3211 1063 3298 ἐπικρανίδα
1089 3213 1165 3296 λέγει
1194 3208 1441 3297 [Theodoreus
1476 3209 1540 3294 περὶ
1562 3209 1615 3294 τήν
1641 3213 1693 3273 τοῦ

332 3319 494 3404 ἐγκεφάλου
518 3318 642 3401 μήνιγγα
663 3313 746 3403 καλή.
791 3317 819 3382 si
846 3315 917 3399 quis
938 3333 1015 3380 num
1036 3313 1181 3380 medicus
1202 3311 1299 3379 fuerit
1320 3311 1433 3378 Aetius
1455 3309 1610 3395 haesitet,
1633 3309 1695 3376 hoe

331 3443 396 3490 uno
428 3421 501 3486 loco
535 3437 662 3486 omnem
690 3418 926 3486 dubitationem
956 3415 1100 3502 prodigo.
1145 3413 1255 3493 Quid?
1288 3413 1448 3482 medicum
1480 3419 1548 3480 tam
1581 3411 1693 3478 rudem

330 3525 431 3591 luisse
453 3520 567 3606 credis,
589 3524 725 3602 utpium
746 3531 875 3588 matram
896 3541 969 3587 oum
991 3517 1151 3586 cerebello
1168 3515 1402 3584 confunderet?
1424 3513 1591 3581 cerebrum
1606 3513 1692 3580 enim

332 3627 459 3694 duabus
481 3622 677 3690 membranis
699 3624 853 3712 (μήνιγξιν)
877 3621 1034 3689 contineri
1056 3625 1194 3701 constat,
1217 3638 1352 3703 quarum
1367 3619 1504 3686 alteram
1524 3616 1643 3683 circum
1658 3635 1694 3682 os

331 3729 522 3796 validiorem
545 3725 673 3812 (duram
694 3733 830 3793 matrem
852 3722 985 3810 vocant)
1007 3723 1144 3789 alteram
1167 3721 1286 3788 circum
1301 3719 1468 3788 cerebrum
1488 3717 1694 3786 infirmiorem

333 3852 406 3898 esse
428 3830 546 3896 docent
568 3826 669 3914 (piam
692 3834 829 3895 matrem
849 3829 903 3894 vel
926 3828 1049 3911 μήνιγγα
1070 3823 1132 3890 κατ’
1153 3823 1283 3910 ἐξοχήν),
1307 3821 1346 3889 cf.
1368 3821 1471 3888 Rufus
1493 3842 1525 3905 p.
1538 3822 1582 3888 40
1596 3821 1693 3886 Turn.

332 3931 457 4015 antiqui
484 3931 574 3996 velut
595 3929 811 4013 Hippocrates
833 3932 897 4015 περὶ
918 3927 1063 4015 σαρκῶν*
1090 3934 1123 3993 ct
1143 3925 1358 4010 Empedocles
1379 3943 1411 3991 ν.
1434 3923 1497 3990 322
1519 3921 1566 3989 St.
1596 3921 1695 3989 etiem

407 4103 414 4134 ¹
433 4103 548 4156 Soranus
568 4106 695 4155 aTzctaa
713 4121 815 4169 exeges.
834 4107 862 4156 in
880 4107 911 4156 ll.
930 4123 955 4171 p.
972 4102 1021 4158 126
1031 4105 1065 4155 Η.
1083 4103 1203 4153 laudatur
1221 4103 1247 4152 in
1266 4103 1303 4151 eis
1322 4103 1365 4164 qui
1387 4101 1433 4167 τῆς
1447 4093 1586 4166 Ὁμηρικῆς
1607 4095 1695 4165 ἐπιμο-

334 4191 417 4260 λογίας
436 4187 633 4258 ἐπεμελήθησαν.

409 4275 533 4331 ’Rufum
554 4287 613 4344 post
636 4280 777 4344 Hauptinnr
802 4280 891 4330 Herm.
908 4279 950 4330 111
967 4275 1019 4328 224
1042 4277 1165 4328 Rohdeus
1188 4285 1257 4328 recte
1286 4275 1446 4326 monstrauit.
1482 4273 1542 4324 Ruti
1569 4275 1696 4338 epitomis,

333 4369 402 4418 unde
421 4369 550 4432 integrum
569 4379 634 4432 opus
654 4367 794 4430 aliquando
815 4367 998 4418 restituendum
1017 4366 1075 4426 erit,
1094 4375 1196 4428 praescr
1214 4364 1296 4415 editas
1315 4363 1379 4412 duaa
1397 4369 1424 4412 et
1440 4361 1555 4412 Pollucis
1576 4367 1698 4425 excerpta

333 4455 439 4519 [Rohde
454 4472 480 4520 p.
494 4453 541 4519 et]
560 4457 637 4506 etiam
660 4448 838 4520 ὀναματοποιέα
861 4455 907 4521 τῆς
930 4453 976 4502 τοῦ
995 4447 1129 4518 ἀνθρώπου
1147 4445 1243 4507 θέσιιας
1261 4449 1382 4501 addenda
1398 4456 1445 4510 cet,
1464 4463 1541 4512 quarn
1558 4463 1591 4498 cx
1610 4447 1698 4497 codice

334 4545 457 4596 Palatino
478 4543 565 4594 Vatic.
583 4539 635 4593 302
653 4558 674 4592 s.
693 4541 759 4592 XVI
777 4541 857 4591 chart.
876 4541 893 4591 l.
906 4539 957 4592 84¹
980 4540 1134 4604 descriptam
1156 4537 1250 4588 habeo.
1278 4539 1386 4588 alterurn
1413 4536 1557 4600 exemplum
1585 4535 1697 4586 Golonn.

332 4649 358 4682 n.
374 4629 415 4695 12,
434 4633 505 4682 cuins
522 4632 638 4681 meminit
654 4628 816 4692 Darembcrg
833 4636 887 4678 not
906 4637 932 4678 ct
949 4635 1014 4678 extr.
1025 4627 1039 4677 1
1052 4643 1077 4691 p.
1093 4621 1152 4688 125,
1173 4626 1280 4688 Romae,
1299 4626 1416 4675 invenire
1436 4637 1491 4674 nen
1510 4623 1626 4686 contigit.

404 4716 510 4769 ⁸imm0
529 4727 626 4768 eertum
645 4724 693 4778 est,
713 4731 770 4765 cum
782 4716 903 4766 Meletius
922 4732 946 4780 p.
959 4711 1002 4776 54,
1016 4712 1047 4765 18
1066 4713 1109 4763 Cr.
1128 4713 1223 4764 haheat
1241 4707 1315 4778 καὶὴ
1334 4705 1516 4779 παριγινφαλλς
1533 4706 1565 4777 ἣν
1583 4706 1627 4759 acl
1646 4705 1697 4758 ἐπι-

333 4803 437 4875 οιρανέδα
458 4805 545 4869 [codd.
564 4799 745 4872 παρααρανίέα,
765 4802 786 4851 O
805 4797 999 4870 παριγιιρανίέα]
1017 4796 1143 4850 καλοῦσιν.

403 4891 413 4922 ⁴
433 4895 478 4943 aed
500 4894 605 4957 propria
628 4892 668 4941 vel
693 4877 731 4939 illi'
754 4889 884 4940 distinctio
908 4896 1016 4939 constat.
1040 4888 1072 4937 de
1095 4888 1146 4936 loe.
1169 4887 1238 4936 horn.
1262 4883 1348 4948 2[VI
1365 4903 1391 4951 p.
1404 4882 1456 4937 280
1467 4881 1509 4948 L.]
1532 4881 1647 4951 μήνιγγις
1670 4877 1696 4930 tl

333 4979 375 5032 diro
394 4977 440 5030 elul
457 4982 502 5030 τοῦ
521 4975 659 5046 ἐγκεφάλου
678 4975 693 5044 ή
713 4974 758 5042 μὲν
777 4973 862 5026 ἐπάνω
880 4974 1019 5044 παχοτέρη,
1037 4971 1053 5041 ἡ
1072 4971 1098 5023 δέ
1117 4969 1196 5042 λεπτὴ
1214 4977 1260 5024 τοῦ
1279 4969 1418 5042 ἐγκεφάλου
1436 4969 1574 5038 ἁπτομένη.
