3710 5730
339 373 381 436 10
635 378 648 425 l
683 377 732 426 DE
753 377 1021 427 Pnnvsacnasn
1041 376 1225 427 EPlTOMES
1244 377 1416 427 MEMORIA

337 551 444 608 autem
461 564 502 608 ne
518 543 588 626 quis
604 543 664 608 soli
682 543 855 608 Plutarcho
871 543 1084 609 dormitantes
1098 544 1239 610 editores
1255 544 1409 625 obtigisse
1425 553 1543 628 reatur,
1566 547 1700 628 perinde

337 644 506 710 ridiculum
526 665 669 711 errorem
686 645 846 728 hodieque
860 645 924 728 legi
938 646 972 710 in
988 646 1243 712 Pseudo-Iustini
1257 646 1380 712 cohort.
1397 667 1423 712 c.
1440 649 1473 712 6:
1503 646 1700 732 Ἀριστοτέλης

337 747 370 808 δὲ
397 747 430 810 οὐ
457 749 658 832 κοινοτέραν
686 749 738 832 τὴν
764 749 861 833 ψυχὴν
888 747 961 812 εἶναι’
989 770 1076 833 φησιν
1104 749 1134 813 δν
1162 747 1187 834 qt
1215 749 1413 833 περιείληπται
1439 752 1487 814 καὶ
1520 753 1557 818 τά
1583 755 1699 838 φθαρτὰ

338 849 434 932 μόρια,
457 850 532 914 ἀλλὰ
554 852 587 914 τδ
609 853 723 934 λογικὸν
747 849 843 932 μόνον.
882 855 917 914 ut
938 849 1103 914 Plutarchi
1125 850 1274 916 librarios
1296 851 1425 935 decepit
1449 855 1539 921 vocis
1561 856 1698 920 Στωικοὶ

337 950 449 1016 ultima
472 951 601 1036 syllaba
622 951 771 1036 repetita,
795 950 841 1015 ita
863 949 895 1015 in
918 952 1041 1018 Iustino
1063 951 1124 1018 fuit
1145 951 1334 1018 adverbium
1357 955 1530 1040 κοινότερον.

423 1051 490 1118 Sed
519 1053 595 1137 quid
626 1054 716 1118 multi
747 1073 857 1118 sumus
885 1053 919 1118 in
946 1053 1078 1120 Eusebii
1108 1055 1309 1140 praestantia
1339 1055 1518 1144 laudanda,
1547 1061 1698 1144 qnoniam

337 1155 504 1237 antiquum
534 1155 650 1220 librum
682 1155 843 1221 inferioris
870 1155 988 1220 aetatis
1017 1156 1164 1223 sordibus
1198 1175 1309 1223 carere
1342 1167 1593 1227 consentaneum
1627 1163 1698 1228 est?

338 1255 655 1324 verumenimvero
679 1257 1006 1339 multograviusest
1032 1259 1118 1341 quod
1146 1258 1232 1326 idem
1260 1260 1390 1326 Eusebii
1419 1263 1603 1347 exemplum
1632 1283 1697 1329 non

337 1359 433 1424 nullis
455 1359 534 1424 locis
556 1365 669 1442 aperte
692 1361 745 1425 vel
768 1359 926 1443 corruptis
948 1361 1001 1426 vel
1014 1359 1177 1426 lacunosis
1192 1361 1239 1426 ita
1253 1363 1413 1429 consentit
1428 1385 1499 1430 cum
1514 1371 1696 1430 nostrorum

336 1460 482 1526 codicum
504 1461 749 1544 depravatione,
772 1469 807 1527 ut
828 1461 892 1527 iam
915 1469 1030 1544 quarto
1053 1464 1185 1528 saecula
1215 1463 1399 1546 vulgaria
1426 1467 1577 1548 exempla
1599 1473 1696 1548 atque

337 1565 504 1647 ἀδιόρθωτα
533 1561 583 1649 [cf.
607 1563 643 1628 L.
667 1563 807 1630 Diudorf
825 1563 927 1648 praef.
950 1564 993 1628 ad
1021 1563 1116 1628 Dion.
1141 1564 1307 1650 Chryscst.
1327 1567 1343 1630 1
1365 1587 1396 1649 p.
1413 1587 1443 1628 ιν
1459 1565 1481 1653 ⁴]
1509 1565 1697 1632 circumlata

337 1685 409 1731 esse
432 1664 510 1730 satis
533 1671 669 1748 constet,
692 1667 778 1731 unde
800 1667 833 1731 in
856 1665 926 1730 dies
946 1665 1049 1748 magis
1065 1665 1222 1748 gliscente
1238 1667 1378 1732 cuiusvis
1393 1667 1607 1752 corruptionis
1622 1668 1696 1734 labe

336 1767 587 1851 Byzantinorum
607 1766 679 1832 libri
695 1767 824 1834 deducti
840 1773 925 1833 sunt.
958 1774 1088 1851 praeter
1103 1769 1188 1834 hanc
1202 1776 1309 1834 autem
1325 1769 1492 1852 vulgarem
1508 1770 1694 1836 memoriam

336 1869 432 1934 etiam
456 1876 530 1953 post
543 1868 675 1934 Eusebii
697 1877 839 1936 aetatem
862 1869 1024 1953 pleniores
1045 1877 1175 1954 praesto
1198 1877 1291 1936 erant
1312 1879 1345 1936 et
1359 1871 1597 1938 emendatiores
1612 1872 1695 1956 libri,

336 1991 471 2054 quorum
493 1971 615 2036 auxilio
639 1970 726 2037 haud
749 1972 850 2037 semel
872 1971 1009 2037 vulnera
1030 1979 1087 2038 ant
1108 1973 1310 2038 conclamata
1336 1979 1393 2037 aut
1416 1973 1564 2039 sanitatis
1586 1973 1695 2058 specie

335 2073 484 2140 fallentia
507 2081 596 2140 certa
619 2093 716 2140 manu
739 2093 853 2140 curare
875 2073 1018 2157 contigit.
1057 2074 1140 2140 ineo
1163 2093 1297 2140 numero
1319 2081 1394 2140 suut
1416 2073 1557 2159 Oyrillus
1579 2081 1612 2141 et
1625 2095 1696 2159 per-

337 2183 471 2241 sonatus
493 2177 647 2242 Galenus.

422 2277 686 2344 Theodoretns
708 2277 793 2342 enim
817 2277 987 2360 episcopus
1010 2277 1173 2362 cyrensis,
1196 2277 1249 2361 qui
1272 2278 1405 2342 ineunte
1428 2277 1539 2360 quinto
1562 2280 1693 2345 saeculo

337 2378 453 2463 floruit,
469 2379 560 2446 nevit
573 2380 628 2446 ille
645 2381 774 2464 quidem
791 2377 955 2445 Plutarchi
970 2381 1023 2464 τὴν
1038 2382 1102 2465 περὶ
1125 2387 1183 2444 τῶν
1206 2386 1265 2449 τοῖς
1287 2381 1456 2463 φιλοσόφοις
1478 2379 1620 2450 δοξάντων
1635 2383 1693 2446 ἐπι-

336 2486 426 2566 τομήν
454 2479 571 2568 [graec.
598 2483 702 2548 effect.
730 2489 830 2548 curat.
847 2483 892 2548 IV
908 2483 947 2546 31
972 2480 1010 2546 cf.
1027 2483 1055 2547 V
1074 2479 1138 2568 16],
1166 2481 1224 2548 sed
1251 2500 1335 2564 quae
1350 2481 1382 2544 lI
1399 2483 1460 2547 112
1487 2489 1521 2548 et
1541 2483 1625 2548 1114
1651 2484 1694 2550 de

335 2583 440 2649 atheis
476 2585 620 2668 Diagora
655 2583 826 2650 Theodoro
862 2583 1045 2650 Euhemero
1083 2584 1259 2650 Plutarcho
1292 2582 1458 2648 nominato
1492 2591 1603 2650 narrat
1637 2584 1692 2672 [cf.

337 2685 450 2751 Placit.
473 2687 488 2750 Ι
512 2687 529 2750 l
553 2683 577 2771 l]
605 2705 645 2750 ea
664 2685 805 2751 Eusebio
827 2693 976 2770 surrepta
998 2693 1085 2768 suut,
1111 2687 1197 2752 unde
1219 2685 1333 2752 eodem
1356 2687 1427 2750 loco
1442 2686 1474 2750 ll
1492 2689 1553 2752 113
1575 2693 1608 2753 et
1632 2690 1693 2752 llb

337 2789 536 2870 Protagorae
563 2795 595 2854 et
621 2787 771 2853 Numenii
798 2788 953 2854 memoria
979 2787 1080 2853 fluxit.
1114 2787 1199 2871 quod
1227 2787 1403 2869 Diagoram
1430 2787 1617 2854 Milesium
1643 2809 1694 2854 co·

336 2889 448 2970 gnevit
477 2889 682 2955 consentiens
719 2911 789 2956 cum
821 2890 978 2974 Eusebio,
1014 2889 1132 2955 furtum
1165 2889 1272 2954 reddit
1304 2889 1519 2956 manifestum.
1563 2891 1621 2956 sed
1652 2891 1695 2958 de

337 2991 540 3057 Theodoretc
563 2991 647 3056 infra
669 2992 850 3058 accuratius
871 2992 1042 3057 dicendum
1064 2993 1135 3058 erit.

422 3094 560 3160 Utiliora
586 3101 661 3159 snut
690 3095 790 3158 multo
817 3093 953 3178 Cyrilli
980 3093 1179 3160 acerbissimi
1207 3093 1403 3160 'theodoreti
1433 3093 1611 3160 adversarii
1643 3115 1695 3161 ex-

336 3205 461 3280 cerpta,
496 3196 611 3280 quibus
641 3197 684 3262 ad
715 3195 875 3260 lulianum
906 3195 1117 3261 refellendum
1148 3196 1270 3261 utitur·
1289 3195 1336 3260 ita
1362 3202 1463 3290 contr.
1489 3197 1548 3261 lul.
1568 3197 1600 3261 Π
1632 3195 1693 3283 [ed.

336 3298 469 3364 huberti
496 3300 601 3365 Lntet
622 3299 704 3364 1638
725 3297 790 3364 vol.
806 3295 861 3383 VI]
887 3319 918 3380 p.
935 3297 1131 3362 tes-tm
1159 3305 1310 3380 quattuor
1331 3297 1485 3382 deinceps
1510 3297 1619 3382 priora
1645 3319 1695 3365 ca·

337 3401 405 3484 pita
426 3401 498 3466 libri
514 3403 545 3467 11
568 3407 718 3466 accurate
740 3399 902 3483 excerpsit
922 3397 1011 3464 hisce
1034 3397 1234 3483 praemissis:
1259 3400 1484 3485 Πλούταρχος
1506 3402 1599 3464 τοίνυν
1621 3403 1695 3487 ἀνὴρ
1740 3399 1749 3410 ”

337 3510 394 3568 τῶν
417 3503 483 3588 παρ’
516 3503 613 3573 αὐτοῖς
641 3503 694 3566 οὐκ
721 3501 834 3586 ἄσημος
860 3507 984 3585 γεγονὼς
1009 3505 1043 3566 ἐν
1070 3509 1117 3587 τῷ
1145 3503 1296 3586 δευτέρῳ
1319 3503 1442 3587 βιβλίῳ
1465 3509 1526 3587 τῆς
1548 3509 1614 3566 τῶν
1637 3529 1695 3589 φυ-

337 3613 441 3671 σικῶν
463 3608 640 3690 δογμάτων
663 3611 862 3689 συναγωγῆς
884 3605 962 3668 οὕτω
984 3605 1056 3688 φησὶ
1085 3605 1149 3688 περὶ
1172 3608 1223 3667 τοῦ
1245 3605 1366 3686 κόσμου.
1411 3603 1508 3668 etiam
1536 3605 1620 3671 tituli
1647 3625 1697 3672 aa·

337 3709 437 3792 pitum
460 3714 640 3790 servantur,
663 3727 734 3772 cnm
754 3707 893 3772 alterum
915 3705 957 3770 ab
979 3705 1030 3770 his
1053 3705 1159 3770 verbis
1183 3705 1327 3770 ordiatur
1349 3704 1412 3768 etro
1433 3707 1509 3789 περὶ
1531 3713 1590 3771 τοῦ
1613 3712 1696 3793 σχή-

337 3833 441 3892 ματος
463 3815 522 3872 τοῦ
545 3811 676 3891 κόσμου
699 3809 758 3871 ὦδε
779 3810 863 3871 πάλιν
886 3809 982 3892 φησίν.
1005 3807 1147 3891 itemque
1162 3827 1189 3872 c.
1206 3809 1225 3872 3
1241 3806 1298 3891 ἔφη
1315 3809 1347 3870 δὲ
1369 3811 1454 3870 πάλιν
1476 3810 1528 3878 τὰς
1550 3815 1608 3872 τῶν
1628 3809 1690 3894 παρ’

329 3909 449 3995 Ἕλλησι
468 3912 636 3996 φιλοσόφων
659 3910 743 3980 δόξας
764 3911 804 3979 εἰς
827 3910 975 3994 ἐξηγήσεις
997 3912 1156 3995 sperata.
1178 3909 1208 3972 εἰ
1231 3907 1386 3994 ἔμψυχος
1413 3913 1429 3974 ὁ
1455 3911 1584 3990 κόσμος
1608 3912 1626 3994 ἢ
1651 3913 1695 3995 μὴ

336 4015 437 4084 οὕτως.
478 4012 626 4079 similiter
653 4015 721 4078 ad
752 4013 868 4090 iterum
898 4011 1105 4078 Plutarchum
1137 4009 1326 4076 nominatim
1356 4009 1462 4077 adfert
1488 4033 1519 4096 p.
1536 4015 1576 4078 51
1588 4035 1629 4076 ns
1656 4013 1695 4079 cf.

335 4137 366 4200 p.
381 4118 458 4180 700:
482 4115 539 4201 ἔφη
555 4118 609 4200 γάρ
625 4139 679 4179 που
695 4115 870 4200 captabula
887 4115 985 4200 ἰσχνὸς
1008 4119 1048 4179 ὢν
1071 4115 1142 4195 άγαν
1166 4117 1181 4178 δ
1206 4115 1429 4200 Πλούταρχος
1451 4117 1551 4200 ἐντῷ
1572 4119 1696 4200 πρώτῳ

337 4219 457 4304 βιβλίῳ
480 4223 633 4302 φυσικῶν
649 4219 827 4299 δογμάτων
850 4224 1061 4301 συναγωγῆςε
1084 4215 1201 4300 ‘diodor
1218 4217 1299 4280 δὲέκ
1314 4218 1415 4280 τούτου
1430 4217 1500 4280 κτλ.1
1524 4218 1696 4283 exPlut.1

336 4321 399 4384 68.
421 4331 442 4380 1.
463 4329 487 4381 a.
524 4317 704 4403 proximum
734 4325 832 4402 capnt
861 4316 887 4405 [I
908 4321 924 4383 l
949 4329 987 4380 11.
1011 4329 1050 4380 le.
1072 4329 1112 4380 17.
1135 4316 1299 4404 123233]
1326 4325 1497 4402 postquam
1525 4339 1556 4401 p.
1572 4321 1696 4385 “idone

335 4419 534 4504 compilavit:
556 4424 713 4506 γεγράφασι
736 4422 778 4496 δέ,
799 4419 913 4502 inquit,
935 4422 998 4504 cepi
1020 4421 1129 4483 τούτων
1153 4420 1378 4507 Πλούταρχός
1400 4445 1431 4484 τε
1454 4423 1501 4486 καὶ
1524 4421 1617 4504 ἕτεροι
1638 4427 1696 4484 τῶν

335 4521 401 4606 παρ’
441 4525 538 4594 αὐτοῖς
575 4526 705 4608 λογάδων
735 4525 782 4586 καὶ
815 4525 830 4585 ὁ
867 4524 975 4606 θρασὺς
1005 4519 1073 4585 καδ’
1112 4525 1197 4606 ἡμῶν
1232 4523 1438 4608 [Ιορφύριος.
1488 4523 1696 4588 Plutarchum

337 4623 523 4708 opinionum
545 4633 578 4692 et
598 4625 813 4709 Porphyrium
837 4624 975 4689 vitarum
998 4623 1186 4707 scriptorem
1209 4625 1397 4690 coniunctos
1420 4623 1613 4709 compluries
1634 4643 1697 4689 me-

336 4733 442 4791 morat
469 4727 567 4792 etiam
590 4726 824 4810 theodoretus,
847 4727 952 4810 quode
976 4725 1060 4791 infra
1083 4725 1215 4792 dicetur.

421 4829 471 4894 lle
497 4829 646 4913 exemplo
674 4829 837 4894 Plutarchi
867 4849 888 4893 a
911 4817 1034 4913 Cyrillo
1062 4830 1145 4895 lecto
1172 4829 1329 4894 nonnulla
1355 4828 1495 4896 dicenda
1521 4834 1596 4894 suut
1622 4827 1698 4910 qnia
