3756 5736
433 1403 681 1470 PLUTARCHI
705 1403 763 1470 DE
786 1405 983 1472 PLAGlTlS
1006 1405 1221 1472 EPITOMES
1244 1407 1383 1472 INDEX
1407 1405 1598 1472 CAPITUM

656 1696 670 1744 1
1059 1697 1075 1748 4
1112 1695 1134 1748 εί
1153 1693 1279 1764 ἄφθαρτος
1298 1694 1423 1762 όνκόσμος

387 1767 553 1816 P¹⁰⁰⁰¹¹¹i¹¹m
1060 1783 1075 1835 5
1112 1781 1188 1834 πόύιν
1206 1783 1322 1851 τρέφεται
1340 1782 1353 1835 ό
1372 1784 1464 1852 κόσμος

357 1871 367 1922 1
404 1869 431 1930 τίΙ
446 1869 497 1920 έστι
516 1865 586 1936 φύσις
1059 1871 1075 1923 6
1111 1867 1160 1920 ἀπὸ
1188 1869 1259 1920 ποίου
1286 1869 1388 1938 πρώτου
1418 1871 1552 1939 στοιχείουι
1567 1866 1659 1938 ἤρξατο
1684 1867 1697 1920 ό

352 1957 368 2008 2
404 1956 450 2008 τίνι
469 1954 577 2024 διαφέρει
595 1954 661 2024 ἀρχὴ
681 1956 724 2006 καὶ
743 1959 851 2024 στοιχεῖα
1178 1951 1243 2016 διὸς
1261 1963 1420 2024 κοσμοποιεῖν

352 2043 369 2096 3
406 2044 460 2112 περὶ
479 2044 565 2112 ἀρχῶν
582 2042 607 2094 τί
625 2042 683 2093 ιίσιν
1059 2045 1074 2096 7
1115 2046 1170 2114 περὶ
1189 2043 1282 2105 τάξεως
1300 2047 1345 2096 τοῦ
1363 2044 1459 2112 κόσμου

352 2133 369 2183 4
406 2137 460 2188 πῶς
479 2130 627 2198 συνέστηκεν
645 2127 658 2180 δ
677 2129 770 2196 κόσμος
1058 2133 1075 2184 8
1110 2131 1147 2190 τίς
1165 2131 1181 2200 ἡ
1200 2131 1266 2184 αίτία
1283 2137 1328 2182 τοῦ
1347 2130 1389 2184 τὸν
1408 2131 1501 2200 κόσμον
1520 2127 1665 2200 έγκλιέλῆναι

353 2220 369 2273 5
404 2219 426 2270 εί
444 2217 470 2269 ἓν
488 2217 516 2270 τὸ
535 2222 584 2268 πᾶν
1059 2221 1075 2273 9
1111 2221 1229 2289 περὶτοῦ
1248 2217 1381 2278 έκτδςτοῡ
1400 2217 1495 2284 κόσμου
1514 2216 1604 2268 είέστι
1627 2217 1697 2269 κενόν

354 2308 369 2360 6
406 2303 481 2358 πόύεν
500 2305 593 2356 ἔννοιαν
613 2303 686 2372 ἔσχον
703 2301 770 2356 θεῶν
789 2301 917 2373 άνύρωποι
1044 2306 1075 2358 10
1111 2307 1165 2358 τίνα
1184 2305 1250 2367 διξιά
1267 2311 1312 2358 τοῦ
1330 2305 1426 2374 κόσμου
1448 2304 1490 2354 καί
1508 2305 1563 2356 τίνα
1584 2305 1698 2374 ἀριστερά

354 2395 369 2446 7
406 2393 443 2450 τίς
461 2393 525 2444 έστιν
542 2390 555 2444 ὁ
574 2389 630 2449 διός
1045 2395 1072 2446 11
1112 2395 1167 2464 περὶ
1185 2393 1291 2464 οὐρανοῦ
1308 2393 1344 2452 τίς
1362 2393 1378 2461 ἡ
1398 2390 1487 2443 τούτου
1506 2390 1575 2443 οὐσία

354 2481 370 2534 8
406 2481 461 2548 περὶ
479 2478 603 2547 δαιμόνων
622 2479 664 2529 καί
683 2477 776 2546 ἡρώων
1045 2481 1075 2534 12
1112 2481 1167 2551 περί
1185 2480 1326 2552 διαιρέσεως
1344 2478 1450 2549 οὐρανοῦ

353 2569 369 2621 9
405 2568 460 2636 περὶ
479 2565 539 2636 ὐλης
1044 2567 1075 2620 13
1112 2569 1148 2627 τίς
1169 2569 1185 2637 ἡ
1209 2549 1279 2622 οὐσία
1301 2573 1353 2619 τῶν
1376 2566 1475 2636 ἄστρων
1497 2566 1632 2636 πλανητῶν
1654 2569 1697 2620 καί

337 2655 369 2708 10
405 2655 460 2723 περὶ
480 2653 545 2711 ίδέας
597 2705 598 2710 ,
1172 2655 1290 2708 ἀπλανῶν
1308 2654 1351 2705 καὶ
1369 2659 1423 2711 πῶς
1442 2654 1545 2723 συνέστη

337 2743 365 2796 11
404 2743 459 2812 περὶ
478 2741 564 2794 αἰτίων
1044 2743 1075 2795 14
1112 2744 1167 2812 περὶ
1185 2745 1323 2812 σχημάτων
1341 2740 1453 2810 ἀστέρων

337 2828 368 2882 12
405 2830 460 2898 περὶ
479 2829 604 2896 σωμάτων
1044 2829 1075 2883 15
1112 2831 1166 2899 περὶ
1184 2828 1277 2890 τάξεως
1296 2829 1406 2897 ἀστέρων

338 2915 369 2968 13
405 2917 460 2985 περί
478 2915 619 2984 έλοχίστων
1043 2917 1075 2972 16
1112 2918 1166 2986 περὶ
1179 2921 1225 2987 τῆς
1236 2923 1288 2969 τῶν
1302 2916 1412 2984 ἀστέρων
1425 2921 1503 2984 φορᾶς
1519 2917 1562 2968 καί
1576 2918 1697 2988 κινὴσεως

337 3003 369 3054 14
405 3004 460 3073 περὶ
479 3003 617 3072 σχημάτων
1044 3005 1075 3057 17
1112 3003 1187 3058 πόθον
1205 3003 1354 3072 φωτίζονται
1373 3003 1395 3054 οἰ
1413 3003 1512 3072 ἀστέρες

337 3091 369 3144 15
405 3091 460 3160 περὶ
479 3091 623 3160 χρωμάτων
1045 3093 1076 3145 18
1112 3093 1166 3161 περὶ
1184 3097 1236 3144 τῶν
1254 3089 1418 3159 καλουμένων
1436 3085 1594 3160 Διοσκούρων
1682 3091 1696 3112 ’“

338 3179 369 3233 16
405 3180 461 3247 περὶ
477 3163 558 3246 τομῆς
576 3179 702 3244 σωμάτων
1044 3180 1075 3231 19
1112 3180 1166 3247 περὶ
1184 3177 1347 3246 ἐπισημασίας
1359 3178 1471 3246 ἀστέρων
1484 3179 1527 3230 καί
1539 3186 1594 3238 πῶς
1606 3180 1697 3248 γίνεται

336 3265 369 3318 17
405 3267 460 3334 περὶ
478 3261 568 3333 μίξεως
587 3265 630 3316 καί
649 3267 761 3334 κράσεως
921 3315 937 3329 ,,
1181 3265 1277 3336 χειμὼν
1297 3265 1341 3316 καὶ
1359 3260 1430 3334 δέρος

338 3353 370 3406 18
405 3353 460 3422 περὶ
479 3355 552 3403 κενοῦ
1041 3351 1075 3406 20
1111 3356 1166 3424 περὶ
1185 3351 1268 3411 οὐσίας
1285 3350 1357 3421 ἡλίου

337 3441 368 3494 19
405 3441 460 3510 περὶ
477 3439 555 3492 τόπου
1041 3440 1072 3494 21
1110 3442 1165 3511 περὶ
1183 3437 1303 3509 μεγέθους
1320 3439 1392 3508 ἡλίου

335 3529 369 3583 20
406 3530 460 3599 περί
479 3527 565 3597 χώρας
1041 3528 1074 3582 22
1111 3529 1166 3598 περὶ
1185 3527 1313 3596 σχήματος
1331 3525 1402 3595 ἡλίου

335 3617 367 3670 21
405 3617 460 3684 πτρὶ
478 3615 568 3684 χρόνου
1041 3613 1074 3668 23
1110 3615 1165 3684 περὶ
1183 3607 1284 3684 τροπῶν
1301 3611 1373 3682 ἡλίου

335 3705 369 3758 22
404 3703 459 3773 περὶ
478 3701 561 3759 οὐσίας
579 3701 670 3770 χρόνου
1034 3704 1074 3756 -24
1111 3703 1166 3772 περί
1185 3700 1321 3769 ἐκλείψεως
1338 3699 1409 3770 ἡλίου

335 3791 369 3844 23
405 3791 460 3859 περὶ
478 3789 600 3857 κινὴσειος
1014 3791 1075 3847 125
1111 3789 1166 3858 περὶ
1185 3786 1268 3846 οὐσίας
1286 3786 1390 3856 σελὴνης

335 3878 369 3930 24
405 3877 460 3946 περὶ
478 3877 595 3944 γενέσεως
613 3876 656 3926 καί
675 3873 771 3946 φδορᾶς
1041 3879 1075 3934 ’26
1111 3877 1166 3946 περὶ
1185 3872 1305 3943 μεγέθους
1324 3873 1429 3944 σελήνης

335 3965 369 4018 25
405 3965 460 4032 περὶ
478 3962 587 4032 ἀνάγκης
1042 3965 1074 4018 27
1112 3963 1166 4032 περὶ
1185 3963 1315 4032 οχὴμιιτος
1334 3961 1438 4032 σελὴνης

335 4051 369 4104 26
405 4051 460 4118 περὶ
479 4049 562 4108 οὐσίας
580 4050 689 4119 ἀνάγκης
1042 4051 1075 4103 28
1112 4051 1167 4119 περὶ
1185 4055 1324 4118 φωτισμῶν
1341 4049 1446 4120 σελὴνης

336 4137 369 4191 27
406 4139 460 4206 περὶ
479 4138 629 4207 εἱμαρμένης
1042 4139 1079 4194 29
1112 4137 1166 4206 περὶ
1185 4135 1320 4205 έκλείψεως
1339 4135 1443 4206 σελὴνης

335 4225 370 4278 28
406 4225 460 4293 πιρλ
479 4223 562 4282 οὐσίας
580 4225 729 4294 εἱμαρμένης
1041 4227 1076 4279 30
1112 4225 1166 4294 περὶ
1176 4225 1306 4294 έμφάσιως
1316 4224 1393 4293 αὐτῆς
1402 4223 1440 4275 διὰ
1449 4225 1473 4275 τί
1482 4222 1577 4292 γεώδης
1586 4223 1697 4292 φαίνεται

336 4309 370 4365 29
406 4313 461 4380 περὶ
478 4309 557 4382 τύχης
1042 4311 1073 4366 31
1112 4313 1167 4382 περὶ
1185 4319 1237 4365 τῶν
1256 4312 1442 4380 ἀποστημάτων
1460 4311 1517 4378 [τῆς
1535 4307 1652 4378 σελήνης]

335 4397 370 4452 30
405 4401 460 4468 πέρὶ
479 4397 575 4468 φόσεως

649 4561 676 4614 11
1348 4535 1389 4589 ιιι

387 4631 553 4680 Prooemium
1093 4629 1262 4680 Prooemium

355 4733 365 4784 l
405 4733 460 4800 περὶ
478 4732 574 4799 κόσμου
1060 4734 1076 4786 1
1112 4733 1167 4801 περὶ
1185 4734 1230 4782 τοῦ
1248 4727 1364 4799 γαλαξίου
1383 4725 1479 4780 κὐκλου

353 4818 368 4870 2
405 4819 459 4888 περὶ
478 4819 607 4888 σχὴματος
625 4818 721 4886 κόσμου
1060 4819 1076 4872 2
1112 4818 1166 4887 περλ
1185 4823 1306 4887 κομητῶν
1318 4817 1361 4868 καί
1373 4814 1522 4884 διᾳττόντων
1535 4816 1578 4866 καὶ
1591 4813 1697 4866 δοκίδων

352 4905 369 4958 3
406 4902 426 4958 εί
451 4905 564 4976 ἔμψυχος
587 4905 600 4958 ό
623 4907 716 4976 κόσμος
740 4908 783 4959 καὶ
807 4909 908 4978 προνοίᾳ
933 4909 989 4962 διοι-
1060 4908 1076 4960 3
1112 4905 1167 4975 περὶ
1191 4904 1301 4974 βροντῶν
1324 4905 1458 4972 ἀστραπῶν
1483 4909 1611 4971 κεραυνῶν
1635 4921 1697 4973 πρη·

450 4989 569 5061 κούμενος
1188 4991 1287 5060 στὴρων
1305 5009 1332 5042 τι
1351 4991 1393 5042 καί
1412 4988 1536 5058 τυφώνων
