3708 5732
647 431 652 440 .
676 385 951 438 recenseamus
1432 389 1494 454 145

137 550 238 634 pestis
268 553 357 620 velut
383 552 616 636 antesignanos
629 573 826 637 proponere
847 553 984 619 Thalem
1013 554 1234 639 Pythagoram
1265 557 1495 641 Empedoclem

137 653 344 721 Heraclitum.
382 662 417 721 at
439 655 608 722 consilium
630 657 696 722 rion
719 654 894 722 constitit.¹
932 657 991 723 scd
1012 658 1055 724 ah
1076 657 1320 726 Anaximandro
1342 659 1496 744 deinceps

137 756 180 822 ad
200 757 398 824 Archelaum
419 758 547 844 physici
569 758 785 844 proferuntur.
827 765 894 824 tum
910 757 1044 827 Socrate
1066 760 1175 826 stricto
1192 761 1402 829 Parmenides
1416 763 1497 830 Leu-

137 860 250 944 cippus
272 879 344 926 cum
359 861 545 928 Democrito
560 861 783 946 Xenophanes
797 861 987 946 Ecphantus
1002 861 1110 946 Hippo
1125 871 1286 930 secuntur.
1319 864 1379 930 hos
1399 887 1494 950 porro

137 963 301 1047 excipiunt
325 962 480 1030 Socrates
509 965 604 1030 Plato
631 963 823 1031 Aristoteles
846 963 946 1030 Stoici
975 964 1126 1048 Epicurei
1148 964 1347 1050 Academici,
1378 985 1496 1050 agmen

137 1065 293 1132 claudunt
313 1066 387 1132 Indi
409 1066 554 1134 Druidae
576 1065 748 1134 Hesiodus.

223 1167 284 1248 Qui
299 1169 470 1255 Hippolyti
492 1169 645 1237 librorum
668 1169 910 1236 scribendorum
925 1170 1084 1236 rationem
1099 1189 1140 1236 ex
1154 1168 1286 1253 reliquis
1300 1169 1391 1236 libris
1406 1171 1497 1237 novit

137 1291 234 1354 quam
263 1279 415 1339 accurate
444 1277 480 1338 ut
506 1273 568 1338 hoc
599 1279 671 1338 utar
698 1271 839 1357 Iosepho
866 1273 908 1338 de
939 1272 1024 1338 hello
1046 1271 1116 1336 Iud.
1132 1271 1164 1336 II
1180 1272 1260 1354 8sq.
1281 1271 1315 1336 in
1338 1274 1358 1337 l.
1373 1273 1422 1338 IX
1444 1275 1497 1340 vel

137 1373 237 1439 Sexto
255 1373 418 1458 Empirico
433 1375 466 1440 X
483 1376 547 1440 310
557 1395 603 1458 sq.
627 1375 671 1441 ad
691 1377 712 1442 l.
725 1376 757 1440 X
780 1374 986 1441 summarium
1002 1393 1079 1438 usus
1098 1373 1139 1438 sit
1161 1371 1212 1460 [ci.
1228 1374 1264 1440 P.
1281 1373 1396 1440 Oruice
1416 1376 1497 1459 prol.

136 1476 180 1542 ad
202 1475 390 1560 Philosoph.
415 1479 466 1545 ed.
489 1479 562 1544 Par.
588 1479 672 1544 1860
693 1500 724 1563 p.
742 1475 848 1564 xx111]‚
879 1477 907 1542 is
935 1475 1073 1561 primum
1094 1474 1211 1540 librum
1232 1475 1344 1542 labore
1366 1476 1497 1542 minimo

136 1577 269 1644 aliunde
297 1586 478 1664 surreptum
505 1580 615 1646 statim
641 1580 810 1664 intellegit.
854 1578 1037 1646 accuratius
1057 1597 1164 1644 rerum
1187 1577 1437 1661 discrepantiam
1459 1577 1498 1642 ri-

137 1680 239 1744 manti
270 1680 333 1746 dno
364 1681 557 1766 compendia
585 1681 724 1748 conflata
750 1703 823 1749 esse
850 1687 951 1766 patet.
998 1701 1096 1746 unum
1126 1700 1311 1762 exgenere
1340 1683 1498 1765 διαδοχῶν,

136 1784 276 1848 alterum
293 1782 490 1866 dogmatum.
524 1784 645 1868 duplex
665 1783 754 1866 origo
774 1782 914 1867 quodam
929 1789 1025 1866 pacto
1040 1781 1238 1864 significatur
1252 1783 1312 1848 c.⁴5
1326 1783 1498 1869 φιλοσοφίαν

136 1886 212 1949 κατὰ
235 1887 406 1972 διαδοχὴν
428 1887 602 1972 ἀναδραμεῖν
624 1893 664 1952 et·
679 1905 706 1953 c.
724 1887 762 1951 17
786 1887 823 1951 τὰ
843 1890 905 1956 τοῖς
926 1890 1057 1972 φυσικοῖς
1079 1884 1235 1955 δόξαντα.

225 1987 316 2052 Prior
339 1987 467 2054 libellus
488 1989 588 2055 luisse
608 1989 738 2054 videtur
759 1987 853 2054 exilis
875 1987 1021 2052 Vitamm
1043 1987 1183 2070 epitome
1205 1987 1336 2054 Laertio
1351 1989 1498 2071 Diogene

136 2089 241 2154 multo
268 2095 301 2154 et
327 2088 456 2156 brevior
482 2097 515 2156 et
536 2089 672 2156 futtilior
701 2089 760 2155 sed
781 2089 870 2156 haud
891 2087 1030 2154 absimili
1052 2087 1165 2155 forma.
1211 2089 1262 2156 hic
1284 2090 1388 2175 primo
1410 2091 1499 2156 solus

136 2191 182 2256 ad
204 2210 321 2256 manus
342 2191 411 2277 fuit,
435 2193 521 2259 uude
545 2191 802 2278 coryphaeorum
824 2189 970 2256 Thaletis
986 2189 1194 2274 Pythagorae
1210 2191 1417 2277 Empedoclis
1438 2191 1499 2257 He·

136 2293 244 2358 racliti
271 2293 380 2377 capita
410 2293 581 2360 fluxerunt.
627 2293 818 2377 conspicuus
851 2298 901 2359 est
931 2291 1216 2376 apophthegmatis
1247 2293 1435 2378 vulgaribus
1468 2299 1500 2360 et

136 2393 406 2476 narratiunculis,
430 2395 598 2479 opiniones
621 2395 756 2460 strictim
778 2395 977 2478 noviciisque
1006 2395 1188 2478 augmentis
1212 2397 1430 2480 locupletatae
1453 2415 1500 2460 re·

137 2495 295 2562 feruntur.
340 2496 386 2563 sic
410 2499 427 2562 1
448 2507 464 2560 2
486 2499 520 2562 ἐκ
541 2500 595 2582 γὰρ
617 2497 707 2561 adacti
729 2499 766 2561 τὰ
791 2501 885 2562 πάντα
911 2498 1098 2562 συνίστασθαι
1129 2497 1310 2582 πηγνυμένου
1338 2499 1386 2562 καὶ
1414 2499 1499 2562 πάλιν

137 2599 317 2682 διανιεμένου
340 2599 498 2666 Thaleti
527 2599 635 2684 opinio
657 2600 881 2667 Anaximenes
902 2598 1052 2664 tribuitur
1074 2599 1164 2664 euius
1187 2599 1304 2666 erroris
1325 2599 1404 2666 socii
1426 2605 1501 2665 sunt

137 2699 326 2784 Simplicius
347 2702 442 2788 phys.
459 2705 517 2769 32·
533 2704 575 2768 46
597 2702 767 2786 Philopon.
791 2703 891 2788 Phys.
914 2721 932 2766 c
947 2705 982 2766 1r
997 2703 1048 2767 50.
1083 2701 1198 2768 Galen.
1213 2703 1229 2767 Ι
1249 2703 1322 2768 444.
1337 2703 1411 2768 442.
1425 2703 1499 2768 484.

135 2802 260 2868 Arnoh.
282 2803 358 2870 adv.
380 2806 520 2888 gentil
543 2807 585 2870 10
613 2802 730 2892 [Zeller
751 2805 787 2870 I‘
815 2803 896 2870 175⁸
925 2801 1054 2891 180⁴⁰].
1099 2803 1213 2869 eadem
1241 2803 1345 2868 iorma
1373 2809 1500 2870 constat

135 2903 380 2989 Pythagorei
410 2906 525 2991 capitis
554 2907 642 2992 prior
670 2906 828 2991 particula
854 2907 874 2972 2
900 2914 976 2970 1-5.
1019 2925 1095 2971 nam
1125 2905 1261 2991 scriptor
1290 2903 1499 2990 Pythagorae

136 3005 314 3072 studiosior
340 3007 437 3074 etiam
465 3008 563 3074 alium
589 3007 706 3088 librum
733 3007 911 3074 adscivisse
933 3007 1075 3093 videtur,
1105 3007 1191 3072 unde
1217 3008 1353 3074 eaedem
1375 3029 1428 3074 res
1450 3007 1500 3073 his

137 3115 370 3196 memorantur,
390 3111 479 3177 velut
493 3110 641 3176 monadis
656 3109 775 3177 mentio
792 3111 843 3194 §2
858 3109 994 3176 iteratur
1008 3112 1028 3195 ό
1040 3113 1070 3195 6,
1092 3109 1322 3193 discipulorum
1338 3110 1500 3178 silentium

136 3211 181 3294 ἕξ
196 3211 217 3276 3
233 3215 267 3276 ct
282 3213 333 3278 16.
350 3213 400 3297 18,
423 3211 570 3279 esoterici
585 3211 739 3278 exoterici
761 3212 802 3296 ἕξ
817 3213 839 3277 4
860 3217 893 3278 et
909 3213 959 3278 17.
994 3217 1134 3278 ceterum
1149 3211 1235 3278 idem
1254 3212 1336 3279 liber
1350 3212 1501 3295 religiose

136 3319 312 3396 excerptus
324 3321 373 3380 est
384 3314 482 3380 etiam
493 3312 599 3380 Reiut.
609 3315 654 3380 IV
666 3314 819 3398 plldsq.
843 3313 987 3396 Gotting.
999 3313 1245 3396 Empedoclis
1261 3321 1294 3380 et
1308 3313 1501 3380 Heracliti

137 3413 251 3498 capita
272 3415 335 3480 nisi
357 3437 490 3501 prorsus
511 3415 622 3500 inepte
639 3415 680 3483 cb
695 3414 873 3499 Hippolyto
896 3420 1051 3498 excerpta
1073 3422 1147 3479 sunt
1160 3414 1415 3482 indoctissimum
1431 3435 1502 3499 pro·

137 3515 221 3581 dunt
243 3516 441 3601 scriptorem.
487 3517 690 3603 promiscuae
713 3516 799 3582 enim
822 3515 988 3598 utriusque
1015 3515 1184 3599 opiniones
1206 3516 1396 3583 referuntur.
1440 3517 1503 3582 He-

137 3617 246 3686 racliti
278 3621 441 3706 ἐκπύρωσις
473 3619 661 3704 Empedocli
695 3617 878 3684 vindicatur
904 3619 958 3682 31
987 3624 1019 3683 et
1045 3617 1079 3681 in
1101 3618 1204 3684 vicem
1237 3618 1421 3684 Heraclitus
1446 3621 1502 3686 42

138 3721 286 3806 σύμφωνα
299 3729 349 3808 ’τῷ
369 3719 560 3806 Ἐμπεδοκλεῖ
580 3719 740 3807 ἐφθέγξατο
763 3723 862 3784 στάσιν
884 3720 932 3784 καὶ
955 3719 1051 3804 φιλίαν
1073 3722 1169 3804 φήσας
1183 3724 1242 3783 τῶν
1258 3721 1392 3786 ἁπάντων
1407 3723 1502 3808 ἀρχὴν

138 3823 214 3888 εἶναι
241 3823 383 3907 itemque
404 3825 469 3909 §32
513 3843 631 3908 nempe
658 3821 829 3889 coniuncta
855 3821 965 3887 nescio
995 3842 1058 3904 quo
1087 3829 1183 3905 pacto
1208 3822 1270 3888 fuit
1290 3823 1446 3890 Heracliti
1471 3831 1504 3890 et

138 3923 349 4008 Empedoclis
371 3925 527 3993 memoria
550 3931 584 3990 ut
605 3924 727 4008 pariter
749 3945 791 3990 ex
806 3923 1014 4008 Pythagorae
1029 3922 1142 3989 schola
1157 3923 1384 4008 proiectorum.
1408 3932 1505 3993 testa·

139 4033 192 4092 tur
214 4025 288 4110 ipsc
308 4027 371 4094 hoc
390 4028 552 4094 vinculum
575 4030 595 4094 3
613 4037 630 4091 3
652 4029 702 4092 καὶ
723 4029 778 4113 γὰρ
801 4031 816 4092 ό
839 4027 970 4091 τούτων
992 4027 1163 4096 διδάσκαλος
1180 4027 1354 4112 Πυθαγόρας
1369 4025 1426 4113 ἔφη
1442 4032 1504 4092 κτλ.

140 4148 281 4211 pronum
304 4135 376 4195 erat
397 4129 480 4195 mira
500 4129 558 4195 illa
579 4129 613 4194 in
635 4129 842 4212 Empedoclis
864 4127 971 4213 capite
993 4127 1095 4194 verba
1117 4129 1277 4212 comigere
1300 4132 1316 4194 ό
1338 4130 1441 4194 τούτου
1464 4133 1504 4196 ὢν

24 4297 52 4328 μ
139 4229 231 4312 quod
249 4230 372 4313 placuit
385 4231 544 4316 Roepero.
578 4231 636 4300 sed
652 4231 733 4298 illud
754 4229 890 4315 impedit
911 4229 998 4313 quod
1022 4231 1085 4295 ch
1107 4232 1160 4316 τὴν
1183 4232 1241 4296 ἀπὸ
1263 4215 1438 4318 Πυθαγόρου
1461 4233 1509 4316 ὲκ-Ι

141 4331 285 4416 θεμένους
299 4335 473 4420 φιλοσοφίαν
488 4333 719 4420 Empedoclem
740 4339 773 4399 et
787 4331 987 4400 Heraclitum
1002 4332 1281 4417 Pythagoreorum
1303 4333 1507 4402 successione

216 4608 226 4641 ¹
244 4605 288 4662 15
306 4607 369 4676 pure
386 4605 489 4666 τοθσους
507 4593 618 4677 ἐγίνοντο
636 4607 680 4660 καὶ
698 4606 775 4676 ίτεροι
793 4606 893 4676 φυσικοί
916 4602 952 4656 ὧν
975 4603 1022 4656 cha
1045 4605 1178 4674 ἀναγκαῖον
1200 4604 1349 4676 ἡγησάμεθα
1370 4607 1415 4666 τός
1437 4604 1507 4667 δόξας

141 4696 220 4748 εἰπεῖν
238 4692 315 4764 μηδὲν
332 4699 385 4746 τῶν
403 4696 588 4765 πραιιρημίνων
607 4689 814 4765 ἀπεμφαινοθσας.
842 4691 895 4745 ἀλλ’
915 4691 968 4744 ἐπεὶ
985 4689 1096 4746 καθόλου
1115 4692 1144 4746 ch
1163 4695 1240 4764 μικρὰ
1258 4695 1385 4764 γιγίνηται
1398 4693 1414 4764 ἡ
1428 4692 1507 4764 σχολὴ

141 4781 233 4836 πολλοί
249 4800 277 4834 τε
295 4781 319 4834 ol
336 4782 468 4850 perir-arra
485 4782 585 4852 φυσικοὶ
604 4779 629 4842 ἐξ
648 4779 732 4835 αὐτῶν
750 4780 891 4852 γεγένηνται
910 4778 980 4832 ἄλλοι
998 4778 1082 4838 ἄλλους
1100 4781 1155 4850 περὶ
1173 4779 1270 4852 φόσαιυς
1288 4785 1332 4834 τοῦ
1346 4780 1437 4838 παντὸς
1455 4779 1507 4850 διη-

141 4868 259 4939 γοδμινοι
271 4869 339 4935 [καί]
351 4869 426 4938 donat!
436 4869 495 4940 ἡμῖν
506 4869 589 4936 [chri]
607 4868 653 4938 rip
669 4865 718 4920 ἀπὸ
732 4863 878 4938 Πυθαγόρου
896 4863 1046 4935 ίκθιμίνους
1065 4866 1211 4940 φιλοσοφίαν
1229 4868 1295 4920 κατὰ
1313 4866 1431 4938 διαδοχὴν
1449 4867 1508 4920 ἀνα-

140 4957 245 5030 δραμεῖν
263 4957 304 5009 arr
321 4957 354 5009 τὰ
371 4955 476 5019 δόξαντα
493 4963 545 5015 τοῖς
563 4956 625 5025 μετὰ
645 4951 737 5024 Θαλῆν.
1105 4968 1106 4971 ’

201 5071 293 5116 Dlels,
313 5071 456 5120 Dcxcgraphl
474 5070 556 5119 graeci.
935 5061 936 5064 ’
1271 5039 1310 5102 ῙΟ
