3710 5730
311 379 333 440 4
597 382 609 429 Ι
650 380 699 430 DE
722 380 991 432 PLUTARCHEAE
1011 380 1195 432 armonias
1214 381 1385 432 MEMORIA

310 545 579 630 disceptationem
603 545 665 614 iste
685 547 865 615 Stoicorum
892 549 1097 635 syllogismus
1117 550 1307 632 inculcatur,
1330 548 1420 614 cuius
1442 548 1469 614 si
1488 547 1672 614 Zenoneam

311 647 466 731 originem
489 647 655 716 vindicare
677 650 843 735 voluisset,
865 657 964 718 antea
986 652 1076 717 loeus
1107 659 1177 718 erat
1207 651 1353 718 idoneus.
1381 672 1459 734 ergo
1490 648 1673 714 Philonis

313 749 413 816 rerba
435 749 468 816 in
492 752 679 818 memoriam
703 759 905 818 revocantur.
950 760 985 819 at
1007 753 1166 820 mirabere
1195 762 1307 822 extare
1334 753 1507 837 dicebat,
1531 751 1584 817 uhi
1616 751 1674 814 di·

309 852 443 918 cebam
465 851 586 918 dictum
609 861 774 937 expectas.
819 856 895 921 uolo
917 855 1033 921 iterum
1055 855 1242 922 Armenium
1273 855 1390 922 erroris
1412 873 1566 921 accusare
1587 853 1672 935 quod

310 961 456 1032 ΕΙΠΟΝ
480 964 512 1022 et
535 963 671 1032 εΙΠΕΝ
697 957 888 1024 confuderit.
924 957 1021 1022 immo
1044 957 1144 1024 multo
1169 957 1266 1024 latius
1289 965 1380 1042 patet
1402 955 1575 1039 corruptio.
1605 975 1671 1020 rom

308 1057 413 1122 dicam
438 1057 526 1123 hauri
548 1058 613 1124 scio
637 1078 681 1124 an
703 1058 825 1142 primus
847 1060 906 1126 sed
927 1059 1174 1143 apertissimam.
1219 1068 1367 1127 tenemus
1389 1061 1529 1144 priorem
1557 1057 1672 1122 librum

309 1159 350 1225 de
374 1159 578 1242 providentia
600 1181 664 1224 nou
688 1160 847 1243 integrum
870 1162 927 1228 sed
951 1161 993 1226 ab
1016 1161 1246 1246 interpretibus
1269 1169 1455 1247 excerptum
1478 1180 1517 1226 ac
1538 1158 1672 1242 pristina

307 1259 412 1326 forma
435 1262 605 1345 privatum.
651 1261 722 1345 quis
745 1263 831 1328 euim
854 1264 943 1329 illam
965 1263 1219 1347 disputationem
1241 1264 1347 1330 acrius
1373 1270 1406 1329 ct
1433 1261 1576 1347 punctim
1603 1281 1673 1345 por·-

309 1347 399 1444 soqui
423 1371 529 1446 potest
551 1365 628 1446 quin
651 1364 831 1431 disserendi
854 1364 968 1430 miram
987 1365 1238 1432 inconstantiam
1260 1367 1313 1432 rel
1329 1366 1435 1450 potius
1450 1365 1558 1430 hiatus
1573 1362 1673 1428 mani-

307 1466 408 1532 festos
425 1467 588 1532 offendat?
618 1475 731 1534 contra
753 1470 836 1533 alter
854 1467 936 1533 liber
950 1475 1029 1552 apta
1044 1467 1229 1551 disputandi
1245 1467 1487 1534 continuatione
1502 1487 1567 1531 nou
1583 1471 1671 1532 caret

307 1567 581 1652 interpretumque
602 1569 681 1636 fides
704 1569 834 1635 Eusebii
856 1570 1047 1653 fragmentis
1070 1569 1285 1636 confirmatur.
1330 1569 1389 1636 sed
1410 1569 1438 1635 is
1466 1568 1588 1650 dialogi
1610 1567 1672 1632 for·

308 1689 393 1735 mam
417 1671 548 1737 exhibet
563 1671 700 1737 Philone
723 1678 756 1737 et
777 1671 963 1738 Alexandro
986 1673 1090 1738 amice
1112 1672 1154 1738 de
1173 1672 1379 1756 providentia
1393 1669 1670 1737 contendentibus.

307 1772 421 1838 eadem
444 1782 514 1840 arte
536 1774 675 1858 priorem
694 1772 912 1857 ‘conscriptum
935 1772 1035 1840 luisse
1062 1781 1098 1839 ut
1119 1794 1178 1858 per
1200 1795 1236 1841 se
1258 1779 1510 1840 cousentaneum
1533 1778 1597 1855 est,
1626 1771 1671 1837 ita

304 1877 438 1942 alterins
454 1876 586 1942 exordio
603 1876 818 1941 confirmatur.
841 1878 891 1956 §1
908 1897 940 1960 p.
953 1877 995 1940 44
1012 1883 1051 1941 ut
1066 1876 1204 1942 audiat
1226 1895 1325 1960 quae
1347 1875 1394 1942 de
1416 1873 1670 1960 providentia

303 1978 469 2044 dicenda
499 1988 709 2062 anper-enat.
761 1978 821 2057 §2
847 1979 936 2061 pto
966 1999 1101 2062 parum
1130 1977 1244 2044 abest
1274 1979 1366 2062 quin
1397 1977 1520 2044 dicam
1549 1983 1670 2042 totam

304 2099 362 2146 me
397 2089 553 2148 noctem
589 2080 746 2163 vigilem
778 2081 1021 2162 transegisse
1053 2100 1150 2164 quae
1182 2100 1204 2146 a
1235 2082 1341 2145 nobis
1363 2081 1534 2145 ambobus
1565 2079 1670 2144 dicta

202 2245 213 2268 ,
303 2191 391 2249 sunt
414 2185 682 2251 ruminantem.
718 2183 816 2268 paulo
832 2181 931 2247 infra:
963 2183 1276 2268 quandoquidem
1297 2185 1336 2250 in
1357 2183 1408 2248 iis
1431 2181 1544 2248 etiam
1567 2201 1670 2264 quac

302 2288 381 2349 beri
404 2291 722 2368 consecraremus
744 2284 1029 2350 immaneudum
1053 2293 1112 2352 ost
1140 2295 1180 2352 ut
1208 2287 1246 2352 in
1276 2285 1479 2353 concessis
1501 2305 1522 2348 a
1544 2285 1668 2350 nobis.

304 2395 452 2472 potestne
487 2389 610 2472 aliquid
645 2388 789 2472 apertius
817 2395 850 2454 et
877 2387 1043 2472 conceptis
1070 2388 1175 2472 magis
1202 2389 1311 2455 uerbis
1345 2387 1530 2455 enuntiari?
1568 2387 1669 2452 nihilo

302 2491 401 2556 setius
428 2491 576 2558 Auchero
608 2491 721 2573 inepta
753 2489 859 2574 potim
887 2488 1030 2572 proferre
1053 2490 1191 2574 placuit,
1220 2509 1317 2573 quam
1339 2488 1455 2574 prioris
1482 2487 1553 2554 libri
1580 2495 1666 2554 trun·

302 2599 408 2657 catam
430 2593 653 2660 condicionem
683 2591 892 2674 adgnoscere.
938 2599 1075 2675 apparet
1098 2592 1183 2658 enim
1206 2591 1432 2657 disserentium
1458 2611 1668 2674 personarum

301 2694 433 2758 nomina
459 2701 491 2760 et
517 2715 601 2777 quae
623 2696 666 2762 ad
693 2692 814 2776 dialogi
848 2692 988 2778 speciem
1014 2693 1220 2778 pertinebant
1242 2701 1387 2778 exsecta,
1414 2699 1669 2775 argumentans

302 2815 342 2860 ue
365 2815 405 2861 ca
427 2797 556 2878 quidem
579 2799 677 2880 plena
699 2803 853 2878 excerpta
875 2814 957 2862 esso.
1000 2795 1062 2862 hac
1083 2815 1162 2864 vero
1190 2797 1262 2862 luce
1284 2815 1356 2862 cum
1377 2795 1443 2861 alia
1465 2795 1668 2860 illustrantur

301 2905 368 2962 tum
403 2899 479 2964 illac
513 2897 782 2981 interrogationes
808 2897 878 2978 §2
902 2898 932 2962 3.
955 2899 977 2962 4
1002 2904 1167 2981 servatae,
1201 2917 1282 2982 quas
1308 2897 1468 2980 interpres
1494 2896 1667 2962 artificiosa

301 3000 441 3083 quadam
470 3001 685 3084 explicatione
712 2998 765 3085 (cf.
790 2997 881 3084 qli)
907 3008 1049 3066 excusat.
1098 3019 1175 3082 orgo
1202 2999 1282 3064 illud
1307 2998 1462 3064 dicebat
1488 3007 1665 3066 correctum

300 3101 428 3166 ridetur
442 3101 484 3168 ab
501 3121 539 3168 eo
556 3101 609 3185 qui
627 3101 747 3182 dialogi
762 3101 901 3184 vestigia
916 3109 1078 3185 utcunque
1097 3101 1282 3168 deleresibi
1298 3108 1522 3185 proposuerat.
1555 3101 1666 3185 itaque

289 3203 341 3267 ab
371 3203 486 3269 codem
518 3203 714 3270 Plutarchea
743 3202 940 3286 interpolata
973 3225 1045 3272 esse
1078 3204 1213 3286 dixeris,
1247 3202 1304 3270 scd
1337 3209 1481 3286 praestat
1513 3222 1664 3285 graecum

300 3307 467 3388 exemplar
489 3306 611 3372 scholio
634 3305 689 3371 illo
713 3313 842 3371 auctum
864 3304 964 3373 fuisse
986 3306 1181 3374 existimare.

385 3407 571 3473 Plutarchei
596 3407 695 3474 libelli
718 3407 878 3490 quasdam
901 3409 1039 3491 vestigia
1060 3415 1220 3494 apparent
1241 3409 1274 3474 in
1301 3407 1570 3491 Athenagorae
1591 3429 1664 3492 sup·

300 3509 473 3592 plicatione
496 3530 554 3592 pro
573 3509 765 3576 Christianis
780 3509 889 3574 Marco
904 3508 1036 3576 Aurelio
1059 3510 1223 3577 Antonino
1246 3519 1279 3578 et
1301 3511 1399 3576 Lucio
1422 3509 1553 3576 Aurelio
1571 3509 1663 3576 Com-

296 3613 392 3678 modo
414 3633 444 3678 a.
465 3613 524 3678 177
547 3621 733 3696 nuncupata
755 3610 806 3698 [cf.
832 3609 959 3677 Ottonis
982 3612 1083 3696 praef.
1105 3614 1193 3678 LXV
1207 3611 1299 3700 sqq.].
1332 3612 1478 3696 inprimis
1500 3620 1597 3696 caput
1620 3613 1661 3678 de

296 3715 367 3781 deis
383 3715 471 3781 etde
487 3714 700 3780 daemonibus
722 3714 936 3798 heroibusque
959 3715 1165 3799 compilatum
1182 3723 1239 3782 est.
1274 3736 1300 3782 c.
1316 3716 1357 3781 23
1374 3712 1451 3801 [21]:
1475 3721 1589 3800 πρῶτος
1605 3715 1660 3780 Θα-

296 3821 349 3902 λῆς
373 3821 477 3903 διαιρεῖ
497 3822 538 3887 nhc
561 3819 586 3880 οἱ
609 3818 645 3882 τὰ
668 3818 778 3882 ἐκείνου
800 3819 983 3902 ἀκριβοῦντες
1006 3819 1231 3902 μνημονεύουσιν
1247 3819 1287 3888 εἰς
1310 3819 1379 3882 θεὸν
1401 3819 1441 3886 εἰς
1461 3818 1597 3900 δαίμονας
1620 3819 1660 3888 εἰς

295 3921 395 4004 ἥρωας
407 3941 415 3956 ·
428 3921 502 3984 clldcl
525 3920 593 3982 {lehn
617 3921 669 4002 μὲν
691 3922 740 3983 τὸν
760 3924 825 3984 νοῦν
840 3925 892 3983 τοῦ
907 3919 1018 4004 κόσμου
1034 3921 1113 4004 ἄγει,’
1129 3921 1266 4004 δαίμονας
1287 3920 1320 3982 δὲ
1334 3920 1435 3990 οὐσίας
1456 3926 1517 3984 νοεῖ
1534 3922 1660 4006 ψυχικὰς

296 4023 343 4084 καὶ
370 4025 470 4107 ἥρωας
497 4023 548 4091 τὰς
570 4022 788 4107 κεχωρισμένας
813 4023 909 4108 ψυχὰς
934 4028 993 4085 τῶν
1019 4024 1198 4107 ἀνθρώπων,
1225 4021 1354 4104 ἀγαθοὺς
1381 4023 1433 4106 μὲν
1460 4023 1511 4092 τὰς
1536 4023 1658 4106 ἀγαθάς,

295 4127 400 4194 κακοὺς
435 4127 467 4188 δὲ
500 4126 550 4196 τὰς
583 4125 706 4210 φαύλας.
755 4132 922 4190 contracta
951 4131 1026 4190 sunt
1056 4123 1222 4191 Plutarchi
1244 4124 1259 4188 I
1282 4124 1299 4186 7
1326 4134 1355 4185 ll
1383 4123 1483 4209 Θαλῆς
1510 4128 1575 4188 νοῦν
1606 4129 1657 4188 τοῦ

292 4229 403 4311 κόσμου
425 4230 474 4290 τὸν
497 4227 566 4290 θεόν
589 4235 622 4292 ot
644 4227 695 4292 18
716 4237 731 4290 2
755 4227 921 4311 Θαλῆς...
937 4227 1075 4310 δαίμονας
1098 4229 1237 4312 ὑπάρχειν
1255 4225 1354 4297 οὐσίας
1369 4228 1505 4312 ψυχικάς·
1538 4225 1609 4290 εἶναι
1625 4227 1657 4290 δὲ

291 4331 338 4393 κοιὶ
361 4331 460 4415 ἥρωας
482 4331 533 4400 τὰς
556 4331 773 4416 κεχωρισμένας
795 4329 892 4414 ψυχὰς
914 4333 972 4392 τῶν
996 4330 1150 4412 σωμάτιον.
1184 4329 1232 4392 καὶ
1255 4329 1384 4411 ἀγαθοὺς
1399 4331 1451 4411 μὲν
1466 4330 1518 4399 τὰς
1532 4329 1654 4412 ἀγαθάς,

291 4435 397 4503 κακοὺς
420 4435 452 4497 ut
474 4435 524 4503 τὰς
546 4434 668 4518 φαύλοις.
709 4432 870 4514 excerpsit
886 4429 1112 4514 Athenagoras
1134 4431 1213 4495 satis
1235 4430 1409 4514 diligenter
1430 4437 1655 4515 praeterquam

292 4581 383 4588 --.-·--
400 4582 503 4589 -Δ---η-
509 4583 513 4587 -
529 4584 534 4588 .

289 4637 331 4689 τὸν
348 4644 384 4706 τῷ
403 4637 469 4708 λόγῳ
488 4645 539 4691 τῶν
552 4637 585 4691 δι’
603 4637 743 4709 αἰσθήσεως
762 4636 903 4703 νοουμένων
921 4653 972 4688 om.
985 4637 1066 4700 suin,
1081 4639 1130 4689 del.
1145 4640 1176 4690 Ο.
1191 4638 1295 4701 Helue}
1324 4634 1353 4688 cir
1366 4637 1411 4706 γὰρ
1424 4637 1502 4701 [corr.
1517 4637 1549 4688 Ο.
1563 4637 1654 4697 Helue,

288 4723 317 4776 οὗ
336 4744 362 4777 τε
382 4729 468 4792 codd]
488 4727 594 4795 τὰμέρη
609 4723 716 4795 φθαρτοί,
737 4721 869 4794 (φθαρτόν)
885 4723 935 4774 ἐστι
954 4725 997 4775 καὶ
1016 4724 1043 4775 τὸ
1057 4721 1123 4776 ὅλον.
1141 4724 1172 4776 nd
1191 4723 1217 4776 et
1235 4723 1299 4794 μέρη
1318 4727 1363 4776 τοῦ
1381 4723 1476 4790 κόσμου
1495 4720 1602 4792 φθαρτά,
1621 4722 1654 4779 εἰς

288 4812 384 4881 ἄλληλα
402 4813 447 4882 γὰρ
467 4812 623 4882 μεταβάλλει·
641 4813 752 4882 φθαρτὸς
771 4811 818 4880 ἅμα
837 4811 850 4864 ό
869 4811 971 4878 κόσμος.
1008 4813 1107 4864 Zenoni
1127 4816 1190 4863 haec
1210 4813 1320 4864 tribuere
1340 4815 1437 4864 studuit
1455 4813 1574 4863 Philonis
1595 4813 1652 4860 loco

288 4919 340 4953 ncu
355 4919 414 4952 usus·
428 4905 541 4952 Zollcrus
557 4905 666 4952 llcrrnae
682 4904 731 4950 rol.
747 4903 784 4951 xl
804 4898 856 4952 4¹22
867 4917 923 4963 sqq.
939 4903 965 4949 in
979 4916 1005 4948 re
1018 4903 1125 4950 fortasse
1140 4902 1293 4962 norissimus,
1307 4907 1463 4965 argumentis
1478 4909 1562 4948 tamen
1578 4901 1652 4947 nixus

286 4991 476 5040 irrllrmioribus.
