<?xml version="1.0" encoding="UTF-8"?>
<!DOCTYPE html PUBLIC "-//W3C//DTD XHTML 1.0 Transitional//EN"
    "http://www.w3.org/TR/xhtml1/DTD/xhtml1-transitional.dtd">
<html xmlns="http://www.w3.org/1999/xhtml" xml:lang="en" lang="en">
 <head>
  <title>
</title>
<meta http-equiv="Content-Type" content="text/html;charset=utf-8" />
  <meta name='ocr-system' content='tesseract 3.04.00' />
  <meta name='ocr-capabilities' content='ocr_page ocr_carea ocr_par ocr_line ocrx_word'/>
</head>
<body>
  <div class='ocr_page' id='page_1' title='image "./doxographigraec01dielgoog/doxographigraec01dielgoog_0173.png"; bbox 0 0 3708 5732; ppageno 0'>
   <div class='ocr_carea' id='block_1_1' title="bbox 192 395 1407 482">
    <p class='ocr_par' dir='ltr' id='par_1_1' title="bbox 192 395 1407 482">
     <span class='ocr_line' id='line_1_1' title="bbox 192 395 1407 482; baseline -0.012 -18"><span class='ocrx_word' id='word_1_1' title='bbox 192 405 199 420; x_wconf 87' lang='lat'><strong>·</strong></span> <span class='ocrx_word' id='word_1_2' title='bbox 329 395 391 462; x_wconf 79' lang='grc'><strong>168</strong></span> <span class='ocrx_word' id='word_1_3' title='bbox 608 399 663 450; x_wconf 80' lang='lat' dir='ltr'><strong>un</strong></span> <span class='ocrx_word' id='word_1_4' title='bbox 699 401 748 452; x_wconf 85' lang='lat' dir='ltr'><strong>nn</strong></span> <span class='ocrx_word' id='word_1_5' title='bbox 767 399 977 482; x_wconf 79' lang='lat' dir='ltr'><strong>rnursscrrr</strong></span> <span class='ocrx_word' id='word_1_6' title='bbox 995 395 1242 452; x_wconf 78' lang='lat' dir='ltr'><strong>sraorrsrnou</strong></span> <span class='ocrx_word' id='word_1_7' title='bbox 1261 399 1407 450; x_wconf 81' lang='lat' dir='ltr'><strong>scucos</strong></span> 
     </span>
    </p>
   </div>
   <div class='ocr_carea' id='block_1_2' title="bbox 328 563 1691 651">
    <p class='ocr_par' dir='ltr' id='par_1_2' title="bbox 328 563 1691 651">
     <span class='ocr_line' id='line_1_2' title="bbox 328 563 1691 651; baseline -0.002 -16"><span class='ocrx_word' id='word_1_8' title='bbox 328 586 411 634; x_wconf 86' lang='lat' dir='ltr'><strong>esse.</strong></span> <span class='ocrx_word' id='word_1_9' title='bbox 455 567 557 632; x_wconf 88' lang='lat' dir='ltr'><strong>multa</strong></span> <span class='ocrx_word' id='word_1_10' title='bbox 586 573 662 632; x_wconf 89' lang='lat' dir='ltr'><strong>sunt</strong></span> <span class='ocrx_word' id='word_1_11' title='bbox 681 563 782 632; x_wconf 91' lang='lat' dir='ltr'><strong>nimis</strong></span> <span class='ocrx_word' id='word_1_12' title='bbox 806 563 1001 634; x_wconf 75' lang='lat' dir='ltr'><strong>festinanter</strong></span> <span class='ocrx_word' id='word_1_13' title='bbox 1025 573 1206 651; x_wconf 73' lang='lat' dir='ltr'><strong>conmenta,</strong></span> <span class='ocrx_word' id='word_1_14' title='bbox 1233 566 1380 634; x_wconf 87' lang='lat' dir='ltr'><strong>delectus</strong></span> <span class='ocrx_word' id='word_1_15' title='bbox 1409 567 1499 634; x_wconf 88' lang='lat' dir='ltr'><strong>nulla</strong></span> <span class='ocrx_word' id='word_1_16' title='bbox 1525 571 1615 633; x_wconf 86' lang='lat' dir='ltr'><strong>certa</strong></span> <span class='ocrx_word' id='word_1_17' title='bbox 1639 581 1691 632; x_wconf 86' lang='lat' dir='ltr'><strong>ra-</strong></span> 
     </span>
    </p>
   </div>
   <div class='ocr_carea' id='block_1_3' title="bbox 180 667 1689 752">
    <p class='ocr_par' dir='ltr' id='par_1_3' title="bbox 180 667 1689 752">
     <span class='ocr_line' id='line_1_3' title="bbox 180 667 1689 752; baseline 0.001 -18"><span class='ocrx_word' id='word_1_18' title='bbox 180 677 199 696; x_wconf 72' lang='lat'><em>*</em></span> <span class='ocrx_word' id='word_1_19' title='bbox 328 670 416 736; x_wconf 90' lang='lat' dir='ltr'><strong>tione</strong></span> <span class='ocrx_word' id='word_1_20' title='bbox 447 667 555 735; x_wconf 85' lang='lat' dir='ltr'><strong>-iaotns</strong></span> <span class='ocrx_word' id='word_1_21' title='bbox 581 705 623 718; x_wconf 90' lang='grc'><strong>-</strong></span> <span class='ocrx_word' id='word_1_22' title='bbox 652 689 758 752; x_wconf 90' lang='lat' dir='ltr'><strong>neque</strong></span> <span class='ocrx_word' id='word_1_23' title='bbox 791 669 876 735; x_wconf 91' lang='lat' dir='ltr'><strong>enim</strong></span> <span class='ocrx_word' id='word_1_24' title='bbox 907 671 976 736; x_wconf 90' lang='lat' dir='ltr'><strong>ulla</strong></span> <span class='ocrx_word' id='word_1_25' title='bbox 1006 689 1105 736; x_wconf 86' lang='lat' dir='ltr'><strong>causa</strong></span> <span class='ocrx_word' id='word_1_26' title='bbox 1139 675 1210 734; x_wconf 87' lang='lat' dir='ltr'><strong>erat</strong></span> <span class='ocrx_word' id='word_1_27' title='bbox 1235 669 1463 752; x_wconf 80' lang='lat' dir='ltr'><strong>Anaxagoram</strong></span> <span class='ocrx_word' id='word_1_28' title='bbox 1492 669 1689 736; x_wconf 85' lang='lat' dir='ltr'><strong>Archelaum</strong></span> 
     </span>
    </p>
   </div>
   <div class='ocr_carea' id='block_1_4' title="bbox 326 769 1694 3106">
    <p class='ocr_par' dir='ltr' id='par_1_4' title="bbox 326 769 1694 2694">
     <span class='ocr_line' id='line_1_4' title="bbox 327 769 1688 857; baseline -0.001 -19"><span class='ocrx_word' id='word_1_29' title='bbox 327 771 410 839; x_wconf 88' lang='lat' dir='ltr'><strong>ahos</strong></span> <span class='ocrx_word' id='word_1_30' title='bbox 426 772 594 840; x_wconf 87' lang='lat' dir='ltr'><strong>omittendi</strong></span> <span class='ocrx_word' id='word_1_31' title='bbox 608 809 661 856; x_wconf 90' lang='lat'><strong>-‚</strong></span> <span class='ocrx_word' id='word_1_32' title='bbox 676 771 735 840; x_wconf 89' lang='lat' dir='ltr'><strong>sed</strong></span> <span class='ocrx_word' id='word_1_33' title='bbox 751 792 847 838; x_wconf 90' lang='lat' dir='ltr'><strong>sucus</strong></span> <span class='ocrx_word' id='word_1_34' title='bbox 861 791 901 837; x_wconf 90' lang='lat' dir='ltr'><strong>ac</strong></span> <span class='ocrx_word' id='word_1_35' title='bbox 915 771 1047 855; x_wconf 81' lang='lat' dir='ltr'><strong>sanguis</strong></span> <span class='ocrx_word' id='word_1_36' title='bbox 1066 779 1116 840; x_wconf 89' lang='lat' dir='ltr'><strong>est</strong></span> <span class='ocrx_word' id='word_1_37' title='bbox 1127 771 1401 857; x_wconf 86' lang='lat' dir='ltr'><strong>Theophrasteus,</strong></span> <span class='ocrx_word' id='word_1_38' title='bbox 1416 769 1688 857; x_wconf 88' lang='lat' dir='ltr'><strong>quomadmodum</strong></span> 
     </span>
     <span class='ocr_line' id='line_1_5' title="bbox 328 871 1691 959; baseline -0.001 -19"><span class='ocrx_word' id='word_1_39' title='bbox 328 873 504 940; x_wconf 90' lang='lat' dir='ltr'><strong>memoriae</strong></span> <span class='ocrx_word' id='word_1_40' title='bbox 530 873 687 958; x_wconf 75' lang='lat' dir='ltr'>singulari</span> <span class='ocrx_word' id='word_1_41' title='bbox 713 873 859 941; x_wconf 85' lang='lat' dir='ltr'><strong>bonitate</strong></span> <span class='ocrx_word' id='word_1_42' title='bbox 884 881 917 942; x_wconf 93' lang='lat' dir='ltr'><strong>et</strong></span> <span class='ocrx_word' id='word_1_43' title='bbox 943 875 1159 958; x_wconf 87' lang='lat' dir='ltr'><strong>persentiscat</strong></span> <span class='ocrx_word' id='word_1_44' title='bbox 1184 871 1291 958; x_wconf 84' lang='lat' dir='ltr'><strong>quivis</strong></span> <span class='ocrx_word' id='word_1_45' title='bbox 1316 881 1349 940; x_wconf 92' lang='lat' dir='ltr'><strong>et</strong></span> <span class='ocrx_word' id='word_1_46' title='bbox 1375 881 1550 959; x_wconf 91' lang='lat' dir='ltr'><strong>conspectu</strong></span> <span class='ocrx_word' id='word_1_47' title='bbox 1575 881 1691 940; x_wconf 89' lang='lat' dir='ltr'><strong>nostro</strong></span> 
     </span>
     <span class='ocr_line' id='line_1_6' title="bbox 328 975 1693 1063; baseline -0.002 -20"><span class='ocrx_word' id='word_1_48' title='bbox 328 999 359 1063; x_wconf 89' lang='lat' dir='ltr'><strong>p.</strong></span> <span class='ocrx_word' id='word_1_49' title='bbox 372 977 433 1044; x_wconf 88' lang='grc'><strong>133</strong></span> <span class='ocrx_word' id='word_1_50' title='bbox 442 997 509 1060; x_wconf 86' lang='lat' dir='ltr'><strong>sqq.</strong></span> <span class='ocrx_word' id='word_1_51' title='bbox 526 976 606 1044; x_wconf 83' lang='lat' dir='ltr'><strong>satis</strong></span> <span class='ocrx_word' id='word_1_52' title='bbox 620 975 921 1043; x_wconf 86' lang='lat' dir='ltr'><strong>demonstravimus.</strong></span> <span class='ocrx_word' id='word_1_53' title='bbox 933 977 941 1008; x_wconf 88' lang='lat'>¹</span> <span class='ocrx_word' id='word_1_54' title='bbox 965 983 1001 1043; x_wconf 91' lang='lat' dir='ltr'><strong>ut</strong></span> <span class='ocrx_word' id='word_1_55' title='bbox 1015 977 1184 1062; x_wconf 82' lang='lat' dir='ltr'><strong>Hippolyti</strong></span> <span class='ocrx_word' id='word_1_56' title='bbox 1201 983 1355 1061; x_wconf 81' lang='lat' dir='ltr'><strong>excerpta</strong></span> <span class='ocrx_word' id='word_1_57' title='bbox 1369 975 1607 1060; x_wconf 79' lang='lat' dir='ltr'><strong>Theophrastei</strong></span> <span class='ocrx_word' id='word_1_58' title='bbox 1622 995 1693 1042; x_wconf 91' lang='lat' dir='ltr'><strong>cor-</strong></span> 
     </span>
     <span class='ocr_line' id='line_1_7' title="bbox 330 1077 1692 1166; baseline -0.003 -18"><span class='ocrx_word' id='word_1_59' title='bbox 330 1080 420 1166; x_wconf 89' lang='lat' dir='ltr'><strong>poris</strong></span> <span class='ocrx_word' id='word_1_60' title='bbox 434 1088 537 1147; x_wconf 89' lang='lat' dir='ltr'><strong>totum</strong></span> <span class='ocrx_word' id='word_1_61' title='bbox 559 1080 652 1164; x_wconf 85' lang='lat' dir='ltr'><strong>quasi</strong></span> <span class='ocrx_word' id='word_1_62' title='bbox 675 1079 786 1148; x_wconf 85' lang='lat' dir='ltr'><strong>orbern</strong></span> <span class='ocrx_word' id='word_1_63' title='bbox 807 1087 998 1166; x_wconf 88' lang='lat' dir='ltr'><strong>percurrunt</strong></span> <span class='ocrx_word' id='word_1_64' title='bbox 1019 1081 1234 1165; x_wconf 87' lang='lat' dir='ltr'><strong>excerpendo,</strong></span> <span class='ocrx_word' id='word_1_65' title='bbox 1256 1079 1303 1146; x_wconf 88' lang='lat' dir='ltr'><strong>ita</strong></span> <span class='ocrx_word' id='word_1_66' title='bbox 1318 1078 1511 1145; x_wconf 87' lang='lat' dir='ltr'><strong>Plutarchus</strong></span> <span class='ocrx_word' id='word_1_67' title='bbox 1532 1078 1566 1144; x_wconf 94' lang='lat' dir='ltr'><strong>in</strong></span> <span class='ocrx_word' id='word_1_68' title='bbox 1588 1077 1692 1145; x_wconf 86' lang='lat' dir='ltr'><strong>ternis</strong></span> 
     </span>
     <span class='ocr_line' id='line_1_8' title="bbox 328 1179 1691 1268; baseline -0.001 -20"><span class='ocrx_word' id='word_1_69' title='bbox 328 1183 516 1268; x_wconf 87' lang='lat' dir='ltr'><strong>plerumque</strong></span> <span class='ocrx_word' id='word_1_70' title='bbox 545 1181 705 1267; x_wconf 72' lang='lat' dir='ltr'><strong>capitibus</strong></span> <span class='ocrx_word' id='word_1_71' title='bbox 735 1182 777 1249; x_wconf 92' lang='lat' dir='ltr'><strong>de</strong></span> <span class='ocrx_word' id='word_1_72' title='bbox 803 1182 961 1267; x_wconf 87' lang='lat' dir='ltr'><strong>principio</strong></span> <span class='ocrx_word' id='word_1_73' title='bbox 988 1183 1107 1249; x_wconf 90' lang='lat' dir='ltr'><strong>mundo</strong></span> <span class='ocrx_word' id='word_1_74' title='bbox 1129 1183 1226 1250; x_wconf 88' lang='lat' dir='ltr'><strong>astris</strong></span> <span class='ocrx_word' id='word_1_75' title='bbox 1248 1203 1284 1248; x_wconf 88' lang='lat' dir='ltr'><strong>se</strong></span> <span class='ocrx_word' id='word_1_76' title='bbox 1305 1181 1444 1248; x_wconf 83' lang='lat' dir='ltr'><strong>cohibet</strong></span> <span class='ocrx_word' id='word_1_77' title='bbox 1488 1179 1576 1246; x_wconf 92' lang='lat' dir='ltr'><strong>unde</strong></span> <span class='ocrx_word' id='word_1_78' title='bbox 1596 1179 1632 1246; x_wconf 86' lang='lat' dir='ltr'><strong>fit</strong></span> <span class='ocrx_word' id='word_1_79' title='bbox 1653 1187 1691 1246; x_wconf 91' lang='lat' dir='ltr'><strong>ut</strong></span> 
     </span>
     <span class='ocr_line' id='line_1_9' title="bbox 330 1283 1693 1366; baseline -0.001 -14"><span class='ocrx_word' id='word_1_80' title='bbox 330 1286 489 1352; x_wconf 91' lang='lat' dir='ltr'><strong>nonnulla</strong></span> <span class='ocrx_word' id='word_1_81' title='bbox 502 1285 685 1352; x_wconf 85' lang='lat' dir='ltr'><strong>accuratius</strong></span> <span class='ocrx_word' id='word_1_82' title='bbox 699 1285 742 1352; x_wconf 88' lang='lat' dir='ltr'><strong>ab</strong></span> <span class='ocrx_word' id='word_1_83' title='bbox 764 1285 827 1351; x_wconf 90' lang='lat' dir='ltr'><strong>hoo</strong></span> <span class='ocrx_word' id='word_1_84' title='bbox 847 1291 1017 1352; x_wconf 75' lang='lat' dir='ltr'><strong>serventur</strong></span> <span class='ocrx_word' id='word_1_85' title='bbox 1037 1287 1126 1352; x_wconf 85' lang='lat' dir='ltr'><strong>velut</strong></span> <span class='ocrx_word' id='word_1_86' title='bbox 1140 1283 1374 1351; x_wconf 82' lang='lat' dir='ltr'><strong>Anaximandri</strong></span> <span class='ocrx_word' id='word_1_87' title='bbox 1396 1283 1604 1366; x_wconf 78' lang='lat' dir='ltr'><strong>cosmogonia</strong></span> <span class='ocrx_word' id='word_1_88' title='bbox 1625 1303 1693 1350; x_wconf 76' lang='lat' dir='ltr'><strong>me</strong></span> 
     </span>
     <span class='ocr_line' id='line_1_10' title="bbox 327 1385 1693 1473; baseline -0.001 -21"><span class='ocrx_word' id='word_1_89' title='bbox 327 1387 431 1454; x_wconf 89' lang='lat' dir='ltr'><strong>moria</strong></span> <span class='ocrx_word' id='word_1_90' title='bbox 452 1387 650 1470; x_wconf 78' lang='lat' dir='ltr'><strong>dignissima.</strong></span> <span class='ocrx_word' id='word_1_91' title='bbox 681 1388 739 1456; x_wconf 88' lang='lat' dir='ltr'><strong>scd</strong></span> <span class='ocrx_word' id='word_1_92' title='bbox 760 1387 846 1456; x_wconf 88' lang='lat' dir='ltr'><strong>inter</strong></span> <span class='ocrx_word' id='word_1_93' title='bbox 866 1387 1024 1454; x_wconf 89' lang='lat' dir='ltr'><strong>eiusmodi</strong></span> <span class='ocrx_word' id='word_1_94' title='bbox 1046 1388 1208 1471; x_wconf 81' lang='lat' dir='ltr'><strong>quantivis</strong></span> <span class='ocrx_word' id='word_1_95' title='bbox 1229 1387 1326 1473; x_wconf 90' lang='lat' dir='ltr'><strong>pretii</strong></span> <span class='ocrx_word' id='word_1_96' title='bbox 1347 1403 1492 1469; x_wconf 78' lang='lat' dir='ltr'><strong>gemmas</strong></span> <span class='ocrx_word' id='word_1_97' title='bbox 1514 1386 1613 1469; x_wconf 90' lang='lat' dir='ltr'><strong>plane</strong></span> <span class='ocrx_word' id='word_1_98' title='bbox 1633 1385 1693 1450; x_wconf 91' lang='lat' dir='ltr'><strong>mi·</strong></span> 
     </span>
     <span class='ocr_line' id='line_1_11' title="bbox 327 1487 1689 1576; baseline -0.001 -22"><span class='ocrx_word' id='word_1_99' title='bbox 327 1488 422 1556; x_wconf 90' lang='lat' dir='ltr'><strong>rabili</strong></span> <span class='ocrx_word' id='word_1_100' title='bbox 448 1489 583 1556; x_wconf 89' lang='lat' dir='ltr'><strong>consilio</strong></span> <span class='ocrx_word' id='word_1_101' title='bbox 610 1487 718 1556; x_wconf 82' lang='lat' dir='ltr'><strong>frivoli</strong></span> <span class='ocrx_word' id='word_1_102' title='bbox 747 1490 790 1556; x_wconf 90' lang='lat' dir='ltr'><strong>de</strong></span> <span class='ocrx_word' id='word_1_103' title='bbox 810 1489 950 1574; x_wconf 76' lang='lat' dir='ltr'><strong>Epicuro</strong></span> <span class='ocrx_word' id='word_1_104' title='bbox 977 1496 1011 1557; x_wconf 91' lang='lat' dir='ltr'><strong>et</strong></span> <span class='ocrx_word' id='word_1_105' title='bbox 1032 1491 1198 1576; x_wconf 71' lang='lat' dir='ltr'><strong>Aristippo</strong></span> <span class='ocrx_word' id='word_1_106' title='bbox 1226 1489 1348 1556; x_wconf 88' lang='lat' dir='ltr'><strong>flosculi</strong></span> <span class='ocrx_word' id='word_1_107' title='bbox 1371 1489 1567 1555; x_wconf 89' lang='lat' dir='ltr'><strong>inseruntur.</strong></span> <span class='ocrx_word' id='word_1_108' title='bbox 1611 1487 1689 1571; x_wconf 89' lang='lat' dir='ltr'><strong>qnid</strong></span> 
     </span>
     <span class='ocr_line' id='line_1_12' title="bbox 327 1590 1692 1678; baseline -0.002 -20"><span class='ocrx_word' id='word_1_109' title='bbox 327 1591 459 1658; x_wconf 88' lang='lat' dir='ltr'><strong>tandem</strong></span> <span class='ocrx_word' id='word_1_110' title='bbox 481 1591 546 1658; x_wconf 92' lang='lat' dir='ltr'><strong>illis</strong></span> <span class='ocrx_word' id='word_1_111' title='bbox 568 1613 641 1659; x_wconf 83' lang='lat' dir='ltr'><strong>cunr</strong></span> <span class='ocrx_word' id='word_1_112' title='bbox 662 1592 879 1678; x_wconf 76' lang='lat' dir='ltr'><strong>Theophrasti</strong></span> <span class='ocrx_word' id='word_1_113' title='bbox 902 1591 1139 1678; x_wconf 81' lang='lat' dir='ltr'><strong>Opinionihus‘l</strong></span> <span class='ocrx_word' id='word_1_114' title='bbox 1176 1593 1301 1659; x_wconf 78' lang='lat' dir='ltr'><strong>aliosne</strong></span> <span class='ocrx_word' id='word_1_115' title='bbox 1322 1590 1536 1676; x_wconf 92' lang='lat' dir='ltr'><strong>philosophos</strong></span> <span class='ocrx_word' id='word_1_116' title='bbox 1557 1597 1692 1675; x_wconf 88' lang='lat' dir='ltr'><strong>praeter</strong></span> 
     </span>
     <span class='ocr_line' id='line_1_13' title="bbox 326 1693 1689 1782; baseline -0.001 -22"><span class='ocrx_word' id='word_1_117' title='bbox 326 1695 481 1781; x_wconf 84' lang='lat' dir='ltr'><strong>physicos</strong></span> <span class='ocrx_word' id='word_1_118' title='bbox 501 1697 703 1781; x_wconf 86' lang='lat' dir='ltr'><strong>complexum</strong></span> <span class='ocrx_word' id='word_1_119' title='bbox 725 1701 785 1780; x_wconf 86' lang='lat' dir='ltr'><strong>est,</strong></span> <span class='ocrx_word' id='word_1_120' title='bbox 807 1695 895 1779; x_wconf 89' lang='lat' dir='ltr'><strong>quod</strong></span> <span class='ocrx_word' id='word_1_121' title='bbox 916 1695 960 1761; x_wconf 90' lang='lat' dir='ltr'><strong>ad</strong></span> <span class='ocrx_word' id='word_1_122' title='bbox 982 1713 1097 1762; x_wconf 84' lang='lat' dir='ltr'><strong>manus</strong></span> <span class='ocrx_word' id='word_1_123' title='bbox 1110 1695 1181 1782; x_wconf 84' lang='lat' dir='ltr'><strong>fnit,</strong></span> <span class='ocrx_word' id='word_1_124' title='bbox 1204 1693 1436 1762; x_wconf 72' lang='lat' dir='ltr'><strong>enchiridium?</strong></span> <span class='ocrx_word' id='word_1_125' title='bbox 1457 1693 1517 1760; x_wconf 93' lang='lat' dir='ltr'><strong>sed</strong></span> <span class='ocrx_word' id='word_1_126' title='bbox 1533 1693 1689 1760; x_wconf 86' lang='lat' dir='ltr'><strong>abhorret</strong></span> 
     </span>
     <span class='ocr_line' id='line_1_14' title="bbox 327 1796 1692 1884; baseline -0.001 -22"><span class='ocrx_word' id='word_1_127' title='bbox 327 1803 397 1862; x_wconf 84' lang='lat' dir='ltr'><strong>tota</strong></span> <span class='ocrx_word' id='word_1_128' title='bbox 411 1796 504 1862; x_wconf 81' lang='lat' dir='ltr'><strong>ratio.</strong></span> <span class='ocrx_word' id='word_1_129' title='bbox 538 1798 696 1882; x_wconf 80' lang='lat' dir='ltr'><strong>Epicurus</strong></span> <span class='ocrx_word' id='word_1_130' title='bbox 710 1797 826 1865; x_wconf 86' lang='lat' dir='ltr'><strong>dicitur</strong></span> <span class='ocrx_word' id='word_1_131' title='bbox 847 1799 897 1862; x_wconf 88' lang='grc' dir='ltr'><strong>τδν</strong></span> <span class='ocrx_word' id='word_1_132' title='bbox 920 1799 984 1883; x_wconf 75' lang='grc' dir='ltr'>περὶ</span> <span class='ocrx_word' id='word_1_133' title='bbox 1005 1799 1085 1863; x_wconf 77' lang='grc' dir='ltr'>θεῶν</span> <span class='ocrx_word' id='word_1_134' title='bbox 1106 1803 1196 1884; x_wconf 81' lang='grc' dir='ltr'>τῦφον</span> <span class='ocrx_word' id='word_1_135' title='bbox 1218 1798 1374 1884; x_wconf 82' lang='grc' dir='ltr'>πειρᾶσθαι</span> <span class='ocrx_word' id='word_1_136' title='bbox 1390 1797 1603 1862; x_wconf 75' lang='grc' dir='ltr'><strong>καταστέλλειν.</strong></span> <span class='ocrx_word' id='word_1_137' title='bbox 1633 1817 1692 1861; x_wconf 91' lang='lat' dir='ltr'><strong>cur</strong></span> 
     </span>
     <span class='ocr_line' id='line_1_15' title="bbox 326 1897 1693 1985; baseline -0.001 -21"><span class='ocrx_word' id='word_1_138' title='bbox 326 1899 424 1983; x_wconf 74' lang='lat' dir='ltr'><strong>igitur</strong></span> <span class='ocrx_word' id='word_1_139' title='bbox 444 1899 657 1984; x_wconf 84' lang='lat' dir='ltr'><strong>Xenophanir</strong></span> <span class='ocrx_word' id='word_1_140' title='bbox 679 1900 857 1966; x_wconf 86' lang='lat' dir='ltr'><strong>aliorumve</strong></span> <span class='ocrx_word' id='word_1_141' title='bbox 879 1899 921 1966; x_wconf 92' lang='lat' dir='ltr'><strong>de</strong></span> <span class='ocrx_word' id='word_1_142' title='bbox 942 1900 1013 1966; x_wconf 81' lang='lat' dir='ltr'><strong>dats</strong></span> <span class='ocrx_word' id='word_1_143' title='bbox 1036 1897 1206 1985; x_wconf 88' lang='lat' dir='ltr'><strong>opiniones</strong></span> <span class='ocrx_word' id='word_1_144' title='bbox 1233 1900 1404 1966; x_wconf 84' lang='lat' dir='ltr'><strong>tacentur?</strong></span> <span class='ocrx_word' id='word_1_145' title='bbox 1437 1899 1595 1983; x_wconf 84' lang='lat' dir='ltr'><strong>Epicurus</strong></span> <span class='ocrx_word' id='word_1_146' title='bbox 1617 1915 1693 1982; x_wconf 92' lang='lat' dir='ltr'><strong>pro-</strong></span> 
     </span>
     <span class='ocr_line' id='line_1_16' title="bbox 327 2001 1691 2088; baseline -0.004 -20"><span class='ocrx_word' id='word_1_147' title='bbox 327 2001 435 2086; x_wconf 79' lang='lat' dir='ltr'><strong>posuit</strong></span> <span class='ocrx_word' id='word_1_148' title='bbox 457 2002 500 2067; x_wconf 83' lang='grc' dir='ltr'><strong>ὅτι</strong></span> <span class='ocrx_word' id='word_1_149' title='bbox 522 2002 605 2074; x_wconf 76' lang='grc' dir='ltr'>τέλος</span> <span class='ocrx_word' id='word_1_150' title='bbox 626 2007 686 2067; x_wconf 85' lang='grc' dir='ltr'><strong>τῶν</strong></span> <span class='ocrx_word' id='word_1_151' title='bbox 707 2003 828 2086; x_wconf 76' lang='grc' dir='ltr'>ἀγαθῶν</span> <span class='ocrx_word' id='word_1_152' title='bbox 855 2003 875 2087; x_wconf 81' lang='grc' dir='ltr'><strong>ἡ</strong></span> <span class='ocrx_word' id='word_1_153' title='bbox 903 2004 1011 2088; x_wconf 78' lang='grc' dir='ltr'>ἡδονή,</span> <span class='ocrx_word' id='word_1_154' title='bbox 1040 2001 1224 2088; x_wconf 72' lang='lat' dir='ltr'><strong>Aristippus</strong></span> <span class='ocrx_word' id='word_1_155' title='bbox 1245 2003 1327 2073; x_wconf 82' lang='grc' dir='ltr'>τέλος</span> <span class='ocrx_word' id='word_1_156' title='bbox 1348 2002 1471 2084; x_wconf 73' lang='grc' dir='ltr'>ἀγαθῶν</span> <span class='ocrx_word' id='word_1_157' title='bbox 1492 2002 1545 2086; x_wconf 80' lang='grc' dir='ltr'><strong>τὴν</strong></span> <span class='ocrx_word' id='word_1_158' title='bbox 1568 2003 1691 2085; x_wconf 75' lang='grc' dir='ltr'>ἡδονήν,</span> 
     </span>
     <span class='ocr_line' id='line_1_17' title="bbox 327 2102 1692 2190; baseline -0.001 -22"><span class='ocrx_word' id='word_1_159' title='bbox 327 2109 426 2168; x_wconf 83' lang='grc' dir='ltr'>κακῶν</span> <span class='ocrx_word' id='word_1_160' title='bbox 449 2105 482 2168; x_wconf 81' lang='grc' dir='ltr'><strong>δδ</strong></span> <span class='ocrx_word' id='word_1_161' title='bbox 503 2105 556 2189; x_wconf 69' lang='grc' dir='ltr'><strong>τὴν</strong></span> <span class='ocrx_word' id='word_1_162' title='bbox 579 2105 735 2190; x_wconf 79' lang='grc' dir='ltr'>ἀλγηδόνα.</span> <span class='ocrx_word' id='word_1_163' title='bbox 771 2123 829 2171; x_wconf 87' lang='lat' dir='ltr'><strong>our</strong></span> <span class='ocrx_word' id='word_1_164' title='bbox 850 2123 928 2172; x_wconf 86' lang='lat' dir='ltr'><strong>vero</strong></span> <span class='ocrx_word' id='word_1_165' title='bbox 951 2104 1129 2172; x_wconf 81' lang='lat' dir='ltr'><strong>Democriti</strong></span> <span class='ocrx_word' id='word_1_166' title='bbox 1150 2104 1287 2170; x_wconf 89' lang='lat' dir='ltr'><strong>moralia</strong></span> <span class='ocrx_word' id='word_1_167' title='bbox 1309 2102 1453 2186; x_wconf 76' lang='lat' dir='ltr'><strong>neglexit</strong></span> <span class='ocrx_word' id='word_1_168' title='bbox 1475 2102 1617 2184; x_wconf 87' lang='lat' dir='ltr'><strong>itemquo</strong></span> <span class='ocrx_word' id='word_1_169' title='bbox 1639 2119 1692 2166; x_wconf 88' lang='lat' dir='ltr'><strong>ce·</strong></span> 
     </span>
     <span class='ocr_line' id='line_1_18' title="bbox 326 2201 1694 2293; baseline -0.002 -22"><span class='ocrx_word' id='word_1_170' title='bbox 326 2205 490 2271; x_wconf 79' lang='lat' dir='ltr'><strong>tenorum?</strong></span> <span class='ocrx_word' id='word_1_171' title='bbox 522 2225 565 2272; x_wconf 91' lang='lat' dir='ltr'><strong>ne</strong></span> <span class='ocrx_word' id='word_1_172' title='bbox 591 2207 709 2292; x_wconf 85' lang='lat' dir='ltr'><strong>multa,</strong></span> <span class='ocrx_word' id='word_1_173' title='bbox 736 2206 868 2293; x_wconf 81' lang='lat' dir='ltr'><strong>Epicuri</strong></span> <span class='ocrx_word' id='word_1_174' title='bbox 894 2207 1052 2274; x_wconf 91' lang='lat' dir='ltr'><strong>memoria</strong></span> <span class='ocrx_word' id='word_1_175' title='bbox 1076 2225 1119 2274; x_wconf 85' lang='lat' dir='ltr'><strong>ex</strong></span> <span class='ocrx_word' id='word_1_176' title='bbox 1144 2207 1270 2290; x_wconf 80' lang='lat' dir='ltr'><strong>vulgari</strong></span> <span class='ocrx_word' id='word_1_177' title='bbox 1298 2205 1439 2288; x_wconf 88' lang='lat' dir='ltr'><strong>quodam</strong></span> <span class='ocrx_word' id='word_1_178' title='bbox 1468 2201 1694 2287; x_wconf 81' lang='lat' dir='ltr'><strong>compendic²</strong></span> 
     </span>
     <span class='ocr_line' id='line_1_19' title="bbox 327 2304 1693 2394; baseline -0.001 -22"><span class='ocrx_word' id='word_1_179' title='bbox 327 2307 417 2372; x_wconf 88' lang='lat' dir='ltr'><strong>nulla</strong></span> <span class='ocrx_word' id='word_1_180' title='bbox 438 2307 505 2372; x_wconf 85' lang='lat' dir='ltr'><strong>alia</strong></span> <span class='ocrx_word' id='word_1_181' title='bbox 527 2325 626 2374; x_wconf 89' lang='lat' dir='ltr'><strong>eausa</strong></span> <span class='ocrx_word' id='word_1_182' title='bbox 648 2310 800 2394; x_wconf 88' lang='lat' dir='ltr'><strong>suppleta</strong></span> <span class='ocrx_word' id='word_1_183' title='bbox 814 2309 944 2376; x_wconf 84' lang='lat' dir='ltr'><strong>videtur</strong></span> <span class='ocrx_word' id='word_1_184' title='bbox 957 2327 1055 2391; x_wconf 89' lang='lat' dir='ltr'><strong>quam</strong></span> <span class='ocrx_word' id='word_1_185' title='bbox 1069 2309 1146 2392; x_wconf 88' lang='lat' dir='ltr'><strong>qnia</strong></span> <span class='ocrx_word' id='word_1_186' title='bbox 1160 2306 1346 2376; x_wconf 89' lang='lat' dir='ltr'><strong>Democrito</strong></span> <span class='ocrx_word' id='word_1_187' title='bbox 1362 2304 1601 2372; x_wconf 83' lang='lat' dir='ltr'><strong>Democriteum</strong></span> <span class='ocrx_word' id='word_1_188' title='bbox 1616 2305 1693 2389; x_wconf 82' lang='lat' dir='ltr'><strong>Epi-</strong></span> 
     </span>
     <span class='ocr_line' id='line_1_20' title="bbox 327 2405 1692 2493; baseline -0.002 -19"><span class='ocrx_word' id='word_1_189' title='bbox 327 2428 438 2475; x_wconf 87' lang='lat' dir='ltr'><strong>curum</strong></span> <span class='ocrx_word' id='word_1_190' title='bbox 467 2409 645 2493; x_wconf 79' lang='lat' dir='ltr'><strong>adinngcre</strong></span> <span class='ocrx_word' id='word_1_191' title='bbox 671 2417 924 2479; x_wconf 85' lang='lat' dir='ltr'><strong>consentaneum</strong></span> <span class='ocrx_word' id='word_1_192' title='bbox 950 2419 1030 2478; x_wconf 87' lang='lat' dir='ltr'><strong>crat.</strong></span> <span class='ocrx_word' id='word_1_193' title='bbox 1074 2418 1141 2478; x_wconf 91' lang='lat' dir='ltr'><strong>turn</strong></span> <span class='ocrx_word' id='word_1_194' title='bbox 1170 2431 1249 2478; x_wconf 87' lang='lat' dir='ltr'><strong>rere</strong></span> <span class='ocrx_word' id='word_1_195' title='bbox 1278 2408 1366 2476; x_wconf 90' lang='lat' dir='ltr'><strong>edito</strong></span> <span class='ocrx_word' id='word_1_196' title='bbox 1393 2411 1502 2493; x_wconf 80' lang='grc' dir='ltr'>ἡδονῆς</span> <span class='ocrx_word' id='word_1_197' title='bbox 1529 2405 1692 2474; x_wconf 85' lang='lat' dir='ltr'><strong>vocabulo</strong></span> 
     </span>
     <span class='ocr_line' id='line_1_21' title="bbox 327 2509 1693 2598; baseline -0.001 -23"><span class='ocrx_word' id='word_1_198' title='bbox 327 2509 511 2596; x_wconf 85' lang='lat' dir='ltr'><strong>Aristippus</strong></span> <span class='ocrx_word' id='word_1_199' title='bbox 538 2513 631 2595; x_wconf 87' lang='lat' dir='ltr'><strong>quasi</strong></span> <span class='ocrx_word' id='word_1_200' title='bbox 659 2515 703 2580; x_wconf 91' lang='lat' dir='ltr'><strong>ad</strong></span> <span class='ocrx_word' id='word_1_201' title='bbox 730 2511 943 2598; x_wconf 87' lang='lat' dir='ltr'><strong>compositum</strong></span> <span class='ocrx_word' id='word_1_202' title='bbox 970 2513 1104 2580; x_wconf 87' lang='lat' dir='ltr'><strong>verbum</strong></span> <span class='ocrx_word' id='word_1_203' title='bbox 1130 2513 1318 2579; x_wconf 85' lang='lat' dir='ltr'><strong>advocatur.</strong></span> <span class='ocrx_word' id='word_1_204' title='bbox 1368 2511 1487 2578; x_wconf 90' lang='lat' dir='ltr'><strong>deinde</strong></span> <span class='ocrx_word' id='word_1_205' title='bbox 1514 2510 1557 2574; x_wconf 92' lang='lat' dir='ltr'><strong>ad</strong></span> <span class='ocrx_word' id='word_1_206' title='bbox 1586 2509 1693 2575; x_wconf 81' lang='lat' dir='ltr'><strong>Theo-</strong></span> 
     </span>
     <span class='ocr_line' id='line_1_22' title="bbox 326 2609 683 2694; baseline 0.017 -19"><span class='ocrx_word' id='word_1_207' title='bbox 326 2609 482 2694; x_wconf 90' lang='lat' dir='ltr'><strong>phrastea</strong></span> <span class='ocrx_word' id='word_1_208' title='bbox 502 2615 683 2682; x_wconf 87' lang='lat' dir='ltr'><strong>revertitur.</strong></span> 
     </span>
    </p>

    <p class='ocr_par' dir='ltr' id='par_1_5' title="bbox 326 2713 1689 2884">
     <span class='ocr_line' id='line_1_23' title="bbox 411 2713 1689 2800; baseline -0.002 -21"><span class='ocrx_word' id='word_1_209' title='bbox 411 2713 464 2779; x_wconf 93' lang='lat' dir='ltr'><strong>Ad</strong></span> <span class='ocrx_word' id='word_1_210' title='bbox 485 2715 652 2782; x_wconf 87' lang='lat' dir='ltr'><strong>Plutarchi</strong></span> <span class='ocrx_word' id='word_1_211' title='bbox 674 2717 876 2785; x_wconf 73' lang='lat' dir='ltr'><strong>stromateas</strong></span> <span class='ocrx_word' id='word_1_212' title='bbox 897 2717 1176 2800; x_wconf 78' lang='lat' dir='ltr'><strong>recognoscendos</strong></span> <span class='ocrx_word' id='word_1_213' title='bbox 1193 2715 1429 2784; x_wconf 70' lang='lat' dir='ltr'><strong>Gabiordianis</strong></span> <span class='ocrx_word' id='word_1_214' title='bbox 1452 2713 1616 2782; x_wconf 90' lang='lat' dir='ltr'><strong>codicibus</strong></span> <span class='ocrx_word' id='word_1_215' title='bbox 1637 2715 1689 2778; x_wconf 88' lang='lat' dir='ltr'><strong>nsi</strong></span> 
     </span>
     <span class='ocr_line' id='line_1_24' title="bbox 326 2816 609 2884; baseline 0.014 -4"><span class='ocrx_word' id='word_1_216' title='bbox 326 2833 446 2881; x_wconf 86' lang='lat' dir='ltr'><strong>sumus.</strong></span> <span class='ocrx_word' id='word_1_217' title='bbox 478 2816 512 2882; x_wconf 92' lang='lat' dir='ltr'><strong>hi</strong></span> <span class='ocrx_word' id='word_1_218' title='bbox 534 2823 609 2884; x_wconf 89' lang='lat' dir='ltr'><strong>sunt</strong></span> 
     </span>
    </p>

    <p class='ocr_par' dir='ltr' id='par_1_6' title="bbox 326 2913 1691 3106">
     <span class='ocr_line' id='line_1_25' title="bbox 405 2913 1691 3004; baseline 0.003 -24"><span class='ocrx_word' id='word_1_219' title='bbox 405 2913 434 2980; x_wconf 89' lang='lat' dir='ltr'><strong>A</strong></span> <span class='ocrx_word' id='word_1_220' title='bbox 477 2919 644 2986; x_wconf 87' lang='lat' dir='ltr'><strong>Parisinus</strong></span> <span class='ocrx_word' id='word_1_221' title='bbox 681 2921 757 2988; x_wconf 92' lang='lat' dir='ltr'><strong>bibl.</strong></span> <span class='ocrx_word' id='word_1_222' title='bbox 780 2921 902 2988; x_wconf 84' lang='lat' dir='ltr'><strong>nation.</strong></span> <span class='ocrx_word' id='word_1_223' title='bbox 925 2923 986 2988; x_wconf 85' lang='grc'><strong>461</strong></span> <span class='ocrx_word' id='word_1_224' title='bbox 1022 2921 1113 3004; x_wconf 91' lang='lat' dir='ltr'><strong>[olim</strong></span> <span class='ocrx_word' id='word_1_225' title='bbox 1142 2921 1242 3004; x_wconf 82' lang='grc'><strong>1169,</strong></span> <span class='ocrx_word' id='word_1_226' title='bbox 1276 2926 1392 3004; x_wconf 87' lang='lat' dir='ltr'><strong>postea</strong></span> <span class='ocrx_word' id='word_1_227' title='bbox 1418 2920 1516 3002; x_wconf 77' lang='grc'><strong>3211]</strong></span> <span class='ocrx_word' id='word_1_228' title='bbox 1549 2917 1691 3002; x_wconf 89' lang='lat' dir='ltr'><strong>scriptus</strong></span> 
     </span>
     <span class='ocr_line' id='line_1_26' title="bbox 326 3017 1691 3106; baseline 0.004 -25"><span class='ocrx_word' id='word_1_229' title='bbox 326 3036 357 3082; x_wconf 87' lang='lat' dir='ltr'><strong>a.</strong></span> <span class='ocrx_word' id='word_1_230' title='bbox 372 3017 437 3083; x_wconf 87' lang='lat'><strong>914</strong></span> <span class='ocrx_word' id='word_1_231' title='bbox 459 3039 480 3084; x_wconf 87' lang='lat' dir='ltr'><strong>a</strong></span> <span class='ocrx_word' id='word_1_232' title='bbox 504 3021 705 3106; x_wconf 73' lang='lat' dir='ltr'><strong>calligrapho</strong></span> <span class='ocrx_word' id='word_1_233' title='bbox 726 3023 837 3089; x_wconf 89' lang='lat' dir='ltr'><strong>Baane</strong></span> <span class='ocrx_word' id='word_1_234' title='bbox 857 3024 891 3088; x_wconf 94' lang='lat' dir='ltr'><strong>in</strong></span> <span class='ocrx_word' id='word_1_235' title='bbox 913 3043 1005 3090; x_wconf 91' lang='lat' dir='ltr'><strong>usum</strong></span> <span class='ocrx_word' id='word_1_236' title='bbox 1028 3021 1172 3090; x_wconf 89' lang='lat' dir='ltr'><strong>Arethae</strong></span> <span class='ocrx_word' id='word_1_237' title='bbox 1196 3021 1419 3088; x_wconf 77' lang='lat' dir='ltr'><strong>Caesariensis</strong></span> <span class='ocrx_word' id='word_1_238' title='bbox 1441 3021 1691 3105; x_wconf 88' lang='lat' dir='ltr'><strong>archiepiscopi.</strong></span> 
     </span>
    </p>
   </div>
   <div class='ocr_carea' id='block_1_5' title="bbox 223 3121 790 3214">
    <p class='ocr_par' dir='ltr' id='par_1_7' title="bbox 223 3121 790 3214">
     <span class='ocr_line' id='line_1_27' title="bbox 223 3121 790 3214; baseline 0.018 -32"><span class='ocrx_word' id='word_1_239' title='bbox 223 3203 257 3214; x_wconf 58' lang='lat'><strong>,.</strong></span> <span class='ocrx_word' id='word_1_240' title='bbox 327 3121 470 3188; x_wconf 86' lang='lat' dir='ltr'><strong>continet</strong></span> <span class='ocrx_word' id='word_1_241' title='bbox 492 3124 520 3188; x_wconf 86' lang='lat' dir='ltr'>V</span> <span class='ocrx_word' id='word_1_242' title='bbox 542 3123 667 3207; x_wconf 90' lang='lat' dir='ltr'><strong>priores</strong></span> <span class='ocrx_word' id='word_1_243' title='bbox 690 3125 790 3192; x_wconf 89' lang='lat' dir='ltr'><strong>libros</strong></span> 
     </span>
    </p>
   </div>
   <div class='ocr_carea' id='block_1_6' title="bbox 402 3223 1697 4434">
    <p class='ocr_par' dir='ltr' id='par_1_8' title="bbox 404 3223 1473 3315">
     <span class='ocr_line' id='line_1_28' title="bbox 404 3223 1473 3315; baseline 0.001 -25"><span class='ocrx_word' id='word_1_244' title='bbox 404 3223 434 3289; x_wconf 88' lang='lat' dir='ltr'><strong>H</strong></span> <span class='ocrx_word' id='word_1_245' title='bbox 477 3227 621 3292; x_wconf 88' lang='lat' dir='ltr'><strong>Venetus</strong></span> <span class='ocrx_word' id='word_1_246' title='bbox 642 3226 720 3292; x_wconf 91' lang='lat' dir='ltr'><strong>bibl.</strong></span> <span class='ocrx_word' id='word_1_247' title='bbox 740 3227 839 3293; x_wconf 87' lang='lat' dir='ltr'><strong>hiarc.</strong></span> <span class='ocrx_word' id='word_1_248' title='bbox 855 3229 928 3315; x_wconf 84' lang='grc'><strong>343,</strong></span> <span class='ocrx_word' id='word_1_249' title='bbox 951 3227 1125 3294; x_wconf 86' lang='lat' dir='ltr'><strong>membran.</strong></span> <span class='ocrx_word' id='word_1_250' title='bbox 1149 3247 1174 3292; x_wconf 93' lang='lat' dir='ltr'><strong>s.</strong></span> <span class='ocrx_word' id='word_1_251' title='bbox 1192 3225 1250 3291; x_wconf 89' lang='lat' dir='ltr'><strong>XI.</strong></span> <span class='ocrx_word' id='word_1_252' title='bbox 1284 3233 1367 3292; x_wconf 89' lang='lat' dir='ltr'><strong>cont.</strong></span> <span class='ocrx_word' id='word_1_253' title='bbox 1385 3225 1473 3291; x_wconf 93' lang='lat' dir='ltr'><strong>1-v</strong></span> 
     </span>
    </p>

    <p class='ocr_par' dir='ltr' id='par_1_9' title="bbox 406 3325 1260 3398">
     <span class='ocr_line' id='line_1_29' title="bbox 406 3325 1260 3398; baseline 0.002 -7"><span class='ocrx_word' id='word_1_254' title='bbox 406 3325 431 3391; x_wconf 86' lang='lat' dir='ltr'>O</span> <span class='ocrx_word' id='word_1_255' title='bbox 475 3327 641 3394; x_wconf 85' lang='lat' dir='ltr'><strong>Parisinus</strong></span> <span class='ocrx_word' id='word_1_256' title='bbox 663 3327 739 3395; x_wconf 95' lang='lat' dir='ltr'><strong>bibl.</strong></span> <span class='ocrx_word' id='word_1_257' title='bbox 761 3330 963 3396; x_wconf 75' lang='lat' dir='ltr'><strong>nubentib</strong></span> <span class='ocrx_word' id='word_1_258' title='bbox 985 3330 1118 3398; x_wconf 87' lang='lat' dir='ltr'><strong>membr.</strong></span> <span class='ocrx_word' id='word_1_259' title='bbox 1141 3349 1166 3394; x_wconf 90' lang='lat' dir='ltr'><strong>s.</strong></span> <span class='ocrx_word' id='word_1_260' title='bbox 1183 3327 1260 3393; x_wconf 89' lang='lat' dir='ltr'><strong>XIV</strong></span> 
     </span>
    </p>

    <p class='ocr_par' dir='ltr' id='par_1_10' title="bbox 405 3428 1519 3513">
     <span class='ocr_line' id='line_1_30' title="bbox 405 3428 1519 3513; baseline 0.001 -19"><span class='ocrx_word' id='word_1_261' title='bbox 405 3428 435 3494; x_wconf 81' lang='grc'><strong>6</strong></span> <span class='ocrx_word' id='word_1_262' title='bbox 478 3429 718 3498; x_wconf 85' lang='lat' dir='ltr'><strong>Laurentianus</strong></span> <span class='ocrx_word' id='word_1_263' title='bbox 740 3432 785 3498; x_wconf 88' lang='lat' dir='ltr'><strong>Vl</strong></span> <span class='ocrx_word' id='word_1_264' title='bbox 806 3433 826 3497; x_wconf 87' lang='lat'>9</span> <span class='ocrx_word' id='word_1_265' title='bbox 849 3432 991 3498; x_wconf 88' lang='lat' dir='ltr'><strong>chartac.</strong></span> <span class='ocrx_word' id='word_1_266' title='bbox 1013 3431 1105 3497; x_wconf 81' lang='lat' dir='ltr'><strong>form.</strong></span> <span class='ocrx_word' id='word_1_267' title='bbox 1129 3431 1204 3495; x_wconf 92' lang='lat' dir='ltr'><strong>mai.</strong></span> <span class='ocrx_word' id='word_1_268' title='bbox 1227 3429 1366 3513; x_wconf 86' lang='lat' dir='ltr'><strong>scriptus</strong></span> <span class='ocrx_word' id='word_1_269' title='bbox 1388 3449 1417 3495; x_wconf 95' lang='lat' dir='ltr'><strong>a.</strong></span> <span class='ocrx_word' id='word_1_270' title='bbox 1435 3431 1519 3495; x_wconf 88' lang='grc'><strong>1344</strong></span> 
     </span>
    </p>

    <p class='ocr_par' dir='ltr' id='par_1_11' title="bbox 406 3529 1613 3617">
     <span class='ocr_line' id='line_1_31' title="bbox 406 3529 1613 3617; baseline 0.002 -23"><span class='ocrx_word' id='word_1_271' title='bbox 406 3529 433 3594; x_wconf 83' lang='lat' dir='ltr'><strong>P</strong></span> <span class='ocrx_word' id='word_1_272' title='bbox 477 3533 715 3600; x_wconf 87' lang='lat' dir='ltr'><strong>Laurentianus</strong></span> <span class='ocrx_word' id='word_1_273' title='bbox 729 3533 810 3600; x_wconf 80' lang='lat' dir='ltr'><strong>vlc</strong></span> <span class='ocrx_word' id='word_1_274' title='bbox 832 3553 917 3600; x_wconf 87' lang='lat' dir='ltr'><strong>saec.</strong></span> <span class='ocrx_word' id='word_1_275' title='bbox 933 3533 994 3600; x_wconf 88' lang='lat' dir='ltr'><strong>XV</strong></span> <span class='ocrx_word' id='word_1_276' title='bbox 1016 3533 1050 3598; x_wconf 91' lang='lat' dir='ltr'><strong>in</strong></span> <span class='ocrx_word' id='word_1_277' title='bbox 1074 3531 1292 3598; x_wconf 83' lang='lat' dir='ltr'><strong>Mediceorum</strong></span> <span class='ocrx_word' id='word_1_278' title='bbox 1314 3551 1409 3596; x_wconf 92' lang='lat' dir='ltr'><strong>usum</strong></span> <span class='ocrx_word' id='word_1_279' title='bbox 1432 3531 1613 3617; x_wconf 80' lang='lat' dir='ltr'><strong>descriptus</strong></span> 
     </span>
    </p>

    <p class='ocr_par' dir='ltr' id='par_1_12' title="bbox 402 3633 916 3702">
     <span class='ocr_line' id='line_1_32' title="bbox 402 3633 916 3702; baseline 0.012 -6"><span class='ocrx_word' id='word_1_280' title='bbox 402 3633 432 3696; x_wconf 94' lang='lat' dir='ltr'><strong>D</strong></span> <span class='ocrx_word' id='word_1_281' title='bbox 476 3633 644 3701; x_wconf 90' lang='lat' dir='ltr'><strong>Parisinus</strong></span> <span class='ocrx_word' id='word_1_282' title='bbox 665 3635 743 3702; x_wconf 93' lang='lat' dir='ltr'><strong>hibl.</strong></span> <span class='ocrx_word' id='word_1_283' title='bbox 764 3643 830 3702; x_wconf 76' lang='lat' dir='ltr'><strong>nat.</strong></span> <span class='ocrx_word' id='word_1_284' title='bbox 854 3638 916 3702; x_wconf 79' lang='grc'><strong>461</strong></span> 
     </span>
    </p>

    <p class='ocr_par' dir='ltr' id='par_1_13' title="bbox 405 3731 1695 4008">
     <span class='ocr_line' id='line_1_33' title="bbox 405 3731 1693 3820; baseline 0.003 -24"><span class='ocrx_word' id='word_1_285' title='bbox 405 3731 433 3796; x_wconf 92' lang='grc' dir='ltr'>Β</span> <span class='ocrx_word' id='word_1_286' title='bbox 477 3735 644 3803; x_wconf 85' lang='lat' dir='ltr'><strong>Parisinus</strong></span> <span class='ocrx_word' id='word_1_287' title='bbox 665 3738 696 3805; x_wconf 94' lang='lat' dir='ltr'><strong>b.</strong></span> <span class='ocrx_word' id='word_1_288' title='bbox 712 3757 744 3803; x_wconf 96' lang='lat' dir='ltr'><strong>n.</strong></span> <span class='ocrx_word' id='word_1_289' title='bbox 755 3738 820 3802; x_wconf 83' lang='grc'><strong>466</strong></span> <span class='ocrx_word' id='word_1_290' title='bbox 842 3757 868 3803; x_wconf 91' lang='lat' dir='ltr'><strong>s.</strong></span> <span class='ocrx_word' id='word_1_291' title='bbox 880 3737 962 3803; x_wconf 83' lang='lat' dir='ltr'>XIII</span> <span class='ocrx_word' id='word_1_292' title='bbox 980 3734 1201 3820; x_wconf 86' lang='lat' dir='ltr'><strong>bombycinus.</strong></span> <span class='ocrx_word' id='word_1_293' title='bbox 1235 3734 1377 3819; x_wconf 88' lang='lat' dir='ltr'><strong>epitome</strong></span> <span class='ocrx_word' id='word_1_294' title='bbox 1392 3734 1499 3818; x_wconf 91' lang='lat' dir='ltr'><strong>potius</strong></span> <span class='ocrx_word' id='word_1_295' title='bbox 1513 3735 1693 3802; x_wconf 83' lang='lat' dir='ltr'><strong>Eusebiani</strong></span> 
     </span>
     <span class='ocr_line' id='line_1_34' title="bbox 477 3836 1695 3923; baseline -0.001 -20"><span class='ocrx_word' id='word_1_296' title='bbox 477 3839 598 3906; x_wconf 90' lang='lat' dir='ltr'><strong>codicis</strong></span> <span class='ocrx_word' id='word_1_297' title='bbox 613 3839 820 3907; x_wconf 84' lang='lat' dir='ltr'><strong>nominanda</strong></span> <span class='ocrx_word' id='word_1_298' title='bbox 856 3839 876 3905; x_wconf 91' lang='lat' dir='ltr'><strong>l.</strong></span> <span class='ocrx_word' id='word_1_299' title='bbox 895 3839 960 3904; x_wconf 88' lang='lat' dir='ltr'><strong>XH</strong></span> <span class='ocrx_word' id='word_1_300' title='bbox 975 3843 1063 3904; x_wconf 91' lang='lat' dir='ltr'><strong>totus</strong></span> <span class='ocrx_word' id='word_1_301' title='bbox 1078 3836 1291 3923; x_wconf 84' lang='lat' dir='ltr'><strong>desideratur,</strong></span> <span class='ocrx_word' id='word_1_302' title='bbox 1315 3843 1454 3904; x_wconf 90' lang='lat' dir='ltr'><strong>centena</strong></span> <span class='ocrx_word' id='word_1_303' title='bbox 1475 3837 1637 3904; x_wconf 82' lang='lat' dir='ltr'><strong>voeabula</strong></span> <span class='ocrx_word' id='word_1_304' title='bbox 1659 3843 1695 3903; x_wconf 93' lang='lat' dir='ltr'><strong>et</strong></span> 
     </span>
     <span class='ocr_line' id='line_1_35' title="bbox 477 3941 930 4008; baseline -0.002 -1"><span class='ocrx_word' id='word_1_305' title='bbox 477 3961 590 4008; x_wconf 84' lang='lat' dir='ltr'><strong>versus</strong></span> <span class='ocrx_word' id='word_1_306' title='bbox 612 3941 646 4008; x_wconf 93' lang='lat' dir='ltr'><strong>in</strong></span> <span class='ocrx_word' id='word_1_307' title='bbox 669 3941 786 4007; x_wconf 79' lang='lat' dir='ltr'><strong>ceteds</strong></span> <span class='ocrx_word' id='word_1_308' title='bbox 808 3941 930 4007; x_wconf 87' lang='lat' dir='ltr'><strong>omissa</strong></span> 
     </span>
    </p>

    <p class='ocr_par' dir='ltr' id='par_1_14' title="bbox 423 4041 1697 4434">
     <span class='ocr_line' id='line_1_36' title="bbox 423 4041 1695 4111; baseline -0.002 -4"><span class='ocrx_word' id='word_1_309' title='bbox 423 4043 438 4107; x_wconf 97' lang='lat' dir='ltr'>I</span> <span class='ocrx_word' id='word_1_310' title='bbox 482 4043 625 4111; x_wconf 87' lang='lat' dir='ltr'><strong>Venetus</strong></span> <span class='ocrx_word' id='word_1_311' title='bbox 653 4043 729 4110; x_wconf 93' lang='lat' dir='ltr'><strong>hibl.</strong></span> <span class='ocrx_word' id='word_1_312' title='bbox 756 4043 854 4110; x_wconf 86' lang='lat' dir='ltr'><strong>Marc.</strong></span> <span class='ocrx_word' id='word_1_313' title='bbox 882 4045 943 4109; x_wconf 82' lang='lat'><strong>341</strong></span> <span class='ocrx_word' id='word_1_314' title='bbox 973 4041 1164 4109; x_wconf 88' lang='lat' dir='ltr'><strong>chartaceus</strong></span> <span class='ocrx_word' id='word_1_315' title='bbox 1194 4063 1219 4109; x_wconf 89' lang='lat' dir='ltr'><strong>s.</strong></span> <span class='ocrx_word' id='word_1_316' title='bbox 1235 4043 1297 4110; x_wconf 88' lang='lat' dir='ltr'><strong>XV</strong></span> <span class='ocrx_word' id='word_1_317' title='bbox 1323 4063 1344 4109; x_wconf 97' lang='lat' dir='ltr'><strong>a</strong></span> <span class='ocrx_word' id='word_1_318' title='bbox 1371 4043 1556 4110; x_wconf 73' lang='lat' dir='ltr'><strong>(laislordio</strong></span> <span class='ocrx_word' id='word_1_319' title='bbox 1589 4041 1632 4107; x_wconf 86' lang='lat' dir='ltr'><strong>ad</strong></span> <span class='ocrx_word' id='word_1_320' title='bbox 1659 4041 1695 4105; x_wconf 88' lang='lat' dir='ltr'>X</span> 
     </span>
     <span class='ocr_line' id='line_1_37' title="bbox 478 4143 1695 4228; baseline 0 -18"><span class='ocrx_word' id='word_1_321' title='bbox 478 4145 674 4228; x_wconf 86' lang='lat' dir='ltr'><strong>posteriores</strong></span> <span class='ocrx_word' id='word_1_322' title='bbox 707 4143 808 4212; x_wconf 92' lang='lat' dir='ltr'><strong>libros</strong></span> <span class='ocrx_word' id='word_1_323' title='bbox 838 4165 899 4213; x_wconf 89' lang='lat' dir='ltr'><strong>nec</strong></span> <span class='ocrx_word' id='word_1_324' title='bbox 930 4151 1117 4227; x_wconf 81' lang='lat' dir='ltr'><strong>constanter</strong></span> <span class='ocrx_word' id='word_1_325' title='bbox 1148 4145 1332 4212; x_wconf 64' lang='lat' dir='ltr'><strong>adunatus.</strong></span> <span class='ocrx_word' id='word_1_326' title='bbox 1376 4164 1418 4211; x_wconf 88' lang='lat' dir='ltr'><strong>en</strong></span> <span class='ocrx_word' id='word_1_327' title='bbox 1446 4146 1462 4211; x_wconf 96' lang='lat' dir='ltr'><strong>l</strong></span> <span class='ocrx_word' id='word_1_328' title='bbox 1488 4165 1555 4211; x_wconf 95' lang='lat' dir='ltr'><strong>non</strong></span> <span class='ocrx_word' id='word_1_329' title='bbox 1588 4145 1695 4210; x_wconf 90' lang='lat' dir='ltr'><strong>solum</strong></span> 
     </span>
     <span class='ocr_line' id='line_1_38' title="bbox 479 4245 1697 4334; baseline -0.002 -22"><span class='ocrx_word' id='word_1_330' title='bbox 479 4245 704 4313; x_wconf 80' lang='lat' dir='ltr'><strong>Gaisfordiihl</strong></span> <span class='ocrx_word' id='word_1_331' title='bbox 734 4245 882 4334; x_wconf 88' lang='lat' dir='ltr'><strong>[Parisin.</strong></span> <span class='ocrx_word' id='word_1_332' title='bbox 905 4245 998 4334; x_wconf 71' lang='lat' dir='ltr'><strong>tusl,</strong></span> <span class='ocrx_word' id='word_1_333' title='bbox 1027 4247 1086 4314; x_wconf 92' lang='lat' dir='ltr'><strong>sed</strong></span> <span class='ocrx_word' id='word_1_334' title='bbox 1114 4247 1212 4314; x_wconf 86' lang='lat' dir='ltr'><strong>etiarn</strong></span> <span class='ocrx_word' id='word_1_335' title='bbox 1234 4247 1379 4315; x_wconf 89' lang='lat' dir='ltr'><strong>Venetus</strong></span> <span class='ocrx_word' id='word_1_336' title='bbox 1400 4249 1464 4315; x_wconf 81' lang='grc'><strong>342</strong></span> <span class='ocrx_word' id='word_1_337' title='bbox 1490 4245 1697 4314; x_wconf 85' lang='lat' dir='ltr'><strong>Bessarionis</strong></span> 
     </span>
     <span class='ocr_line' id='line_1_39' title="bbox 476 4348 1016 4434; baseline 0 -20"><span class='ocrx_word' id='word_1_338' title='bbox 476 4349 567 4414; x_wconf 88' lang='lat' dir='ltr'><strong>iussu</strong></span> <span class='ocrx_word' id='word_1_339' title='bbox 588 4348 770 4434; x_wconf 90' lang='lat' dir='ltr'><strong>descriptus</strong></span> <span class='ocrx_word' id='word_1_340' title='bbox 793 4370 867 4418; x_wconf 87' lang='lat' dir='ltr'><strong>esse</strong></span> <span class='ocrx_word' id='word_1_341' title='bbox 889 4348 1016 4416; x_wconf 81' lang='lat' dir='ltr'><strong>dinitm.</strong></span> 
     </span>
    </p>
   </div>
   <div class='ocr_carea' id='block_1_7' title="bbox 325 4539 1699 4888">
    <p class='ocr_par' dir='ltr' id='par_1_15' title="bbox 325 4539 1695 4797">
     <span class='ocr_line' id='line_1_40' title="bbox 399 4539 1694 4623; baseline -0.002 -15"><span class='ocrx_word' id='word_1_342' title='bbox 399 4555 407 4587; x_wconf 90' lang='lat'><strong>¹</strong></span> <span class='ocrx_word' id='word_1_343' title='bbox 426 4559 536 4623; x_wconf 87' lang='lat' dir='ltr'><strong>peritum</strong></span> <span class='ocrx_word' id='word_1_344' title='bbox 554 4557 619 4608; x_wconf 81' lang='lat' dir='ltr'><strong>haee</strong></span> <span class='ocrx_word' id='word_1_345' title='bbox 637 4558 711 4620; x_wconf 75' lang='lat' dir='ltr'><strong>origo</strong></span> <span class='ocrx_word' id='word_1_346' title='bbox 729 4539 885 4620; x_wconf 48' lang='lat' dir='ltr'><strong>non&#39;lallet,</strong></span> <span class='ocrx_word' id='word_1_347' title='bbox 909 4559 955 4608; x_wconf 89' lang='lat' dir='ltr'><strong>sed</strong></span> <span class='ocrx_word' id='word_1_348' title='bbox 973 4565 1002 4608; x_wconf 90' lang='lat' dir='ltr'><strong>ut</strong></span> <span class='ocrx_word' id='word_1_349' title='bbox 1019 4572 1072 4609; x_wconf 92' lang='lat' dir='ltr'><strong>uno</strong></span> <span class='ocrx_word' id='word_1_350' title='bbox 1091 4557 1211 4621; x_wconf 83' lang='lat' dir='ltr'><strong>exemplo</strong></span> <span class='ocrx_word' id='word_1_351' title='bbox 1229 4564 1289 4622; x_wconf 83' lang='lat' dir='ltr'><strong>pate</strong></span> <span class='ocrx_word' id='word_1_352' title='bbox 1313 4557 1360 4609; x_wconf 86' lang='lat' dir='ltr'><strong>ilat</strong></span> <span class='ocrx_word' id='word_1_353' title='bbox 1382 4559 1462 4610; x_wconf 83' lang='lat' dir='ltr'><strong>hahes</strong></span> <span class='ocrx_word' id='word_1_354' title='bbox 1480 4557 1525 4622; x_wconf 68' lang='lat'><strong>§4</strong></span> <span class='ocrx_word' id='word_1_355' title='bbox 1549 4557 1582 4606; x_wconf 85' lang='lat' dir='ltr'><strong>de</strong></span> <span class='ocrx_word' id='word_1_356' title='bbox 1601 4557 1694 4606; x_wconf 85' lang='lat' dir='ltr'><strong>Xeno-</strong></span> 
     </span>
     <span class='ocr_line' id='line_1_41' title="bbox 325 4639 1695 4712; baseline -0.003 -16"><span class='ocrx_word' id='word_1_357' title='bbox 325 4645 419 4711; x_wconf 81' lang='lat' dir='ltr'><strong>phanis</strong></span> <span class='ocrx_word' id='word_1_358' title='bbox 437 4647 493 4696; x_wconf 87' lang='lat' dir='ltr'><strong>sole</strong></span> <span class='ocrx_word' id='word_1_359' title='bbox 511 4639 665 4712; x_wconf 73' lang='grc' dir='ltr'><strong>πυριδίων</strong></span> <span class='ocrx_word' id='word_1_360' title='bbox 682 4643 759 4706; x_wconf 87' lang='lat' dir='ltr'><strong>Illud,</strong></span> <span class='ocrx_word' id='word_1_361' title='bbox 783 4645 854 4708; x_wconf 84' lang='lat' dir='ltr'><strong>qnod</strong></span> <span class='ocrx_word' id='word_1_362' title='bbox 872 4659 904 4695; x_wconf 87' lang='lat' dir='ltr'><strong>ax</strong></span> <span class='ocrx_word' id='word_1_363' title='bbox 923 4645 1074 4710; x_wconf 89' lang='lat' dir='ltr'><strong>philosophi</strong></span> <span class='ocrx_word' id='word_1_364' title='bbox 1092 4643 1243 4695; x_wconf 81' lang='lat' dir='ltr'><strong>rerslbns</strong></span> <span class='ocrx_word' id='word_1_365' title='bbox 1261 4647 1369 4709; x_wconf 84' lang='lat' dir='ltr'><strong>petitum</strong></span> <span class='ocrx_word' id='word_1_366' title='bbox 1387 4661 1444 4696; x_wconf 85' lang='lat' dir='ltr'><strong>csse</strong></span> <span class='ocrx_word' id='word_1_367' title='bbox 1463 4660 1516 4696; x_wconf 92' lang='lat' dir='ltr'><strong>non</strong></span> <span class='ocrx_word' id='word_1_368' title='bbox 1536 4651 1639 4710; x_wconf 72' lang='lat' dir='ltr'><strong>potarat,¹</strong></span> <span class='ocrx_word' id='word_1_369' title='bbox 1659 4644 1695 4694; x_wconf 85' lang='lat' dir='ltr'><strong>ab</strong></span> 
     </span>
     <span class='ocr_line' id='line_1_42' title="bbox 326 4729 1284 4797; baseline -0.003 -14"><span class='ocrx_word' id='word_1_370' title='bbox 326 4735 406 4784; x_wconf 75' lang='lat' dir='ltr'><strong>Attio</strong></span> <span class='ocrx_word' id='word_1_371' title='bbox 425 4741 515 4785; x_wconf 85' lang='lat' dir='ltr'><strong>autem</strong></span> <span class='ocrx_word' id='word_1_372' title='bbox 535 4729 709 4796; x_wconf 79' lang='lat' dir='ltr'><strong>Theophrasti</strong></span> <span class='ocrx_word' id='word_1_373' title='bbox 727 4731 844 4796; x_wconf 84' lang='lat' dir='ltr'><strong>Physicis</strong></span> <span class='ocrx_word' id='word_1_374' title='bbox 862 4733 1003 4797; x_wconf 84' lang='lat' dir='ltr'><strong>perspiculs</strong></span> <span class='ocrx_word' id='word_1_375' title='bbox 1022 4731 1108 4782; x_wconf 84' lang='lat' dir='ltr'><strong>verbis</strong></span> <span class='ocrx_word' id='word_1_376' title='bbox 1128 4731 1284 4781; x_wconf 86' lang='lat' dir='ltr'><strong>attrihultur.</strong></span> 
     </span>
    </p>

    <p class='ocr_par' dir='ltr' id='par_1_16' title="bbox 396 4809 1699 4888">
     <span class='ocr_line' id='line_1_43' title="bbox 396 4809 1699 4888; baseline -0.005 -17"><span class='ocrx_word' id='word_1_377' title='bbox 396 4817 457 4871; x_wconf 73' lang='lat' dir='ltr'><strong>’ni</strong></span> <span class='ocrx_word' id='word_1_378' title='bbox 477 4819 574 4870; x_wconf 79' lang='lat' dir='ltr'><strong>Enseb.</strong></span> <span class='ocrx_word' id='word_1_379' title='bbox 593 4819 624 4869; x_wconf 92' lang='lat' dir='ltr'><strong>P.</strong></span> <span class='ocrx_word' id='word_1_380' title='bbox 647 4819 679 4868; x_wconf 83' lang='lat' dir='ltr'><strong>E.</strong></span> <span class='ocrx_word' id='word_1_381' title='bbox 698 4815 733 4868; x_wconf 76' lang='grc'><strong>30</strong></span> <span class='ocrx_word' id='word_1_382' title='bbox 746 4828 770 4865; x_wconf 83' lang='lat' dir='ltr'><strong>ra</strong></span> <span class='ocrx_word' id='word_1_383' title='bbox 791 4816 814 4869; x_wconf 87' lang='lat' dir='ltr'><strong>ol</strong></span> <span class='ocrx_word' id='word_1_384' title='bbox 833 4817 890 4888; x_wconf 82' lang='grc' dir='ltr'>τιρλ</span> <span class='ocrx_word' id='word_1_385' title='bbox 906 4815 950 4868; x_wconf 85' lang='grc' dir='ltr'><strong>τὸν</strong></span> <span class='ocrx_word' id='word_1_386' title='bbox 967 4811 1114 4888; x_wconf 75' lang='grc' dir='ltr'>Ἐπίκουρον</span> <span class='ocrx_word' id='word_1_387' title='bbox 1133 4815 1163 4868; x_wconf 68' lang='lat' dir='ltr'><strong>a:</strong></span> <span class='ocrx_word' id='word_1_388' title='bbox 1181 4819 1227 4885; x_wconf 86' lang='grc' dir='ltr'><strong>τῆς</strong></span> <span class='ocrx_word' id='word_1_389' title='bbox 1243 4813 1400 4886; x_wconf 73' lang='grc' dir='ltr'>Ἀριστίππου</span> <span class='ocrx_word' id='word_1_390' title='bbox 1417 4809 1536 4886; x_wconf 79' lang='grc' dir='ltr'>διαδοχῆς</span> <span class='ocrx_word' id='word_1_391' title='bbox 1554 4811 1699 4885; x_wconf 70' lang='grc' dir='ltr'>ὁρμώμενοι</span> 
     </span>
    </p>
   </div>
   <div class='ocr_carea' id='block_1_8' title="bbox 325 4900 1701 5063">
    <p class='ocr_par' dir='ltr' id='par_1_17' title="bbox 325 4900 1701 5063">
     <span class='ocr_line' id='line_1_44' title="bbox 325 4900 1701 4976; baseline -0.006 -17"><span class='ocrx_word' id='word_1_392' title='bbox 325 4907 406 4960; x_wconf 77' lang='grc' dir='ltr'>πάντα</span> <span class='ocrx_word' id='word_1_393' title='bbox 424 4905 516 4976; x_wconf 78' lang='grc' dir='ltr'>ἡδονῆς</span> <span class='ocrx_word' id='word_1_394' title='bbox 536 4900 644 4972; x_wconf 67' lang='grc' dir='ltr'>ἐξῆπτον</span> <span class='ocrx_word' id='word_1_395' title='bbox 662 4903 707 4954; x_wconf 76' lang='lat' dir='ltr'><strong>aul</strong></span> <span class='ocrx_word' id='word_1_396' title='bbox 719 4901 861 4974; x_wconf 72' lang='grc' dir='ltr'>αἰσθήσιος</span> <span class='ocrx_word' id='word_1_397' title='bbox 880 4905 943 4974; x_wconf 84' lang='grc' dir='ltr'>μόνα</span> <span class='ocrx_word' id='word_1_398' title='bbox 961 4904 993 4957; x_wconf 77' lang='grc' dir='ltr'><strong>τὰ</strong></span> <span class='ocrx_word' id='word_1_399' title='bbox 1011 4901 1080 4974; x_wconf 78' lang='grc' dir='ltr'>πάθη</span> <span class='ocrx_word' id='word_1_400' title='bbox 1099 4901 1249 4973; x_wconf 79' lang='grc' dir='ltr'>παταληπτδ</span> <span class='ocrx_word' id='word_1_401' title='bbox 1266 4903 1310 4955; x_wconf 77' lang='lat' dir='ltr'><strong>aul</strong></span> <span class='ocrx_word' id='word_1_402' title='bbox 1328 4901 1400 4962; x_wconf 73' lang='grc' dir='ltr'>τδλος</span> <span class='ocrx_word' id='word_1_403' title='bbox 1417 4901 1521 4973; x_wconf 80' lang='grc' dir='ltr'>ἀγαθῶν</span> <span class='ocrx_word' id='word_1_404' title='bbox 1539 4903 1587 4972; x_wconf 61' lang='grc' dir='ltr'><strong>τὴν</strong></span> <span class='ocrx_word' id='word_1_405' title='bbox 1604 4901 1701 4971; x_wconf 73' lang='grc' dir='ltr'>ἡδονὴν</span> 
     </span>
     <span class='ocr_line' id='line_1_45' title="bbox 325 4991 553 5063; baseline -0.018 -17"><span class='ocrx_word' id='word_1_406' title='bbox 325 4993 386 5046; x_wconf 80' lang='lat' dir='ltr'><strong>abar</strong></span> <span class='ocrx_word' id='word_1_407' title='bbox 404 4991 553 5063; x_wconf 75' lang='grc' dir='ltr'>δριζδμανοι.</span> 
     </span>
    </p>
   </div>
   <div class='ocr_carea' id='block_1_9' title="bbox 0 0 1858 5732">
    <p class='ocr_par' dir='ltr' id='par_1_18' title="bbox 0 0 1858 5732">
     <span class='ocr_line' id='line_1_46' title="bbox 0 0 1858 5732; baseline 0 0"><span class='ocrx_word' id='word_1_408' title='bbox 0 0 1858 5732; x_wconf 95' lang='lat' dir='ltr'><strong> </strong></span> 
     </span>
    </p>
   </div>
  </div>
 </body>
</html>
