3710 5730
688 426 967 478 ruouuconuus
1466 429 1507 490 65

147 593 276 658 saeculo
304 593 502 676 superiorem
530 611 602 658 esse
628 591 775 658 fraudem
802 594 1051 662 demonstratur.
1096 601 1194 678 atque
1224 595 1361 678 primum
1388 615 1429 660 ea
1455 595 1508 660 via

148 693 314 760 obstructa
337 700 397 765 est.
419 701 455 759 ut
476 714 675 778 anonymum
697 694 841 762 libellum
863 704 996 780 propter
1022 697 1150 780 generis
1171 696 1413 762 similitudinem
1436 697 1509 760 Plu-

147 795 287 861 tarcheis
309 796 464 881 additum,
487 802 553 861 tum
576 795 653 860 inde
674 817 793 863 nomen
814 799 953 864 traxisse
975 798 1130 883 dicamus,
1153 799 1187 864 id
1198 799 1295 882 ,quod
1317 797 1359 863 de
1380 795 1463 862 Vitis
1477 798 1508 862 X

148 905 311 964 oratorum
332 898 450 981 aliquis
472 897 620 964 coniciet.
654 898 712 964 sed
727 899 924 982 singularem
941 900 1057 966 librum
1081 921 1121 966 ex
1140 901 1333 984 antiquitate
1355 899 1509 964 traditum

146 1007 342 1082 acceperunt
365 1000 546 1085 Byzantini,
570 999 656 1082 quod
679 1019 720 1065 ex
742 1001 911 1087 archetypi
934 1003 1122 1069 condicione
1145 1023 1243 1088 supra
1265 1002 1357 1069 evici.
1396 1007 1431 1066 at
1453 1001 1509 1066 ho·

148 1121 333 1186 monymum
361 1101 500 1167 fortasse
523 1103 731 1168 Plutarchum
759 1105 905 1171 afferent.
951 1111 1024 1170 sunt
1044 1105 1129 1170 enim
1157 1105 1272 1189 quibus
1302 1103 1384 1170 haec
1409 1104 1510 1188 expli·

147 1205 243 1270 candi
256 1204 338 1271 ratio
351 1205 550 1289 perplaceat,
566 1210 737 1288 postquam
750 1205 933 1274 Hercherus
946 1207 1106 1273 Arabibus
1115 1207 1192 1273 fisus
1207 1206 1249 1272 ab
1264 1207 1368 1272 altero
1380 1206 1510 1290 aequali

148 1307 323 1373 Plutarcho
344 1305 490 1372 libellum
506 1306 547 1372 de
569 1305 675 1372 fluviis
690 1309 906 1394 conscriptum
929 1309 1066 1375 coniecit
1088 1310 1195 1376 esse.¹
1226 1315 1261 1374 at
1284 1309 1355 1392 quis
1377 1308 1510 1374 andem

149 1411 339 1496 Πλοοιοίρχου
366 1409 528 1494 φιλοσόφου
559 1407 686 1474 titulum
716 1411 759 1476 ad
789 1413 889 1478 alium
916 1413 1074 1478 rettulerit
1102 1431 1199 1495 quam
1227 1410 1511 1480 Chaeronensem?

147 1533 224 1578 nam
246 1510 517 1595 Neoplatonicum
539 1531 582 1577 ne
596 1511 768 1597 Byzantini
792 1514 920 1596 quidem
940 1513 1170 1580 confudisseut.
1204 1534 1300 1598 porro
1316 1523 1351 1580 ut
1365 1515 1511 1598 ignotum

149 1615 311 1698 quendam
328 1613 537 1680 Plutarchum
552 1613 609 1680 illa
624 1621 734 1681 aetate
756 1616 923 1700 scripsisse
946 1616 1066 1699 largiar
1087 1615 1207 1703 (neque
1229 1616 1315 1682 enim
1338 1637 1446 1684 rarum
1461 1624 1511 1684 est

147 1715 295 1802 nomen),
327 1717 401 1799 quis
426 1722 475 1781 tot
496 1735 536 1782 ac
557 1723 624 1782 tam
646 1718 758 1784 variae
780 1719 946 1785 doctrinae
967 1717 1052 1785 setus
1074 1719 1116 1784 ab
1138 1739 1202 1785 uno
1225 1719 1415 1786 tenebricae
1437 1739 1510 1784 con-

146 1827 238 1886 sutos
264 1840 337 1886 esse
366 1818 428 1884 sibi
456 1820 672 1902 persuadeat?
705 1839 812 1905 apage
833 1821 955 1887 fraudis
976 1821 1040 1887 ista
1061 1821 1223 1888 lenocinia
1249 1841 1288 1887 ac
1310 1823 1508 1888 velamental

147 1931 295 1990 tenemus
317 1921 563 2006 epitomatorem
586 1943 731 1990 summae
752 1925 895 1990 levitatis
918 1925 1099 1990 convictum
1121 1945 1181 1990 uec
1202 1924 1245 1990 ab
1258 1924 1510 2008 interpolatione

146 2026 300 2092 alienum.
344 2025 421 2109 quid
443 2025 695 2107 tergiversamur
716 2046 757 2092 ne
780 2025 907 2091 titulum
934 2027 1037 2094 abeo
1063 2027 1293 2111 interpolatum
1320 2025 1512 2092 credamus?

147 2130 271 2196 scilieet
297 2148 338 2195 ea
366 2129 495 2195 demum
522 2127 611 2192 fraus
636 2129 759 2194 lucrum
783 2129 935 2194 adlatura
962 2137 1048 2214 erat,
1079 2149 1163 2213 quae
1188 2128 1312 2213 pittacii
1339 2127 1512 2212 splendore

147 2233 334 2298 interiorem
358 2229 539 2296 exilitatem
562 2231 692 2296 celaret
737 2251 844 2314 neque
866 2229 1011 2314 profecto
1035 2252 1108 2299 eum
1131 2231 1213 2298 ratio
1235 2231 1361 2298 fefellit.

231 2332 315 2397 Huic
329 2331 504 2415 suspicioni
520 2330 599 2397 mire
614 2330 704 2398 lavet
717 2338 810 2399 aetas
826 2352 890 2416 qua
906 2332 1087 2400 confectum
1103 2353 1176 2400 esse
1190 2334 1271 2399 illud
1286 2332 1512 2416 compendium

147 2435 218 2500 reri
240 2433 344 2500 simile
366 2439 425 2498 est.
469 2453 546 2498 nam
572 2435 722 2500 neultra
747 2454 868 2499 annum
892 2435 952 2500 177
980 2435 1215 2502 descendamus
1243 2436 1350 2502 obstat
1371 2434 1513 2500 Athena-

147 2555 255 2619 goras.
294 2541 408 2601 contra
430 2534 486 2600 illo
510 2537 642 2600 saeculo
665 2535 804 2620 priorem
829 2535 984 2618 originem
1007 2537 1063 2604 vix
1085 2537 1254 2621 quisquam
1278 2537 1437 2622 suadebit,
1459 2535 1513 2619 qui

149 2637 316 2704 Plutarchi
338 2637 452 2720 inepta
473 2637 698 2704 additamenta
720 2639 929 2703 velut1311
955 2639 1024 2703 318
1048 2641 1124 2704 114
1148 2641 1188 2705 13
1210 2651 1221 2701 1
1245 2639 1310 2704 111
1331 2649 1348 2702 8
1369 2639 1417 2704 III
1438 2640 1512 2703 lle

119 2731 127 2741 ⁸
150 2741 191 2806 18
207 2752 219 2802 l
243 2740 400 2807 elvardus
416 2739 573 2806 lectiones
589 2737 719 2826 [velutl
736 2743 776 2805 13
792 2759 804 2810 1
822 2743 902 2826 πρὶν
918 2743 1080 2827 στοιχείων,
1097 2742 1187 2809 Stob.
1202 2744 1259 2828 πρὸ
1274 2747 1332 2806 τῶν
1350 2737 1513 2826 στοιχείων]

148 2839 415 2908 consideraverit.
449 2862 555 2925 neque
578 2862 656 2909 vero
679 2849 745 2908 tam
768 2843 988 2926 impudentem
1006 2843 1103 2911 facile
1119 2845 1248 2911 credam
1262 2843 1367 2910 furem
1381 2849 1417 2906 ut
1438 2841 1513 2908 rivo

148 2943 326 3009 Plutarcho
340 2943 554 3011 miserrimam
567 2945 730 3030 epitomen
743 2943 802 3010 sub
812 2945 899 3011 illius
910 2947 1040 3013 nomine
1050 2948 1221 3014 venditare
1233 2967 1332 3012 ausus
1344 2944 1393 3010 sit.
1417 2943 1514 3009 immo

149 3053 227 3132 post
252 3045 321 3112 cius
344 3051 479 3112 mortem
507 3067 579 3113 cum
605 3047 721 3113 laudes
748 3047 851 3131 magis
877 3049 911 3114 in
933 3048 1004 3115 dies
1029 3049 1185 3116 celebrari
1214 3055 1350 3134 coeptae
1376 3052 1450 3112 sunt
1476 3065 1515 3112 ac

150 3148 281 3235 plurimi
303 3147 478 3232 scriptores
492 3157 528 3214 ut
543 3149 725 3216 Favorinus
740 3150 866 3216 Taurus
883 3150 1008 3216 Gellius
1024 3150 1168 3217 Galenus
1182 3151 1339 3237 Apuleius
1357 3149 1516 3215 Aristides

150 3252 340 3337 Polyaenus
361 3249 395 3315 in
416 3250 581 3317 laudando
603 3251 660 3317 illo
683 3260 716 3318 et
739 3252 944 3336 excerpendo
958 3253 1043 3319 inter
1058 3273 1094 3319 se
1109 3259 1323 3336 certaverunt,
1347 3257 1414 3316 tum
1432 3249 1517 3316 frau-

150 3352 278 3420 dulenti
299 3351 431 3436 quidam
453 3352 600 3419 homines
623 3361 658 3419 ut
681 3354 810 3437 legendi
833 3361 867 3421 et
888 3355 1034 3421 discendi
1061 3356 1168 3421 ardori
1195 3376 1258 3438 quo
1285 3361 1353 3419 tum
1377 3353 1517 3419 maxime

154 3475 269 3521 omnes
290 3453 475 3537 flagrabant
497 3457 712 3540 consulerent,
736 3476 777 3523 ex
799 3457 889 3522 libris
912 3457 1100 3540 plerumque
1122 3457 1215 3523 bonis
1237 3453 1430 3539 compendia
1451 3475 1518 3520 cor-

150 3556 315 3623 rodebant
336 3557 427 3622 nulla
448 3555 515 3622 alia
537 3557 692 3623 novitatis
715 3559 821 3642 gratia
842 3558 904 3624 nisi
926 3557 1054 3624 fallacis
1068 3559 1152 3624 tituli
1168 3556 1402 3624 commendata.
1435 3556 1518 3622 inter

151 3658 216 3724 bos
244 3656 344 3723 libros
370 3658 535 3724 Plutarchi
560 3659 748 3726 ferebantur
771 3659 951 3746 Stromata,
980 3660 1021 3727 de
1048 3661 1184 3745 musica,
1213 3659 1255 3726 de
1281 3659 1349 3726 vita
1375 3657 1518 3743 Homeri,

152 3760 297 3825 sortasse
320 3759 632 3843 apophthegmatum
655 3763 873 3848 collectiones,
896 3763 982 3829 unde
1001 3763 1112 3829 variae
1127 3769 1243 3847 postea
1258 3767 1430 3844 excerptae
1444 3767 1519 3826 sunt

155 3860 208 3949 [ef.
226 3859 464 3928 Schneidewin.
481 3861 582 3947 praei.
600 3864 643 3928 ad
659 3863 755 3949 (torp.
772 3867 920 3933 Paroem.
936 3866 952 3930 I
967 3863 1078 3952 xxxvl,
1101 3865 1198 3949 paulo
1214 3863 1432 3948 impudentius
1447 3883 1520 3928 con-

153 3963 233 4029 ficta
247 3963 412 4030 Parallela
426 3965 552 4031 minora
570 3971 602 4031 et
617 3965 658 4032 de
672 3966 788 4033 fluviis.
803 3967 814 3997 ¹
840 3969 955 4035 eadem
969 3965 1083 4032 fraude
1097 3966 1331 4050 Apollodorum
1346 3971 1414 4030 tum
1429 3984 1521 4048 prae

154 4064 302 4149 figebant
336 4064 558 4152 mythologico
588 4068 798 4154 compendio,
832 4070 916 4152 quod
951 4069 987 4134 C.
1014 4068 1174 4135 Robertus
1203 4088 1307 4152 nuper
1340 4064 1436 4133 evicit
1468 4065 1521 4154 [de

153 4259 561 4276 ffl—

232 4393 240 4424 ¹
260 4397 317 4458 quis
335 4397 413 4447 inerit
431 4390 593 4465 Πλούταρχος
612 4394 625 4448 b
643 4394 763 4466 νεώτερος
782 4411 859 4459 quem
876 4395 908 4446 de
928 4397 1018 4447 sirenis
1037 4395 1114 4445 effert
1131 4395 1219 4444 Treta.
1239 4389 1454 4444 contramuto
1477 4391 1522 4455 [ci.

160 4481 464 4546 Heraclitincred.14]
483 4484 516 4534 ad
528 4484 659 4548 Lycophr.
679 4481 731 4537 653
749 4487 846 4534 nescio.
865 4485 990 4534 Heroberi
1009 4481 1151 4533 rationibus
1170 4481 1320 4530 adversatus
1339 4489 1378 4529 est
1396 4480 1425 4530 Ο.
1438 4481 1522 4530 Muel-

160 4570 233 4620 lerus
255 4569 287 4621 G.
306 4570 338 4622 G.
356 4571 395 4622 Μ.
414 4571 442 4620 11
459 4587 485 4635 p.
498 4571 557 4620 LII.
593 4585 653 4621 nem
671 4573 716 4634 qui
734 4568 880 4640 συναγωγὴν
898 4568 1013 4639 ἱστοριῶν
1031 4563 1239 4636 παραλλήλων
1257 4563 1395 4634 λλληνικῶν
1413 4567 1457 4618 παλ
1475 4564 1524 4635 ῥω-

158 4659 264 4722 persor
287 4660 443 4722 composuit,
468 4673 501 4707 ue
525 4659 568 4707 ille
593 4657 725 4708 Plutarchi
748 4659 993 4723 parallelorum
1016 4655 1146 4720 scriptoris
1169 4669 1307 4718 personam
1329 4655 1418 4704 fraude
1443 4657 1522 4704 maui-

161 4745 304 4794 iestissima
322 4745 414 4795 induit.

233 4826 347 4893 ’neque
373 4833 441 4880 enim
463 4830 604 4894 quidquam
629 4832 736 4894 impedit
758 4849 791 4882 ne
817 4834 894 4882 istum
918 4831 1126 4895 compilatorem,
1155 4831 1227 4879 cuius
1250 4835 1322 4878 aetem
1346 4829 1412 4876 iuter
1434 4825 1525 4875 lubam

159 4918 317 4981 libycorum
340 4919 503 4982 scriptorem,
528 4917 638 4979 Augusti
662 4920 798 4981 aequalem
821 4927 847 4968 et
871 4919 1031 4969 Clementem
1055 4913 1248 4980 circumscripta
1267 4923 1313 4976 est,
1335 4915 1525 4963 Antoninorum

159 5007 249 5069 potius
268 5019 345 5066 quam
364 5005 471 5054 Traiani
492 5005 533 5054 vel
552 5004 680 5054 Hadriani
700 5004 857 5068 temporibus
877 5007 1008 5070 scripsisse
1028 5002 1188 5054 arbitremur.

215 5114 308 5160 Diels.
329 5114 473 5165 Dexograuhl
493 5116 574 5164 mucci.
1304 5085 1324 5148 5
