3710 5730
333 412 376 475 20
618 415 631 461 i
670 413 719 462 DE
740 412 1009 464 PLUTARCHEAE
1029 409 1214 460 EPITOMES
1233 408 1403 458 MEMORIA

329 583 373 645 ἀεὶ
389 581 546 665 φερόμενον
563 583 715 647 κυκλικῶς.
739 579 879 647 ὡσαύτως
897 579 930 641 δὲ
955 588 957 599 ¹
982 579 1029 640 καὶ
1049 578 1102 660 τὴν
1118 578 1240 659 σελήνην
1259 576 1350 660 ἄστρα
1364 575 1510 658 λέγεσθαι.
1544 575 1689 660 διαφέρειν

329 685 454 768 ὡρίσατο
497 685 545 746 καὶ
591 681 827 750 Ποσειδώνιος
867 682 930 764 πρὸ
982 681 1014 744 δὲ
1044 679 1152 763 ἀστέρα
1175 677 1291 763 ἄστρου.
1342 679 1368 742 εἰ
1394 677 1446 760 μὲν
1469 679 1523 763 γάρ
1549 700 1592 748 τις
1613 678 1689 742 ἰστιν

328 786 436 850 αὐτοῦ
466 789 481 850 ό
512 785 676 854 Στωικός.
983 784 1076 866 ἀστὴρ
1104 782 1152 845 καί
1173 780 1277 866 ἄστρον
1301 780 1533 865 δνομασθήσεται
1555 781 1689 858 δεόντως,

956 873 959 960 Ι
984 885 1018 948 ού
1042 885 1099 968 μὴν
1122 885 1271 947 ἀνάπαλιν.

329 1010 368 1056 ae
392 1010 433 1055 ne
456 989 611 1072 longioris
632 988 720 1072 apud
742 989 852 1054 Arium
875 986 1104 1071 disputationis
1125 1005 1244 1052 nexum
1266 985 1447 1068 desideres,
1477 1005 1553 1054 eene
1574 987 1689 1054 iterum

329 1093 491 1158 Diodorus
513 1113 545 1175 p.
568 1091 674 1156 1340:
704 1092 883 1176 Διόδωρος
909 1091 1011 1154 δὲκαὶ
1035 1091 1061 1152 οἱ
1084 1089 1166 1152 ἄλλοι
1194 1089 1391 1172 μαθηματικοί
1414 1087 1494 1160 ἰδίως
1516 1091 1564 1154 καί
1586 1097 1690 1162 κοινῶς

327 1197 364 1260 τὰ
387 1193 478 1280 ζῴδια
500 1194 592 1280 ἄστρα
614 1198 733 1257 καλοῦσι
757 1194 804 1256 καὶ
828 1193 950 1277 ἀστέρας
972 1191 1195 1276 παρατιθέμενοι
1211 1190 1353 1254 Πλάτωνα
1373 1192 1503 1276 μάρτυρα
1517 1191 1609 1278 ἄστρα
1622 1195 1690 1264 τούς

328 1299 402 1362 έπτᾶ
424 1299 572 1381 πλανήτας
594 1298 624 1361 ἐν
647 1303 690 1382 τῷ
714 1294 830 1380 Τιμαίῳ
852 1295 998 1378 εἰρηκότα,
1021 1296 1070 1357 τὸν
1093 1293 1164 1356 κύνα
1187 1293 1282 1374 μέντοι
1305 1292 1413 1377 ἀστέρα
1435 1292 1503 1358 ἄντα
1525 1295 1555 1360 ἰν
1574 1302 1617 1382 τῷ
1634 1297 1689 1382 βίιρ

327 1398 431 1483 ἄστρον
466 1399 595 1482 λέγομεν.
632 1397 690 1463 ἀλλ’
730 1401 746 1461 ό
780 1399 831 1480 μὲν
864 1399 956 1481 ἀστήρ
985 1397 1032 1460 καὶ
1059 1395 1178 1480 ἄστρον,
1214 1396 1310 1460 οἰικέτι
1342 1397 1374 1460 δὲ
1400 1398 1433 1459 τδ
1460 1398 1600 1462 ἀνάπαλιν
1638 1395 1689 1484 [ef.

329 1501 458 1586 Resper
475 1495 858 1584 Philol.V11519‚538].
882 1518 923 1563 ex
943 1497 1058 1564 eodem
1077 1497 1221 1563 Diodoro
1241 1505 1415 1563 manarunt
1433 1497 1534 1566 haene
1555 1520 1587 1582 p.
1604 1499 1692 1564 1301>
1785 1559 1790 1568 .

327 1607 414 1688 δῆλον
437 1605 470 1666 δὲ
495 1607 542 1668 καὶ
565 1607 599 1668 ἐκ
620 1610 671 1667 τοῦ
695 1603 767 1666 εἶναι
789 1600 819 1670 ἓξ
843 1597 934 1686 ίηίδια
962 1601 1018 1662 ὑπὸ
1041 1605 1094 1683 γῆν
1123 1599 1153 1670 ἓξ
1178 1601 1211 1663 δὲ
1240 1601 1312 1684 ὑπὲρ
1337 1605 1402 1684 γήν.
1440 1599 1482 1664 ἐπ’
1513 1603 1629 1672 ούδενδς
1657 1605 1691 1668 δὲ

326 1708 415 1771 ἄλλου
438 1709 588 1792 σχήματος
610 1705 764 1788 ήταιαύτη
787 1701 903 1772 εὐταξία
925 1703 972 1765 καὶ
995 1704 1136 1787 περιφορὰ
1157 1705 1263 1786 γίνεται
1285 1702 1304 1785 ἢ
1328 1703 1375 1766 ἐπὶ
1397 1707 1449 1766 τοῦ
1471 1709 1634 1790 σφαιρικοδ.
1656 1707 1690 1770 τδ

327 1812 360 1874 δὲ
382 1810 561 1894 σφαιροειδὲς
583 1813 687 1892 σχῆμα
709 1809 820 1872 διδόασι
842 1811 884 1890 τῷ
909 1805 1021 1889 κόσμῳ.
1056 1811 1165 1890 σφαῖρα
1184 1808 1236 1889 μὲν
1251 1809 1305 1891 γὰρ
1321 1808 1337 1871 ὁ
1352 1806 1483 1890 οὐρανός,
1506 1810 1690 1893 σφαιροειδὴς

327 1913 359 1974 δὲ
381 1914 400 1996 ἡ
423 1916 470 1994 γή.
505 1911 633 1996 διαφέρει
658 1912 690 1974 δὲ
713 1911 836 1993 ἑκάτερα
858 1906 878 1990 ή
902 1907 935 1969 τὸ
959 1907 1011 1988 μὲν
1033 1909 1213 1992 σφαιροειδὲς
1233 1915 1336 1995 σχῆμα
1356 1911 1404 1974 καὶ
1425 1909 1530 1995 ἰξοχάς
1549 1908 1611 1997 ἔχει
1641 1911 1689 1974 καὶ

326 2015 509 2097 κοιλότητας,
537 2015 570 2076 τὸ
596 2014 629 2075 δὲ
650 2018 702 2096 τῆς
732 2013 854 2097 σφαίρας
876 2012 1060 2097 πανταχόθεν
1084 2009 1145 2074 ἴσον
1168 2011 1215 2075 καί
1238 2013 1297 2076 ἀπὸ
1320 2016 1371 2075 τοῦ
1394 2012 1484 2094 μέσου
1505 2012 1623 2097 κέντρου
1645 2014 1689 2078 έκ-

326 2117 505 2202 βαλλομένας
529 2115 645 2184 εὐθείας
667 2116 708 2184 εἰς
729 2115 781 2197 τὴν
804 2113 971 2197 ἐπιφάνειαν
996 2112 1058 2183 ίσας
1081 2113 1151 2199 ἔχον
1174 2117 1234 2178 κτλ.
1268 2133 1386 2180 nomen
1407 2113 1450 2180 ab
1464 2111 1527 2180 hoe
1549 2115 1620 2181 loeo
1635 2116 1690 2182 ab·

326 2223 391 2302 est,
421 2218 479 2284 sed
505 2223 631 2284 eonstat
653 2236 695 2282 ex
716 2216 820 2282 nitere
843 2221 1068 2299 exeerptorum
1089 2217 1237 2300 exemplo
1259 2237 1290 2300 p.
1308 2217 1370 2281 166
1391 2223 1471 2283 extr.
1516 2236 1577 2282 nee
1602 2217 1690 2284 dubi·

325 2327 446 2385 tassem
470 2318 599 2386 etiamsi
622 2319 743 2384 elerum
766 2317 982 2383 testimonium
1006 2318 1145 2384 deesset.
1179 2317 1351 2383 Diodoreir
1367 2319 1453 2385 enim
1467 2317 1691 2384 resenditieris

326 2420 452 2487 artifieii
476 2428 555 2487 nota
578 2419 738 2502 quaedem
760 2419 920 2502 impresse
941 2425 1000 2484 est.
1038 2417 1187 2503 symbols
1204 2439 1410 2484 numerorum
1432 2439 1453 2484 ε
1475 2419 1690 2505 Pythagoreis

325 2523 460 2590 inventa
482 2510 578 2589 etiem
604 2528 697 2588 extre
719 2522 865 2588 seholam
888 2522 999 2604 vigere
1021 2527 1198 2606 eoepersnt
1219 2521 1285 2586 alie
1307 2521 1373 2586 alin
1394 2522 1580 2608 arripiente.
1617 2521 1690 2586 huie

325 2625 503 2711 ternarius,
531 2626 579 2692 iiii
613 2624 832 2710 septenarius,
858 2621 1040 2708 Porphyris
1065 2623 1118 2688 vel
1143 2622 1339 2688 novenarius
1364 2625 1497 2708 plneuit:
1527 2624 1689 2690 Diodorus

324 2729 434 2794 neseio
462 2749 525 2811 quo
555 2737 652 2814 paeto
680 2729 714 2793 in
742 2726 904 2792 senarium
932 2722 1054 2790 incidit.
1104 2724 1180 2792 inde
1208 2724 1332 2790 zodieei
1364 2725 1414 2792 bis
1443 2745 1541 2794 senes
1569 2725 1689 2810 figures

325 2837 509 2914 enumerat,
536 2831 613 2898 inde
637 2849 696 2896 sex
717 2828 828 2894 mundi
851 2827 1055 2894 definitiones
1078 2827 1260 2905 Stoieornm
1286 2847 1352 2892 nen
1374 2827 1445 2895 sine
1471 2829 1589 2894 sudore
1615 2848 1688 2894 eon·

324 2933 424 3015 gessit
446 2954 478 3017 p.
496 2935 557 2998 129
569 2955 599 3018 s,
620 2951 702 3016 quas
724 2931 913 2998 emendatas
933 2929 986 2994 hie
1007 2931 1125 2996 efferre
1146 2929 1246 2995 iuvet.

409 3037 582 3122 Διόδωρος
604 3037 637 3100 δὲ
659 3035 795 3120 ἑξαχῶς
817 3036 866 3098 τὸν
889 3035 998 3116 κόσμον
1020 3034 1092 3117 φησί
1114 3033 1243 3096 νοεῖσθαι
1265 3031 1307 3118 ἐφ’
1328 3034 1453 3098 έκᾶστου
1467 3033 1576 3100 ἔννοιαν
1591 3035 1688 3105 διδούς

324 3163 438 3208 ουτως·

389 3243 418 3306 1.
453 3241 562 3323 κόσμος
584 3241 645 3304 ἐστὶ
668 3241 803 3323 σύστημα
825 3239 855 3309 et
877 3239 1000 3323 οὐρανοῦ
1023 3239 1071 3302 καί
1093 3241 1146 3320 γῆς
1167 3239 1215 3300 καὶ
1237 3243 1296 3302 τῶν
1320 3237 1424 3322 μεταξὺ
1447 3238 1573 3323 φύσεων.

387 3344 417 3409 2.
451 3345 536 3406 πολιν
559 3343 667 3425 κόσμος
690 3343 765 3406 ἐστὶν
788 3343 953 3426 οἰκητήριον
969 3343 1063 3404 θεῶν·
1086 3345 1135 3404 νῦν
1158 3339 1207 3403 οὖν
1223 3342 1256 3404 τδ
1271 3343 1417 3425 πλήρωμα
1432 3341 1508 3424 λέγει
1524 3341 1607 3411 ἰκτδς
1628 3345 1686 3406 τῶν

450 3447 480 3510 ἐν
502 3445 619 3530 αύτῷ.“

386 3551 416 3615 3.
449 3549 542 3634 τρίτον
570 3550 586 3610 ό
609 3537 718 3630 κόσμος
744 3548 804 3611 ἐστὶ
831 3548 964 3632 σύστημα
991 3549 1025 3611 ἐκ
1052 3549 1130 3610 θεῶν
1157 3548 1205 3610 καί
1232 3547 1398 3631 ἀνθρώπων
1426 3547 1486 3631 (καί
1515 3551 1573 3610 τῶν
1601 3545 1686 3610 ἕνεκα

451 3653 560 3716 τούτων
583 3649 754 3734 γεγονότων)
769 3649 794 3689 ¹·
817 3655 901 3714 τοῦτο
925 3649 1050 3734 όμοιον’
1071 3656 1114 3735 τῷ
1139 3651 1194 3736 βίιρ
1217 3654 1257 3720 ὡς
1279 3649 1368 3720 εἴτις
1390 3651 1482 3734 λέγει·
1506 3649 1588 3718 πόλις
1610 3649 1686 3713 ἐστίν

453 3755 482 3823 ἐξ
505 3755 655 3840 ἀρχόντων
678 3755 726 3816 καὶ
748 3753 928 3838 ἀρχομένων.

387 3860 419 3923 4.
454 3857 587 3940 τέταρτον
610 3857 719 3938 κόσμος
741 3856 817 3918 ἐστὶν
832 3856 938 3940 αἰθήρ·
962 3857 1046 3926 οὖτος
1068 3857 1101 3920 δὲ
1122 3861 1180 3941 πῦρ
1203 3857 1351 3938 εἰλικρινὲς
1373 3857 1415 3918 διν
1437 3854 1604 3939 ἄνώτερός*
1626 3855 1686 3918 ἐστι

449 3964 500 4022 τοῦ
523 3964 647 4044 φυσικοῦ
670 3959 790 4042 κόσμου.

385 4064 415 4126 ί).
450 4062 580 4143 πέμπτον
608 4062 716 4144 κόσμος
743 4063 820 4125 ἐστὶν
843 4063 943 4146 ἡτῶν
973 4063 1110 4125 ἀπλανῶν
1140 4062 1264 4144 σφαῖρα·
1294 4060 1397 4123 τούτου
1424 4061 1470 4124 καί
1502 4059 1625 4123 Πλᾶτων
1655 4061 1685 4122 έν

450 4161 566 4248 Τιμαίῳ
590 4163 742 4248 μέμνηται.

384 4267 414 4330 θ.
448 4267 531 4330 ἕκτον
554 4261 662 4348 κόσμος
684 4267 760 4331 ἐστὶν
784 4269 799 4332 ύ
823 4269 1021 4351 διακοσμήσας
1043 4267 1079 4332 τὰ
1103 4269 1209 4330 πάντα·
1234 4263 1311 4330 ἔοικε
1333 4266 1365 4328 δὲ
1387 4268 1436 4330 νῦν
1459 4268 1478 4351 ή
1501 4265 1622 4350 πρόνοια
1642 4263 1686 4328 λέ·

449 4369 589 4452 ·ρεσθαι.”

394 4559 400 4590 ¹
425 4561 467 4608 νύν
486 4555 529 4609 οὖν
549 4567 576 4609 nt
594 4560 661 4609 inire
680 4559 736 4611 ιι.6
755 4559 798 4610 νῦν
817 4558 1001 4622 explicandum
1020 4565 1073 4608 est:
1093 4560 1150 4608 hoe
1169 4561 1269 4623 igitur
1286 4559 1369 4608 leco·
1388 4558 1420 4607 et.
1434 4557 1551 4608 Laertius
1561 4557 1616 4608 v11
1627 4554 1685 4609 138.

320 4645 422 4716 ούρανδς
445 4645 472 4697 δέ
491 4645 589 4714 ἐστινὴ
610 4645 705 4714 ἐσχάτη
725 4645 866 4714 περιφέρεια
889 4643 916 4695 ἰν
937 4640 953 4713 η’
972 4647 1022 4694 πᾶν
1044 4641 1140 4714 ίδρυται
1162 4643 1192 4695 τὸ
1209 4641 1285 4696 θεῖον.
1308 4647 1398 4696 ultime
1425 4640 1611 4711 ἰκτδς-αύτῷ
1634 4660 1687 4694 non

324 4745 435 4799 praesto.

394 4819 404 4852 ί
423 4825 543 4874 tecunern
561 4823 713 4873 indicabant
733 4821 821 4882 reigo,
840 4834 919 4882 quem
938 4821 1039 4885 explevi
1059 4835 1091 4870 ex
1110 4821 1215 4870 Laertio
1234 4821 1251 4870 l.
1270 4835 1292 4870 υ.
1311 4829 1338 4872 et
1354 4821 1412 4870 Arii
1430 4821 1460 4869 ir.
1474 4817 1518 4871 29.

393 4907 495 4960 ίτούτο
514 4908 589 4976 μόνον
608 4911 735 4972 vulgetur.
889 4905 899 4936 ⁴
921 4904 1065 4974 κατιύτιρος
1083 4909 1170 4972 vulgo.
1194 4922 1260 4958 eorr.
1278 4909 1335 4958 Pet.
1354 4910 1381 4958 in
1400 4923 1464 4972 mrg.

390 4995 533 5060 3seqnitur
551 5000 629 5062 panio
649 5005 706 5060 pest
726 5013 750 5059 p.
770 4993 845 5044 ίὶἰθιι
866 4995 954 5044 mundi
974 4996 1063 5044 similis
1083 4997 1201 5059 partit-io,
1225 4996 1269 5044 sed
1294 5003 1319 5043 et
1337 4995 1383 5044 illa
1402 4995 1512 5045 turbate.
1550 5009 1609 5046 nam
1627 5005 1687 5059 pest
