3648 5736
364 411 429 473 640
746 413 882 464 GALENI
902 413 1040 466 HISTOR.
1059 411 1350 469 Pmios.106-109

364 651 401 689 νιν
583 635 645 697 100
683 629 761 702 Πῶς
782 634 814 696 οί
838 629 970 716 ὄνειροι
992 633 1154 717 γίνονται.
1192 645 1440 712 [Flavum]

505 787 727 872 Δημόκριτος
750 785 876 873 ὀνείρους
897 788 1028 871 γίνεσθαι
1049 792 1125 855 κατὰ
1145 793 1198 862 τὰς
1218 797 1277 856 τῶν
1300 791 1429 858 εἰδώλων
1453 797 1689 881 παρατηρήσεις.

365 909 400 947 οιι
417 889 598 974 Στράτων·
621 890 696 973 άλλη
712 913 753 960 τις
768 891 852 976 φόσις
866 896 919 975 τῆς
941 893 1067 964 διανοίας
1090 895 1120 960 ἐν
1135 893 1139 980 Ι
1152 899 1213 964 τοῖς
1235 895 1333 966 ’όπνοις
1354 895 1605 982 αἰσθητικωτέρας
1630 899 1687 982 μὲν

415 999 468 1079 τῆς
489 999 587 1080 ψυχῆς
608 993 768 1078 γινομένης,
791 992 828 1056 δι’
855 995 928 1058 αὐτὸ
951 995 984 1058 δὲ
1006 1001 1090 1060 τοῦτο
1112 1001 1272 1082 γνωστικῆς
1293 998 1453 1082 γινομένης·
1485 997 1688 1086 Ἡρόφιλος

414 1103 473 1161 τῶν
504 1097 623 1182 ὀνείρων
651 1097 718 1166 τοὺς
744 1097 797 1180 μὲν
826 1097 1029 1181 θεοπέμπτους
1058 1099 1123 1164 κατ’
1152 1103 1277 1186 ἀνάγκην
1300 1099 1459 1184 γίγνεσθαι,
1480 1103 1547 1173 τοὺς
1571 1103 1604 1166 δὲ
1629 1123 1715 1187 φοι

417 1201 515 1270 σικολνς
537 1197 817 1282 είδωλοποιουμένης
838 1204 891 1283 τῆς
913 1205 1011 1285 ψυχῆς
1033 1201 1066 1264 τὸ
1091 1203 1237 1288 συμφέρον
1260 1203 1336 1286 αὐτή
1360 1204 1408 1267 καὶ
1430 1204 1465 1268 τὸ
1480 1207 1597 1275 πάντως
1619 1203 1689 1269 lui

416 1322 516 1385 μενον·
538 1305 605 1374 τοὺς
621 1305 654 1366 δὲ
671 1304 909 1387 συγκριματικοὺς
923 1303 1095 1387 αὐτομάτως
1109 1303 1174 1370 κατ’
1194 1304 1324 1368 είόόιλων
1346 1305 1542 1390 πρόσπτωσιν,
1566 1309 1643 1372 όταν
1665 1308 1686 1372 ἃ

420 1405 587 1492 βουλόμεθα
599 1407 767 1491 βλέπωμεν·
800 1411 816 1444 *
830 1405 991 1490 φιλοόντων
1007 1407 1130 1490 γίγνεται
1145 1408 1197 1477 τὰς
1211 1407 1360 1492 ἐρωμένας
1374 1409 1508 1493 ἐρώντων
1523 1411 1554 1475 έν
1572 1411 1687 1481 ὕπνοις.

566 1739 626 1803 107
664 1735 750 1820 Περὶ
771 1733 896 1806 οίισίας
919 1735 1132 1822 σπέρματος.
1168 1745 1413 1809 [ΡΙυεν31.ι.ο.
1427 1760 1446 1798 ι.
1460 1761 1479 1801 ι.
1492 1749 1516 1816 ο]

500 1923 746 2010 Ἀριστοτέλης
768 1924 884 2008 σπέρμα
905 1920 980 1988 εἶναί
1005 1945 1078 2011 φησι
1104 1941 1125 1981 *ι
1147 1940 1168 1980 τι
1190 1939 1211 1980 τι
1233 1926 1320 1986 κινεῖν
1348 1923 1435 1988 ἑαυτὸ
1456 1926 1529 2010 πρὸς
1549 1927 1584 1990 τὸ
1606 1927 1683 1991 ἀπο
1701 1949 1724 1987 ιο

414 2029 529 2094 τελέσαι
550 2027 584 2091 τὸ
607 2029 748 2106 τοιοῦτον,
770 2025 832 2090 οἶόν
855 2025 932 2089 ἐστιν
954 2025 985 2096 ἐξ
1006 2025 1041 2090 οὔ
1064 2023 1229 2110 συνεκρίθη.
1276 2023 1489 2110 Πυθαγόρας
1511 2029 1604 2114 ἀφρὸν
1628 2035 1685 2094 τοῦ

416 2133 617 2218 χρηστοτάτου
646 2131 771 2212 αἵματος
798 2129 820 2212 ἢ
850 2129 1017 2213 περίττωμα
1044 2133 1097 2214 τῆς
1128 2131 1249 2212 τροφῆς.
1291 2123 1488 2212 Ἀλκμαίων
1517 2130 1685 2216 ἐγκεφάλου

365 2253 401 2292 ιιι
419 2233 516 2318 μέρος.
559 2232 708 2298 Πλάτων
730 2235 782 2296 τοῦ
805 2229 941 2294 νωτιαίου
963 2233 1070 2314 μυελοῦ
1092 2229 1260 2314 ἀπόρροιαν.
1274 2225 1495 2316 ΙΈπίκουρος
1517 2237 1616 2320 ψυχῆς
1632 2235 1684 2298 καλ

418 2339 554 2418 σώματος
575 2335 766 2417 ἀπόσπασμα.
811 2332 1037 2418 Δημόκριτος
1059 2329 1113 2417 ἀφ’
1141 2332 1218 2396 ὅλων
1239 2335 1298 2395 τῶν
1321 2336 1465 2416 σωμάτων
1488 2335 1537 2399 καὶ
1557 2339 1618 2400 τῶν
1634 2361 1684 2400 κο

414 2439 561 2522 ριωτότων
585 2441 681 2522 μερῶν
703 2436 765 2500 οίον
786 2439 844 2499 τῶν
869 2437 1014 2518 σαρκικῶν
1037 2434 1132 2498 όστῶν
1155 2433 1234 2498 ίνῶν.
1701 2461 1726 2500 ιι

570 2773 632 2837 108
670 2767 712 2835 Ei
735 2773 835 2853 σῶμα
856 2770 894 2832 τὸ
918 2769 1067 2854 σπέρμα.
1105 2771 1361 2843 [Planum]

507 2956 710 3027 Λεόκιππος
732 2957 782 3022 καὶ
802 2955 925 3042 Ζήνων
952 2961 1040 3040 σῶμα
1066 2955 1154 3020 είναι·
1184 2959 1283 3042 ψυχῆς
1309 2956 1365 3041 γὰρ
1390 2953 1463 3020 εἶναι
1489 2955 1680 3042 ἀπόσπασμα.

418 3056 635 3144 Πυθαγόρας
665 3059 713 3123 καί
745 3059 891 3124 Πλάτων
918 3061 966 3124 καί
990 3057 1238 3144 Ἀριστοτέλης
1265 3060 1423 3144 ἀσώματον
1452 3058 1504 3142 μέν
1530 3057 1680 3146 εἶναιτὴν

417 3159 535 3244 δύναμιν
557 3165 609 3226 τοῦ
636 3163 815 3248 σπέρματος,
841 3164 1009 3248 σωματικὴν
1036 3162 1069 3226 δὲ
1092 3161 1163 3245 όλην
1184 3161 1237 3246 τὴν
1259 3162 1472 3248 προχεομένην.
1517 3161 1681 3249 Στράτων

417 3262 465 3326 καλ
488 3264 713 3350 Δημόκριτος
735 3265 810 3332 κατὰ
831 3267 950 3350 δύναμιν
971 3263 1043 3330 εἶναι
1066 3264 1245 3350 σωματικήν.
1699 3286 1725 3324 κο

519 3601 582 3665 109
618 3597 659 3666 Εἰ
682 3603 741 3665 καὶ
763 3601 799 3664 αί
821 3601 966 3686 θήλειαι
987 3598 1173 3684 προίενται
1196 3597 1346 3683 σπέρμα.
1383 3605 1599 3676 [Ριιιινόιι]

507 3783 725 3871 Πυθαγόρας
740 3788 788 3851 καλ
804 3787 1029 3873 Δημόκριτος
1046 3787 1094 3851 καλ
1107 3783 1314 3871 Ἐπίκουρος
1328 3787 1377 3850 καὶ
1392 3787 1425 3849 τὸ
1438 3785 1679 3874 θήλοπροΐεσθαι

421 3889 546 3973 σπέρμα.
590 3887 654 3974 ἔχει
676 3888 730 3974 γὰρ
752 3892 936 3975 παραστάτας
958 3889 1224 3976 ἀπεστραμμένους.
1268 3891 1315 3956 διὰ
1335 3893 1421 3953 τοῦτο
1443 3889 1601 3973 όρεκτικῶς
1618 3891 1680 3979 ἔχει

425 3991 491 4077 περὶ
515 3991 568 4061 τὰς
585 3993 715 4078 χρήσεις.
749 3991 994 4078 Ἀριστοτέλης
1008 3994 1057 4058 καί
1072 3990 1193 4080 Ζήνων
1208 3991 1257 4056 καὶ
1273 3991 1343 4077 όλην
1360 3991 1413 4076 μὲν
1427 3991 1516 4077 ὑγρόν
1529 3994 1681 4079 προίεσθαι

420 4096 468 4160 καὶ
491 4093 550 4160 ἀπὸ
573 4101 626 4180 τῆς
647 4096 804 4181 γυμνασίας
827 4099 961 4182 ἱδρῶτας,
983 4097 1017 4161 οὐ
1041 4097 1098 4180 μὴν
1121 4097 1237 4182 σπέρμα
1258 4094 1407 4159 πεπτικόν.
1694 4119 1718 4156 κο

369 4251 569 4261 -ῌ-.

405 4337 422 4392 3
440 4333 641 4408 αίσθητικωτίρα
658 4339 680 4392 Β
702 4335 715 4408 Η
739 4341 756 4391 4
775 4337 803 4392 δι’
825 4335 902 4391 αὑτοῦ
919 4337 946 4390 δι
964 4336 1020 4390 τοό-
1112 4337 1145 4391 10
1164 4347 1209 4389 σοι
1226 4337 1388 4390 scribendum
1407 4335 1436 4390 τὸ
1454 4335 1589 4408 δυνάμεναι
1601 4341 1676 4390 κινεῖν
1688 4347 1728 4389 σοι

367 4441 412 4478 του
430 4424 556 4495 γνωστικὴ
574 4425 690 4496 γινομένη
708 4427 731 4478 Β
751 4423 764 4496 Η
789 4422 946 4496 5γίγνεσθαι
964 4423 1019 4478 κατ’
1074 4424 1103 4478 τὸ
1130 4427 1214 4478 κινοῦν
1243 4421 1256 4493 ΙΙ
1284 4427 1359 4476 κινεῖν
1373 4451 1406 4464 -
1420 4427 1532 4479 τοιοῦτον
1560 4441 1611 4478 om.
1638 4427 1661 4478 B
1689 4427 1728 4492 qui

369 4513 514 4583 ἀνάγκηνΒ
534 4509 547 4583 ΙΙ
572 4512 873 4582 όκαλ-’ίαίιτομάτως
891 4531 942 4566 om.
960 4517 986 4565 A
1006 4511 1019 4582 Η
1073 4518 1122 4568 λκιο.
1134 4530 1164 4566 ιιι
1183 4516 1230 4564 litt.
1247 4513 1345 4565 indicat
1364 4509 1377 4580 ίΙ
1396 4509 1421 4566 θ’
1437 4509 1563 4582 nimi}
1581 4511 1725 4566 11πόνΔ’ἶ

368 4601 384 4654 7
412 4599 487 4654 αὑτὸν
514 4597 552 4652 ότι
584 4599 646 4652 κατ’
676 4599 787 4654 είόῶλων
815 4601 867 4654 ἐστὶ
896 4601 932 4653 B:
965 4597 1020 4652 κατΙ
1076 4601 1149 4672 ἀφρῶ
1169 4605 1194 4653 A
1214 4599 1228 4671 ΙΙ
1249 4599 1282 4653 12
1299 4615 1324 4652 τι
1341 4603 1427 4669 τήςΒ
1448 4599 1461 4668 ΙΙ
1485 4599 1516 4654 15
1534 4605 1660 4670 σαρκικῶν
1677 4605 1702 4652 A

369 4686 504 4741 είδῶλωσιν
532 4705 609 4756 supra
631 4693 725 4756 scripto
748 4707 825 4757 ευροπ
848 4704 885 4741 ωσ
908 4705 939 4740 σε
961 4699 1024 4741 nota
1112 4687 1144 4741 17
1168 4687 1213 4758 γὰρ
1232 4686 1292 4739 εἶναι
1311 4689 1401 4739 σακΒ
1428 4685 1442 4756 ΙΙ
1468 4689 1501 4742 19
1519 4685 1627 4742 0-20
1645 4703 1726 4756 σωμα-

368 4793 420 4842 ιμιιι
432 4779 509 4828 etiam
523 4774 575 4827 ἐστὶ
587 4777 698 4829 breviari
712 4781 778 4829 solet
790 4779 816 4828 A
836 4773 849 4847 Η
870 4773 929 4828 όταν
948 4773 1023 4828 ἀπολ-
1075 4775 1149 4846 τικήν
1168 4793 1218 4828 om.
1236 4779 1262 4826 A
1280 4770 1295 4842 ΙΙ
1319 4769 1381 4843 ὕλην
1400 4773 1447 4844 την
1465 4776 1640 4848 παρεχομένην
1656 4779 1679 4829 Β

367 4847 464 4932 λόμιθα
477 4859 600 4932 βλέπομεν
612 4865 673 4915 AB:
692 4867 718 4916 in
727 4867 852 4930 proximis
864 4865 1024 4916 intercidisse
1111 4862 1143 4916 21
1164 4863 1188 4916 αἱ
1207 4881 1257 4915 om.
1270 4865 1296 4913 A
1316 4858 1329 4932 ΙΙ
1348 4861 1384 4914 23
1396 4863 1443 4934 γὰρ
1460 4863 1538 4916 καλΒ
1559 4863 1574 4933 ΙΙ
1593 4863 1725 4932 ἀποστρεμ·

369 4953 470 5003 videtur
494 4949 541 5020 (ῶς
563 4951 604 5004 ini
632 4953 696 5015 τῶν)
722 4949 860 5020 φιλοόντων
887 4948 943 5003 κτλ.
967 4947 981 5018 ΙΙ
1006 4951 1023 5004 8
1076 4949 1164 5018 μένους
1187 4951 1235 5003 AB
1259 4947 1274 5020 ΙΙ
1297 4946 1337 5002 διὰ
1363 4947 1419 5002 τότι
1445 4949 1587 5021 ήρικτικῶς
1608 4954 1631 5005 Β
1657 4947 1672 5020 ΙΙ
1695 4947 1725 5002 25

368 5037 491 5108 γίγνεσθαι
508 5041 531 5092 Β
551 5039 564 5109 ΙΙ
585 5038 618 5099 είς
637 5035 727 5097 ὕπνους
746 5043 772 5091 A
1074 5035 1180 5107 Πρῶτος
1197 5039 1221 5090 Β
