3708 5732
695 389 734 436 VI
770 389 818 438 DII
838 390 1047 444 PLUTARCHI
1066 394 1154 442 VITA
1173 394 1314 444 HOMERI

1031 562 1164 643 σημαίνει
1186 563 1239 644 γὰρ
1261 563 1313 645 τὴν
1331 563 1466 624 ἀνάλυσιν
1481 565 1522 633 εἰς
1537 566 1573 627 τὰ
1588 589 1686 649 γεννη-

1030 664 1095 726 τικὰ
1118 668 1248 748 στοιχεῖα
1270 668 1320 726 τού
1336 664 1452 733 παντός.
1477 668 1496 748 ἡ
1512 667 1544 728 δὲ
1559 666 1685 747 μάλιστα

1029 765 1145 848 ἀληθὴς
1167 764 1236 834 δόξα
1249 765 1376 850 τέσσαρα
1392 771 1522 852 στοιχεῖα
1537 766 1686 850 συνίστησι

1030 872 1086 950 πῦρ
1119 867 1192 950 ἀέρα
1227 868 1305 950 ὕδωρ
1338 873 1400 951 γῆν.
1445 873 1536 932 ταῦτα
1569 871 1601 932 δὲ
1634 871 1685 932 καὶ

1023 965 1150 1052 Ὅμηρος
1171 968 1256 1037 εἰδὼς
1278 969 1407 1052 φαίνεται
1435 972 1621 1054 μνημονεύων
1652 973 1684 1035 ἑν

1029 1074 1145 1140 πολλοῖς
1166 1071 1263 1134 αὐτῶν
1286 1071 1419 1134 ἑκάστου.

324 1174 471 1240 videmus
510 1172 719 1238 Plutarchum
757 1171 933 1254 anthologo
967 1173 1068 1238 multo
1101 1171 1292 1238 uberiorem.
1348 1173 1406 1239 sed
1444 1180 1479 1238 ut
1512 1174 1684 1256 intellegas

324 1275 514 1358 quantillum
543 1274 736 1340 delibaverit
757 1282 892 1356 uterquc
915 1294 955 1339 ex
982 1275 1158 1340 vetustiore
1183 1274 1348 1358 thesauro,
1371 1275 1499 1340 tertium
1527 1276 1683 1344 adhibeto

323 1379 521 1444 Heraclitum
544 1397 571 1442 υ.
588 1378 642 1442 22:
669 1378 798 1439 καὶτῶν
825 1381 955 1462 φυσικῶν
983 1378 1057 1440 κατὰ
1083 1378 1120 1440 τό
1147 1365 1281 1462 στοιχεῖα
1306 1379 1458 1459 δογμάτων
1484 1379 1526 1448 εἷς
1552 1381 1685 1464 ἀρχηγὸς

318 1477 443 1566 Όμηρος
553 1478 699 1561 Θάλητα
728 1478 779 1560 μέν
808 1502 840 1561 γε
868 1481 916 1542 τὸν
945 1477 1088 1562 Μιλήσιον
1116 1482 1288 1561 ὁμολογοῦσι
1314 1484 1429 1562 πρῶτον
1460 1482 1684 1566 ὑποστήσασθαι

322 1587 380 1646 τῶν
404 1584 479 1647 όλων
502 1583 678 1664 κοσμογύνον
702 1586 843 1665 στοιχεῖον
866 1583 899 1644 τὸ
922 1583 1011 1666 ὕδωρ.
1037 1583 1131 1665 ἡγὰρ
1154 1583 1226 1666 ὑγρὰ
1248 1583 1332 1666 φύσις
1353 1583 1489 1666 εὐμαρῶς
1512 1584 1552 1653 εἰς
1574 1585 1687 1648 ἕκαστα

323 1685 578 1767 μεταπλαττομένη
602 1685 673 1766 πρὸς
695 1685 727 1746 τὸ
750 1684 879 1746 ποικίλον
902 1683 992 1748 εἴωθε
1007 1684 1190 1768 μορφοῦσθαι
1209 1686 1319 1748 διὸ
1342 1687 1378 1769 δὴ
1401 1691 1453 1769 τῆς
1468 1688 1601 1770 τετράδος
1622 1693 1684 1750 τῶν

323 1787 476 1872 στοιχείων
499 1788 598 1870 ὥσπερ
620 1786 789 1849 αἰτιώτατον
814 1789 829 1850 ύ
852 1786 969 1870 Θάλης
991 1789 1160 1872 ἀπεφήνατο
1184 1784 1337 1872 [στοιχεῖον
1360 1786 1444 1874 εἶναι]
1466 1791 1499 1852 τὸ
1523 1790 1610 1873 ύδωρ.
1640 1790 1684 1859 τίς

322 1888 373 1952 οὖν
388 1890 522 1972 ἐγέννησε
536 1889 642 1970 ταύτην
665 1889 718 1972 τὴν
740 1887 837 1973 δόξαν;
860 1891 916 1975 οὐχ
933 1888 1077 1974 Ὅμηρος
1100 1890 1189 1954 εἰπών
1208 1888 1355 1958 ’Ὠκεανὸς
1378 1891 1467 1974 όσπερ
1488 1891 1596 1973 γένεσις
1613 1895 1683 1956 πάν-

321 2013 399 2056 τεσσι
414 1989 555 2055 τέτυκταί
584 2033 643 2053 ...
665 1991 727 2054 ἀλλ’
748 1994 763 2054 ὁ
788 1989 1024 2074 Κλαζομένιος
1045 1992 1272 2077 Ἀναξαγόρας
1294 1994 1369 2058 κατὰ
1384 1994 1524 2078 διαδοχὴν
1539 1997 1683 2078 γνώριμος

322 2095 362 2156 ὢν
385 2093 518 2177 Θάλητος
544 2093 693 2166 συνέζευξε
713 2101 756 2179 τῷ
786 2095 867 2158 ύδατι
894 2095 1026 2179 δεύτερον
1053 2103 1197 2182 στοιχεῖον
1223 2099 1275 2180 τὴν
1302 2102 1366 2180 γῆν,
1393 2097 1440 2159 ἵνα
1467 2095 1544 2179 ξηρῷ
1573 2098 1682 2182 μιχθὲν

322 2197 407 2280 ὑγρὸν
429 2196 459 2264 ἐξ
481 2197 636 2260 άντιπαλου
658 2197 774 2282 φύσεως
796 2197 837 2267 εἰς
859 2198 926 2280 μίαν
949 2199 1084 2279 ὁμόνοιαν
1106 2199 1272 2284 άνακραθῇ.
1292 2201 1340 2262 καί
1363 2199 1469 2282 ταύτην
1492 2199 1525 2262 δὲ
1539 2200 1592 2282 τὴν
1609 2201 1683 2264 ἀπό-

320 2317 407 2382 φασιν
429 2301 544 2381 πρῶτος
559 2295 711 2382 Ὅμηρος
733 2299 911 2383 ἐγεώργησεν
930 2298 1152 2386 Ἀναξαγόρᾳ
1175 2301 1327 2386 σπέρματα
1348 2307 1401 2386 τῆς
1419 2302 1545 2371 ἐπινοίας
1560 2305 1681 2386 χαρισά-

321 2421 404 2480 μενος
426 2399 456 2461 ἐν
479 2398 522 2468 οἷς
543 2421 630 2484 φησιν
1440 2417 1443 2423 “

449 2501 511 2566 ἀλλ’
535 2503 616 2584 ὑμεῖς
640 2503 691 2584 μὲν
713 2504 816 2573 πάντες
839 2503 917 2589 ύδωρ
938 2506 986 2568 καὶ
1008 2510 1077 2588 γαῖα
1098 2505 1240 2588 γένοισθε.

320 2609 377 2668 πᾶν
403 2605 456 2688 γὰρ
478 2606 511 2666 τὸ
534 2604 676 2689 φυόμενον
700 2604 733 2668 ἔκ
755 2629 838 2669 τινων
861 2607 901 2675 εἰς
923 2607 1014 2671 ταύτὰ
1041 2608 1193 2672 ἀναλύεται
1217 2607 1456 2692 διαφθειρόμενον
1479 2609 1603 2692 ὡσπερεὶ
1626 2613 1680 2691 τῆς

320 2707 435 2792 φύσεως
457 2706 659 2770 θιδεθάνεικεν
682 2709 712 2770 ἐν
734 2709 815 2792 ἀρχῇ
839 2709 913 2793 χρέα
935 2709 1128 2793 κομιζομένης
1150 2708 1197 2770 ἐπὶ
1219 2709 1294 2772 τέλει
1309 2753 1317 2768 .
1331 2712 1374 2774 διὸ
1398 2712 1434 2793 δὴ
1462 2716 1520 2780 τοῖς
1548 2707 1679 2781 Κλαζο-

320 2810 452 2892 μενίοις
474 2810 640 2892 δόγμασιν
663 2810 831 2893 ἑπόμενος
854 2809 1045 2896 Εὐριπίδης
1067 2811 1140 2896 φησί

447 2911 585 2996 χωρεῖθ’
609 2912 703 2977 ὀπίσω
725 2915 761 2976 τὰ
784 2915 836 2995 μὲν
858 2915 891 2977 ἐκ
913 2915 996 2996 γαίας

448 3013 528 3100 φύντ’
550 3013 591 3082 εἰς
613 3019 706 3096 γαῖαν,
729 3015 811 3079 τὰδ’
835 3015 883 3078 ἀπ’
907 3015 1038 3099 αἰθερίου

445 3115 604 3202 βλαστόντα
626 3122 711 3200 γονῆς
733 3119 774 3188 εἰς
796 3117 911 3202 αἰθέρα.

241 3275 246 3280 .
399 3219 511 3304 ἐσχάτη
534 3219 626 3281 τοίνυν
649 3219 704 3282 ὑπὸ
727 3225 785 3283 τῶν
806 3221 946 3304 μεγίστων
961 3220 1130 3306 φιλοσόφων
1152 3223 1171 3304 ἡ
1195 3223 1313 3286 τελεία
1334 3222 1456 3306 τετρὰς
1478 3223 1508 3286 ἐν
1530 3228 1590 3292 τοῖς
1606 3244 1680 3286 στοι-

317 3323 408 3408 χείοις
431 3321 653 3406 συνεπληρώθη.

404 3421 438 3487 Si
461 3422 617 3489 Heracliti
640 3425 867 3508 supplementa
892 3424 1114 3510 arcessiverie‚
1140 3425 1335 3492 simillimam
1358 3427 1601 3494 Heracleoneac
1623 3427 1681 3492 ha-

317 3526 409 3592 bebis
431 3525 698 3608 philosophorum
721 3527 847 3611 seriem,
870 3527 1017 3594 Thaletis
1036 3529 1252 3614 Xenophanie
1266 3529 1483 3611 Anaxagorae
1505 3527 1678 3612 Euripidis,

319 3627 435 3709 quibus
459 3647 499 3692 ex
521 3627 688 3711 superiore
711 3635 885 3712 conspectu
908 3627 950 3716 [p.
967 3627 1019 3716 89]
1035 3631 1249 3715 Empedocles
1271 3631 1440 3697 addendus
1459 3638 1518 3696 est.
1553 3636 1680 3696 constat

317 3728 416 3794 etiam
437 3727 488 3792 his
512 3727 697 3812 opinionum
720 3729 762 3795 ab
785 3732 1016 3796 elementorum
1039 3753 1173 3798 numero
1196 3734 1375 3816 procedens
1398 3731 1599 3816 enumeratio
1615 3731 1680 3795 Ho-

317 3830 461 3912 merique
483 3837 642 3914 perpetua
664 3833 875 3914 comparatio.
909 3835 966 3899 eed
989 3855 1069 3901 sano
1092 3836 1205 3901 ordine
1227 3835 1399 3902 aThalete
1421 3833 1456 3900 fit
1476 3833 1678 3918 principium.

316 3953 395 4015 ergo
422 3932 562 3999 deducta
589 3939 639 3999 est
664 3932 753 3998 illinc
780 3934 927 4000 turbatus
954 3937 1153 4020 grammatici
1182 3938 1440 4004 commentarius.
1478 3935 1579 4019 quid?
1606 3936 1678 4019 ipso

317 4033 473 4100 Heracliti
490 4055 599 4101 errore
615 4035 777 4118 antiquior
791 4037 937 4120 patefieri
958 4039 1087 4104 videtur
1110 4039 1209 4122 erige.
1232 4039 1461 4124 Anaxagoram
1483 4039 1569 4104 enim
1591 4038 1679 4121 quod

318 4139 396 4206 dicii
420 4146 462 4226 τῷ
489 4139 569 4202 ύδατι
592 4139 724 4223 δεύτερον
747 4144 888 4226 στοιχεῖον
903 4141 956 4224 τὴν
972 4146 1026 4226 γῆν
1047 4140 1202 4226 iunxisse,
1225 4141 1397 4208 manifesto
1413 4161 1522 4208 errore
1537 4159 1557 4205 a
1572 4141 1681 4206 Xeno·

317 4242 425 4326 phane
442 4240 625 4306 traductum
641 4247 699 4324 eet,
721 4261 816 4323 quem
831 4261 897 4306 non
912 4243 1016 4308 solum
1030 4243 1102 4330 ipsa
1118 4241 1265 4309 doctrina
1280 4243 1339 4310 sed
1355 4243 1452 4310 etiam
1468 4250 1678 4326 cognatorum

316 4343 507 4426 scriptorum
530 4343 687 4408 memoria
708 4348 875 4408 monstrat.
921 4344 1007 4411 unde
1029 4345 1092 4410 ista
1115 4343 1285 4412 confusio?
1318 4365 1435 4430 nempe
1457 4367 1498 4412 ex
1520 4351 1678 4430 perpetua

317 4444 536 4526 Anaxagorae
559 4463 629 4508 cum
646 4443 828 4528 Euripideie
843 4445 990 4512 versibus
1013 4445 1061 4533 [fr.
1077 4445 1198 4534 836th
1214 4447 1448 4532 coniunctione,
1471 4467 1568 4530 quam
1583 4453 1680 4514 testa

316 4553 368 4612 tur
389 4545 503 4610 Aetius
526 4545 610 4610 VI9
629 4553 645 4606 3
669 4549 709 4616 ὡς
732 4549 779 4610 καί
803 4547 997 4634 Ἀναξαγόρας
1020 4552 1068 4614 καί
1091 4548 1250 4635 Εὐριπίδης
1272 4549 1399 4636 θνήσκει
1417 4551 1441 4615 θ’
1459 4551 1543 4615 οὐδὲν
1559 4549 1677 4613 -έπέ-

315 4647 421 4718 δειξεν’.
457 4647 556 4730 quid?
579 4649 664 4730 quod
686 4649 850 4733 antiquior·
861 4651 1027 4716 Vitruvius
1041 4651 1120 4717 VIII
1141 4651 1242 4736 praef.
1267 4655 1335 4732 §12
1362 4655 1531 4736 Euelpides
1552 4653 1680 4717 auditor

314 4753 528 4832 Aaacaqorcc
551 4772 638 4836 quem
658 4753 872 4837 philosopham
887 4755 1088 4818 Athenienses
1109 4757 1287 4818 scaenicum
1309 4759 1544 4838 appellaverant
1559 4775 1636 4820 acro
1652 4765 1681 4816 ct

315 4865 429 4918 terram
452 4854 537 4920 ...¹
561 4852 744 4938 aequalium
767 4855 942 4920 amicitiam
966 4855 1071 4922 eidem
1092 4854 1273 4938 fragmento
1297 4857 1473 4942 praemisit.
1517 4857 1558 4922 de
1588 4855 1677 4922 Euri-

386 4993 397 5025 ⁴
415 5006 537 5047 seorrntur
556 5001 582 5046 lu
601 4999 735 5046 Vitruvio:
754 4995 958 5059 Pythagoras
977 4996 1191 5060 Empedocleo
1210 4996 1423 5059 Epicharmus
1441 4998 1485 5048 1v
1504 4997 1678 5046 elemento-

1834 822 1847 1329 γ
