3710 5730
323 441 364 503 34
431 485 446 509 ,
608 442 706 490 rnn
728 441 996 493 rrmrsnrrrasu
1016 440 1200 490 sermones
1221 439 1391 490 usmarus

321 607 418 690 priori
448 607 543 672 classi
569 607 796 689 Mesqnensem
823 607 991 689 adsignari
1022 608 1169 689 quamvis
1198 610 1291 691 plura
1317 607 1437 690 scripta
1466 609 1679 690 complexum,

321 711 394 774 ideo
422 709 542 774 factum
572 730 644 775 esse
675 710 769 792 scito,
804 710 879 791 quia
906 710 988 774 alter
1018 709 1087 773 cod.
1110 708 1313 792 hiosquensis
1342 729 1373 774 n.
1394 708 1455 773 387
1483 728 1507 773 s.
1531 709 1608 794 XII,
1639 729 1680 774 ex

320 811 458 877 Athenis
484 812 678 877 monasterio
706 810 876 894 Batopedii
903 811 1092 896 translatus,
1123 812 1254 877 eosdem
1282 809 1396 877 eodem
1419 810 1532 876 ordine
1553 811 1680 877 eadem-

320 934 382 997 que
410 914 479 980 iere
509 914 727 998 discrepantia
758 913 936 996 scripturae
965 913 1107 980 continet
1138 911 1303 978 Plutarchi
1334 913 1449 996 libros,
1482 933 1563 996 quos
1592 914 1679 998 prior

319 1017 521 1099 Mosquensis
544 1017 616 1100 329,
640 1014 698 1080 sed
719 1015 836 1079 desunt
859 1015 997 1080 Placita:
1019 1015 1106 1081 unde
1128 1035 1200 1080 cum
1222 1023 1348 1082 constet
1368 1016 1498 1082 saeculo
1515 1015 1580 1081 XII
1602 1037 1679 1082 non·

319 1119 394 1184 dum
422 1119 591 1184 Moralium
617 1136 734 1201 corpus
762 1116 906 1182 extitisse
933 1117 1057 1182 Placita
1090 1118 1184 1183 simul
1206 1137 1277 1183 cum
1301 1119 1415 1185 ethicis
1444 1137 1528 1202 quae
1550 1119 1679 1202 proprie

318 1221 406 1286 dicta
428 1229 501 1286 sunt
523 1221 650 1304 scriptis
665 1219 877 1303 complexum,
901 1219 943 1284 ab
958 1219 986 1283 Α
1002 1220 1121 1285 codicis
1143 1221 1297 1304 scriptore
1312 1221 1383 1305 ipso
1402 1222 1531 1288 demum
1553 1221 1679 1285 Placita

319 1331 491 1408 prototypo
515 1325 554 1388 21
580 1322 732 1387 librorum
755 1323 933 1405 exemplari
955 1321 1101 1406 praefixa
1123 1342 1196 1388 esse
1216 1329 1363 1406 apparet.

182 1453 185 1458 ·
267 1428 292 1491 B
362 1427 582 1491 Marcianus
604 1425 665 1488 521
690 1419 840 1509 [xant]
863 1423 1083 1510 bombycinus,
1106 1425 1209 1490 forma
1231 1424 1405 1509 quadrata,
1432 1424 1583 1491 foliorum
1604 1427 1677 1510 200,

317 1549 467 1596 versuum
489 1527 556 1594 fere
580 1527 635 1610 32,
658 1526 795 1609 scriptus
818 1525 963 1608 pluribus
986 1528 1188 1592 saeculorum
1210 1528 1286 1593 XIV
1309 1535 1342 1592 et
1363 1527 1424 1592 XV
1446 1529 1603 1594 manibus.
1637 1547 1677 1593 cx

317 1631 436 1716 libris„
458 1652 539 1714 quos
572 1627 715 1695 continet
748 1627 851 1694 codex
884 1636 1090 1694 enumeratos
1122 1649 1143 1694 a
1175 1629 1338 1712 Zanettio,
1378 1629 1421 1695 ab
1454 1630 1677 1713 antiquissimo

316 1734 446 1799 librario
470 1733 573 1818 primo
591 1733 663 1795 loce
685 1729 707 1794 f.
725 1732 742 1792 1
757 1741 809 1774 ‘-
823 1731 885 1794 19Γ
908 1731 1032 1796 Placita
1054 1732 1143 1797 tenui
1165 1739 1197 1799 et
1219 1752 1318 1815 saepe
1340 1731 1579 1816 compendiario
1596 1732 1678 1798 litte

316 1856 423 1900 rarum
439 1853 559 1918 genere
575 1837 709 1898 exarata
721 1839 805 1896 sunt.
832 1832 942 1914 priora
956 1833 1035 1900 folia
1051 1835 1184 1900 madore
1200 1833 1357 1900 coniecta.
1384 1835 1451 1900 iota
1463 1834 1677 1918 subscriptum

314 1938 383 2004 fere
415 1937 567 2003 omissum
597 1941 655 2001 est.
701 1933 807 1998 hiatus
832 1936 921 1999 nullo
949 1937 1056 2002 studio
1078 1937 1198 2002 vitatus
1221 1945 1256 2002 ut
1278 1939 1311 2000 δὲ
1332 1939 1365 2000 τὲ
1387 1938 1458 2000 ποτὲ
1480 1938 1578 2002 ctiam
1601 1943 1677 2002 ante

315 2040 445 2106 vocales
472 2038 758 2123 perscriberentur.
803 2043 965 2102 vetustum
994 2040 1161 2122 exemplar
1191 2059 1256 2104 non
1288 2058 1463 2122 numquam
1489 2039 1595 2105 scriba
1622 2060 1678 2104 nu-

315 2161 420 2206 meros
449 2141 586 2222 margini
611 2139 805 2203 maiusculos
832 2139 1039 2222 adpingendo
1066 2139 1208 2206 imitatus
1237 2149 1295 2208 cst.
1342 2161 1382 2208 ex
1410 2140 1525 2208 eodem
1553 2140 1677 2206 scholia

314 2243 508 2326 transcripta
530 2247 604 2306 sunt
629 2247 697 2304 tum
720 2240 818 2306 exilia
845 2241 1053 2308 interlineas
1075 2249 1142 2306 tum
1164 2245 1324 2328 ampliora
1346 2245 1379 2308 in
1402 2243 1600 2326 marginibus
1621 2264 1677 2308 nu-

314 2345 410 2410 meris
439 2343 597 2428 adpositis
624 2342 668 2407 ad
694 2342 866 2408 continuae
887 2345 1065 2428 scripturae
1096 2365 1194 2412 voces
1221 2347 1334 2412 relata.
1379 2353 1549 2428 utrumque
1574 2364 1677 2428 genus

314 2447 495 2532 Byzantina
524 2445 735 2530 grammatico
762 2445 897 2510 debetur
919 2448 1073 2530 aequales
1096 2449 1150 2512 vol
1171 2449 1377 2530 glossematis
1398 2449 1452 2514 rel
1474 2447 1676 2513 scholasticis

313 2549 608 2634 interpretamentis
629 2549 778 2633 ducturo,
804 2549 892 2613 nullo
914 2556 1024 2616 tamen
1050 2559 1161 2618 nostro
1184 2552 1280 2616 usu.l
1323 2551 1444 2616 contuli
1467 2550 1538 2634 ipse
1560 2549 1675 2614 librum

236 2695 241 2706 ·
313 2653 537 2719 liberalissime
560 2651 703 2719 Venetiis
725 2651 768 2716 ad
791 2671 843 2716 me
865 2653 1097 2719 transmissum.

398 2755 463 2820 AB
496 2755 623 2821 codices
649 2760 716 2819 tam
743 2753 865 2820 similes
893 2763 967 2820 eunt
993 2763 1029 2820 ut
1050 2775 1091 2822 ex
1113 2755 1292 2841 archetypo
1316 2777 1382 2822 non
1405 2758 1477 2841 ipso
1502 2755 1560 2821 sed
1581 2755 1677 2820 inter-

313 2857 449 2923 cedente
471 2857 536 2922 alio
559 2863 713 2939 tanquam
736 2863 872 2940 nepotes
893 2859 1042 2940 prognati
1065 2858 1271 2924 existimandi
1297 2859 1370 2925 sint.
1415 2857 1600 2925 testimonio
1622 2863 1672 2922 est

313 2962 366 3026 vel
393 2959 474 3024 illud
496 2958 583 3040 quod
604 2957 706 3024 1v19
725 2967 741 3020 3
771 2961 800 3022 ul
823 2961 973 3044 ἐπιμήκεις
996 2960 1102 3044 spatio
1124 2960 1237 3027 relicto
1260 2963 1410 3028 omittunt
1431 2961 1510 3046 AB,
1533 2960 1671 3025 retinent

312 3063 463 3144 vulgares
485 3061 568 3126 libri.
611 3062 739 3128 illorum
762 3069 871 3127 autem
898 3069 969 3126 uter
998 3063 1061 3127 utri
1083 3071 1228 3147 praestet
1254 3064 1384 3130 difficile
1405 3069 1456 3130 est
1477 3062 1574 3127 dictu.
1619 3079 1672 3126 rc

311 3164 426 3229 tustior
448 3163 634 3245 diligentius
657 3171 706 3231 est
728 3163 910 3247 descriptus
931 3185 992 3230 nec
1011 3171 1121 3230 tamen
1142 3164 1184 3230 ab
1198 3165 1451 3249 interpolatione
1466 3165 1564 3248 plane
1578 3159 1670 3246 liber,

310 3265 400 3332 velut
421 3265 466 3331 IV
482 3267 521 3331 21
544 3277 561 3327 4
588 3267 655 3346 ἕως,
683 3268 770 3332 194
797 3267 964 3330 ἀνείδωλον.
1008 3266 1160 3332 Bmulto
1193 3267 1419 3350 neglegentius
1453 3271 1606 3332 exaratus
1638 3271 1672 3329 et

310 3367 596 3452 interpolationem
607 3369 743 3453 plenior.
767 3377 802 3436 at
813 3368 951 3436 feliciter
963 3367 1089 3455 accidit,
1102 3375 1137 3434 ut
1150 3367 1264 3435 eadem
1275 3367 1398 3434 librarii
1411 3367 1594 3452 oscitantia,
1606 3387 1670 3451 qua

309 3471 514 3554 apertissima
538 3473 736 3554 glossemata
758 3491 858 3557 saepe
880 3469 1093 3537 insulsissime
1115 3471 1277 3536 inculcata
1296 3477 1384 3556 sunt,
1407 3469 1492 3536 inter
1512 3469 1670 3554 reliquam

308 3571 488 3638 istiusmodi
510 3573 708 3658 farraginem
730 3575 885 3658 antiquae
913 3573 1087 3638 memoriae
1110 3573 1267 3656 plurimae
1289 3573 1401 3639 variae
1424 3573 1581 3640 lectiones
1602 3571 1670 3638 ieli-

308 3674 435 3740 cisrime
453 3685 669 3743 narrarentur.
705 3683 803 3760 atque
818 3675 901 3740 haec
918 3681 968 3740 est
983 3675 1115 3758 propria
1130 3675 1286 3742 Marciani
1309 3677 1421 3742 virtus.
1455 3693 1562 3758 neque
1585 3671 1670 3739 enim

308 3779 449 3844 dubitari
472 3787 597 3865 potest,
628 3779 705 3863 quin
728 3778 898 3863 archetypi
921 3795 996 3842 oras
1019 3777 1177 3862 plurimae
1199 3779 1443 3846 emendationes
1465 3777 1534 3844 sire
1557 3776 1669 3842 variae

307 3879 462 3946 lectiones
484 3881 699 3968 impleverint,
723 3901 808 3964 quae
830 3901 902 3946 cum
924 3879 1064 3945 divinari
1086 3901 1151 3946 non
1174 3881 1269 3947 facile
1291 3881 1432 3964 possint,
1455 3899 1496 3946 ex
1518 3879 1667 3962 exemplo

306 3981 472 4064 antiquam
501 3984 655 4069 διόρθωσιν
682 4004 779 4068 passo
812 3981 1011 4067 repetendae
1043 3989 1126 4046 sunt.
1171 3982 1328 4050 eiusmodi
1360 3981 1516 4048 lectiones
1550 3979 1668 4065 partim

306 4091 385 4148 nota
416 4085 452 4170 r?
479 4085 653 4169 insignitae
680 4091 841 4172 apparent
867 4085 901 4149 in
930 4085 1077 4148 Alsa
1109 4090 1226 4170 γνώμην
1254 4084 1416 4168 utsupra
1442 4105 1473 4168 p.
1489 4083 1523 4168 9,
1551 4081 1668 4148 1124

306 4193 456 4270 corrupto
489 4189 573 4273 φύσει
602 4191 640 4254 οὐ
674 4191 768 4255 redcat
796 4208 908 4255 verum
936 4190 951 4252 ὃ
981 4189 1233 4273 superscriptum
1263 4187 1363 4254 fuisse
1391 4206 1433 4253 cx
1464 4186 1493 4250 A
1521 4185 1667 4272 eflicitur,

304 4289 403 4353 1321
435 4293 451 4354 ὁ
480 4291 513 4354 δὲ
540 4293 608 4362 θεὸς
635 4298 701 4363 νοῦς
729 4295 789 4358 ἐστι
819 4296 871 4354 τοῦ
900 4290 1012 4372 κόσμου
1041 4309 1082 4355 ex
1112 4290 1284 4356 emendato
1311 4289 1460 4373 exemplo
1487 4287 1571 4354 falso
1594 4289 1666 4354 loco

304 4387 502 4475 adscriptum
525 4399 584 4458 est.
628 4395 763 4476 vulgata
789 4397 973 4476 corruptam
1000 4391 1172 4457 lectionem
1201 4390 1262 4456 ἔστι
1288 4393 1321 4455 δὲ
1344 4395 1360 4456 ὁ
1382 4393 1452 4461 θεὸς
1473 4393 1490 4454 ὁ
1513 4396 1579 4461 νοῦς
1607 4409 1666 4456 suo

304 4493 376 4556 loce
407 4501 480 4578 post
506 4497 558 4580 τὴν
586 4495 664 4560 ἰδέαν
692 4495 898 4580 exhibuerat,
927 4494 961 4558 in
989 4493 1079 4558 cuius
1105 4494 1209 4560 vicem
1235 4495 1293 4560 illa
1315 4493 1513 4578 postliminio
1540 4491 1665 4558 reduxi.

378 4683 383 4714 ¹
405 4687 487 4750 qualis
501 4687 578 4737 bomo
592 4689 669 4738 luerit
681 4687 821 4736 scholiasta
839 4700 871 4733 err
890 4685 939 4732 boc
958 4684 990 4734 de
1004 4683 1118 4748 Epicuro
1138 4683 1238 4747 (131s)
1257 4685 1351 4736 iudicio
1371 4683 1518 4749 intellegas:
1538 4678 1611 4738 οὗτος
1628 4679 1664 4749 μὴ

301 4767 457 4840 προνοεῖσθαι
475 4771 517 4822 τὸν
540 4769 597 4824 θεὸν
624 4777 676 4823 τῶν
703 4769 762 4840 τῇδε
789 4769 942 4838 πραγμάτων
965 4765 1085 4828 ἐδόξαζεν.
1114 4768 1186 4828 οὗτος
1207 4769 1278 4828 τέλος
1300 4768 1391 4828 παντὸς
1410 4766 1505 4838 ἀγαθοῦ
1528 4764 1602 4821 ἐτίθει
1620 4766 1667 4837 τὴν

301 4857 399 4927 ἡδονήν.
419 4859 463 4911 οιαὶ
481 4859 504 4911 οἱ
523 4861 567 4927 μὲν
587 4858 736 4928 ἐξηγηταὶ
754 4863 816 4908 τῶν
834 4854 1012 4926 φιλοσόφων
1030 4853 1140 4924 λέγουσιν
1159 4855 1188 4907 ab
1207 4856 1253 4924 τὴν
1272 4851 1427 4926 ἀκάθαρτὸο,
1451 4851 1514 4908 ἀλλὰ
1532 4854 1579 4924 τὴν
1596 4869 1666 4925 φυσι-

300 4947 422 5014 κωτάτην
447 4945 565 4998 ἔνοταοιν.
585 4945 607 4996 ol
630 4945 656 4997 δὲ
679 4943 809 5014 φιλόσοφοι
831 4948 920 4995 τοῦτον
943 4943 1181 5014 ἀποοκορακίζοοσιν
1204 4941 1239 5002 ὡς
1258 4943 1294 5014 μὴ
1313 4941 1416 5013 λέγοντα
1433 4941 1549 5014 πρόνοιαν
1566 4943 1610 4996 ani
1629 4940 1667 4995 ὅτι

300 5029 370 5089 τέλος
388 5030 483 5083 τίθεται
501 5033 547 5102 τὴν
566 5031 656 5101 ἡδονὴν
675 5032 718 5083 καὶ
737 5030 766 5082 ab
785 5029 813 5082 τὸ
832 5029 971 5100 πρώτιστον
990 5030 1032 5082 καὶ
1051 5030 1126 5098 μόνον
1144 5027 1237 5099 ἀγαθὸν
1255 5027 1314 5101 irrep
1333 5031 1398 5084 ierit
1416 5029 1429 5084 ὁ
1448 5028 1512 5090 θοός.
