3756 5736
741 402 1017 454 Pnonneomnuu
1490 404 1553 472 243

197 566 397 632 enchiridion
425 566 526 632 fatum
555 568 648 634 nobis
676 569 806 654 invidit,
837 569 967 652 dequo
995 569 1135 653 loquitur
1157 589 1183 634 c.
1201 571 1241 635 16
1264 573 1319 635 ὅσα
1346 573 1397 654 μὲν
1420 574 1496 644 εἰκὸς
1518 577 1554 662 ἦν

196 671 260 753 περὶ
282 675 341 732 τῶν
364 671 574 734 συντελούντων
597 671 638 740 εἰς
659 672 692 734 τὸ
707 674 821 754 λογικὸν
838 673 924 758 μέρος
938 679 991 758 τῆς
1005 673 1176 759 φιλοσοφίας
1191 675 1281 736 εἰπεῖν
1296 675 1419 760 ἑτέρωθι
1435 679 1555 762 διῆλθον

196 773 245 836 διὰ
266 771 418 836 πλειόνων.
826 771 830 779 ’
1559 790 1561 794 ’

282 874 450 958 adscripsi
466 874 552 938 hunc
574 875 678 940 locum
695 875 790 941 simul
807 896 847 942 ea
862 876 903 942 de
918 895 1043 961 caussa,
1066 877 1153 960 quod
1176 879 1328 946 ordinis
1350 879 1555 946 manifestum

200 976 309 1060 prodit
336 976 499 1042 indicium.
542 997 618 1042 nam
645 977 678 1042 iu
707 977 870 1044 codicibus
896 998 961 1043 non
987 979 1083 1045 modo
1114 983 1216 1065 ο.16,
1249 1003 1312 1065 quo
1346 983 1389 1048 ad
1420 982 1557 1067 physica

196 1079 352 1145 transitus
367 1077 412 1163 fit,
435 1079 493 1144 sed
510 1079 607 1144 etiam
624 1082 662 1144 11
681 1081 722 1145 18
739 1082 778 1146 19
795 1087 827 1146 et
841 1079 929 1163 quod
943 1081 1084 1164 ineptius
1100 1088 1149 1148 est
1166 1083 1206 1147 15
1221 1083 1262 1148 de
1281 1084 1557 1150 demonstratione

198 1182 312 1249 mediis
323 1181 467 1266 physicis
478 1187 552 1265 post
564 1201 591 1247 c.
603 1183 645 1247 35
656 1181 862 1248 immiscetur.
885 1203 963 1266 ergo
976 1183 1138 1250 turbatam
1150 1205 1222 1251 esse
1234 1185 1404 1269 pristinam
1415 1185 1556 1269 capitum

198 1284 445 1352 collocationem
467 1284 633 1368 cumipse
655 1285 737 1351 ratio
760 1291 828 1350 tum
849 1285 907 1350 illa
930 1285 1095 1369 scriptoris
1117 1286 1219 1352 verba
1241 1289 1392 1352 clamant.
1437 1295 1470 1353 et
1491 1289 1557 1353 ani-

198 1409 285 1453 mum
307 1387 448 1453 advertit
463 1385 643 1452 Martianus
658 1381 751 1471 Rota,
775 1388 829 1470 qui
852 1395 961 1454 tamen
976 1389 1162 1455 turbulenta
1176 1389 1408 1473 transponendi
1423 1389 1557 1458 libidine

198 1510 267 1555 rem
295 1490 393 1555 etiam
420 1490 523 1572 magis
550 1489 717 1573 implicuit.
752 1490 841 1556 cuius
868 1490 1014 1556 ordinem
1043 1490 1150 1556 sanxit
1177 1489 1365 1556 Charterius
1393 1499 1426 1558 et
1454 1492 1558 1558 editor

199 1591 391 1676 Lipsiensis,
418 1591 523 1656 donee
544 1591 763 1657 Laurentiano
785 1598 949 1676 protracto
971 1592 1061 1657 fraus
1083 1591 1249 1676 patefacta
1271 1599 1330 1678 est,
1353 1593 1439 1659 unde
1461 1593 1558 1660 facile

199 1702 270 1760 erat
292 1693 435 1760 erroneis
457 1693 527 1758 istis
550 1693 709 1777 capitibus
731 1713 823 1758 suum
845 1695 1014 1777 assignare
1036 1695 1151 1760 locum.
1185 1693 1345 1778 prioribus
1366 1696 1447 1761 meis
1464 1715 1558 1779 argu-

199 1795 316 1862 mentis
339 1796 394 1878 [de
409 1795 483 1862 Gal.
498 1796 537 1860 H.
554 1795 609 1879 ph.
631 1817 662 1878 p.
681 1797 721 1859 16
733 1797 815 1879 sqq]
838 1817 934 1861 unum
958 1797 1054 1880 addo,
1078 1796 1165 1880 quod
1187 1817 1214 1862 c.
1231 1799 1272 1862 35
1295 1797 1350 1862 ὅσα
1372 1797 1435 1861 κατ’
1464 1801 1558 1884 ἀρχὰς

199 1900 263 1982 περὶ
286 1899 358 1962 θεοῦ
373 1898 503 1983 λέγοντες
517 1899 780 1982 παραλελοίπαμεν,
803 1905 895 1963 ταῦτα
909 1903 958 1962 νῦν
973 1900 1095 1984 ἐροῦμεν
1116 1899 1257 1965 absurde
1279 1907 1473 1986 moneretur,
1496 1902 1558 1966 nisi

199 2003 271 2085 ipsa
293 2000 375 2066 haec
398 2001 514 2084 capitis
531 2001 571 2065 16
594 2001 635 2066 1ο
657 2000 719 2066 deo
741 2001 918 2084 disputatio
941 2001 1029 2084 prius
1052 2002 1137 2066 lecta
1159 2007 1254 2067 esset.
1289 2023 1329 2068 ex
1351 2002 1473 2068 eisdem
1490 2024 1559 2069 ver-

201 2103 249 2168 bis
272 2101 361 2168 haud
383 2101 449 2166 scio
472 2121 515 2166 an
537 2108 681 2168 nauatae
703 2103 789 2169 sedis
812 2121 911 2168 causa
932 2109 1102 2187 appareat.
1135 2104 1244 2188 capita
1260 2105 1385 2169 16-19
1407 2111 1440 2170 et
1463 2106 1504 2170 15
1525 2105 1559 2170 in

200 2205 271 2270 cod.
286 2205 325 2290 A,
348 2210 383 2269 ut
404 2203 467 2270 hoc
489 2211 572 2288 utar,
594 2204 706 2271 folium
730 2205 977 2288 sesquialterum
999 2207 1175 2290 complent,
1203 2225 1286 2288 quae
1309 2205 1336 2270 si
1358 2205 1401 2271 ad
1423 2206 1559 2272 duomm

200 2307 349 2372 foliorum
376 2307 516 2390 spatium
543 2307 676 2373 diducta
703 2307 807 2390 fingas
829 2306 951 2393 (potest
973 2315 1082 2374 autem
1103 2308 1224 2374 tactum
1248 2328 1320 2375 esse
1342 2315 1378 2373 ut
1400 2309 1559 2392 quaedam

200 2407 458 2494 interciderent),
485 2409 707 2492 quaternionis
735 2429 893 2493 compage
920 2411 1028 2476 solnta
1054 2412 1251 2495 plagulaque
1273 2430 1410 2476 excussa
1436 2411 1561 2478 incerta

201 2511 280 2578 sede
303 2510 516 2593 vagabantur.
561 2513 647 2594 quod
675 2512 702 2576 si
724 2511 793 2577 fieri
815 2511 960 2594 potuisse
982 2513 1140 2598 concedis,
1164 2513 1318 2596 quidnam
1340 2511 1472 2578 librario
1493 2533 1560 2578 non

203 2614 276 2679 dico
307 2613 402 2678 docto
434 2613 492 2678 sed
519 2613 573 2696 qui
601 2613 766 2697 scriptoris
795 2614 896 2679 verba
922 2614 1125 2698 intellegeret
1154 2615 1288 2700 pronius
1316 2621 1387 2680 erat
1415 2607 1561 2698 magisve

202 2715 444 2798 ignoscendum,
468 2735 564 2797 quam
588 2717 675 2799 quod
698 2715 951 2799 disputationem
966 2716 1007 2782 de
1022 2717 1084 2783 deo
1099 2719 1171 2782 loco
1186 2725 1307 2784 motam
1322 2717 1420 2802 capiti
1436 2719 1477 2783 35
1496 2719 1561 2804 περὶ

202 2821 274 2883 θεοῦ
302 2817 479 2884 adnexuit?
511 2819 781 2902 transpositorum
809 2819 952 2903 capitum
978 2818 1083 2902 qualis
1109 2817 1205 2884 fuerit
1234 2820 1319 2886 inter
1346 2839 1382 2885 se
1409 2839 1562 2904 conexus,

203 2921 341 2987 liberum
363 2919 592 2986 coniectaturis
615 2921 772 3004 relinquo.
807 2941 906 2986 unum
928 2927 978 2987 est
992 2925 1141 3004 apertum
1156 2920 1326 3006 archetypi
1341 2921 1562 2988 condicionem

202 3023 304 3088 fuisse
325 3021 499 3106 pessimam
522 3029 620 3106 atque
642 3022 735 3088 varia
757 3023 963 3108 corruptione
985 3022 1204 3089 infelicissime
1227 3027 1389 3088 vexatam.
1427 3024 1563 3090 lacunae

204 3132 261 3192 aut
283 3124 446 3192 indicatae
467 3132 524 3191 aut
546 3125 768 3192 dissimulatae
791 3126 1009 3211 compluriens
1031 3132 1204 3210 apparent,
1231 3125 1322 3190 nulla
1344 3123 1447 3190 maior·
1467 3147 1563 3209 quam

202 3227 236 3293 in
258 3247 330 3311 cap.
347 3229 377 3292 3.
411 3235 641 3294 enumerantur
664 3227 750 3293 enim
772 3229 1010 3296 successionum
1028 3227 1139 3294 variae
1154 3227 1253 3310 vices,
1276 3245 1357 3308 quas
1373 3233 1448 3311 post
1463 3228 1565 3294 Phae

203 3331 322 3396 donem
344 3329 532 3397 Elidensem
554 3330 740 3396 Anaxarchi
763 3330 883 3396 mentio
906 3331 1134 3414 intempestive
1153 3328 1326 3412 intercipit.
1360 3329 1457 3412 paulo
1480 3327 1565 3394 intra

204 3432 494 3518 Peripateticorum
516 3431 661 3498 familiae
676 3433 835 3516 Epicurus
850 3431 1152 3515 contubemalisque
1169 3430 1372 3496 Metrodorus
1389 3429 1566 3513 adiungun-

203 3541 266 3600 tur.
300 3533 355 3618 qui
378 3534 572 3618 simulatque
593 3533 751 3599 nominati
774 3540 862 3619 sunt,
891 3555 966 3601 eece
993 3535 1035 3600 de
1057 3533 1149 3599 caelo
1172 3533 1327 3616 delapsus
1350 3531 1565 3617 Pythagoras.

205 3637 324 3703 deinde
338 3642 454 3720 aperta
477 3643 526 3702 est
548 3637 676 3720 lacuna,
699 3643 774 3719 post
796 3655 892 3718 quam
908 3636 1042 3702 Italicae
1066 3635 1281 3701 successionis
1297 3633 1397 3701 series
1412 3633 1495 3699 iusto
1511 3633 1565 3700 filo

204 3739 247 3803 ad
274 3741 488 3822 Protagoram
515 3759 616 3820 usque
645 3737 802 3821 perducta
831 3743 890 3804 est.
934 3739 988 3822 qui
1016 3738 1102 3803 idem
1132 3744 1263 3821 praeter
1290 3735 1566 3821 exspectationem

205 3861 324 3924 agmen
352 3840 482 3907 claudit.
530 3841 594 3904 iam
622 3839 732 3905 confer
758 3860 829 3904 oum
856 3839 1039 3906 tristissima
1066 3839 1319 3923 perturbationis
1341 3837 1482 3921 imagine
1505 3838 1568 3902 sin-

206 3962 315 4008 cerum
345 3941 558 4025 capitulorum
586 3941 746 4026 ordinem,
774 3961 868 4024 quem
896 3941 1075 4008 certissima
1096 3940 1224 4008 ratione
1245 3939 1452 4007 restituimus.
1498 3960 1568 4024 per·

206 4046 326 4130 spicios
355 4045 475 4110 vetusti
503 4045 576 4110 libri
601 4043 714 4110 folium
743 4041 906 4125 quoddam
934 4042 997 4108 situ
1027 4063 1191 4108 corrosum
1221 4043 1417 4127 discerptum
1440 4061 1512 4108 esse
1534 4041 1569 4106 in

208 4147 413 4232 panniculos,
452 4167 587 4230 quorum
617 4165 693 4230 para
726 4145 861 4232 interiit,
895 4146 951 4211 alii
983 4151 1134 4230 prompta
1166 4145 1327 4211 medicina
1354 4164 1375 4209 a
1403 4143 1568 4208 librariolo

207 4249 325 4316 hiulcis
346 4249 535 4316 vulneribus
558 4257 721 4333 tamquam
743 4247 922 4316 linamenta
942 4247 1052 4314 iniarti
1075 4254 1158 4313 sunt.
1194 4248 1253 4314 sed
1269 4248 1322 4313 vel
1336 4245 1422 4311 hanc
1437 4265 1570 4330 operam

207 4353 284 4419 boni
300 4353 541 4419 consuleremus
556 4389 598 4400 -
612 4351 708 4418 facile
731 4359 781 4418 est
800 4351 885 4418 enim
900 4349 1053 4418 resuendi
1068 4348 1234 4432 negotium
1248 4385 1291 4396 —
1305 4349 1402 4414 modo
1417 4345 1459 4412 ab
1474 4347 1571 4412 inter·

206 4455 428 4540 polationibns
447 4454 667 4539 abstinuisset,
688 4473 772 4537 qnae
786 4453 860 4537 ipsa
879 4453 1025 4520 oratione
1041 4451 1244 4536 Byzantinae
1259 4450 1431 4517 barbariae
1451 4447 1571 4513 indicia

207 4555 357 4640 produnt.
393 4557 448 4620 eloi
472 4558 505 4621 δὲ
526 4561 585 4621 τῶν
606 4556 816 4642 γενναιοτέρων
832 4556 1000 4643 φιλοσόφων
1023 4555 1151 4624 ἴνδικες
1174 4555 1236 4634 δύο,
1257 4555 1331 4624 τινὲς
1347 4554 1399 4637 μὲν
1412 4549 1570 4616 Ἰταλιῶται

209 4661 250 4722 ὧν
278 4659 453 4744 Πυθαγόρας
480 4661 598 4746 εὑρετὴς
625 4659 774 4743 γεγένηται
804 4659 852 4722 καὶ
881 4661 897 4723 ὁ
924 4659 999 4722 κατὰ
1026 4659 1079 4742 τὴν
1103 4655 1218 4720 Ἐλαίαν
1247 4657 1391 4739 ἀκμάσας.
1424 4653 1571 4718 fraudem

209 4768 341 4844 praeter
364 4761 544 4828 orationem
570 4761 624 4828 vel
653 4761 729 4826 inde
751 4766 861 4845 tenes,
884 4761 970 4842 quod
993 4757 1110 4824 Geloni
1132 4777 1218 4823 nunc
1240 4757 1389 4822 mutilata
1410 4752 1572 4820 successio

209 4863 372 4948 tripartita
394 4862 453 4928 luit
475 4883 542 4928 non
563 4862 719 4947 bipartita
739 4881 837 4944 quam
859 4861 961 4926 voluit
982 4861 1049 4927 ille.

295 4963 434 5032 Omnino
457 4965 554 5030 latius
568 4969 660 5048 patet
676 4963 758 5030 haec
771 4963 980 5048 interpolatio
997 4983 1038 5029 ex
1054 4962 1248 5030 scholastico
1265 4981 1324 5027 usu
1340 4958 1467 5026 affricta
1482 4977 1573 5043 prae

797 5071 799 5078 '
1303 5064 1344 5128 16
1353 5061 1371 5103 '³'
