3708 5738
489 404 746 458 THEOPHRASTI
765 403 904 456 PHYSIC.
923 403 1083 456 ΟΡΙΝΙΟΝ.
1103 403 1155 453 FB.
1173 400 1203 452 12
1463 397 1526 462 489

166 579 196 642 ἐν
219 583 256 660 τῇ
280 584 317 660 γῇ
341 578 474 661 πυρῶδες
496 575 558 640 ἀνω
579 581 617 658 τῇ
640 577 691 638 τού
714 575 803 658 πυρὸς
825 571 980 654 ἐλαύνηται
995 578 1104 656 φυσικῇ
1120 573 1250 654 δυνάμει,
1272 572 1343 654 πρὸς
1359 571 1407 633 τὸν
1424 568 1529 634 οἰκεῖον

165 681 253 744 τόπον
275 681 394 768 στείχει,
417 679 470 742 κάν
492 701 567 748 τινος
589 679 711 763 λάβηται
733 676 870 761 βραχείας
892 676 1047 760 ἀναπνοῆς,
1069 673 1131 738 ἀνω
1154 675 1206 758 μέν
1228 672 1397 756 συνανασπᾷ
1418 673 1529 756 πολλὴν

166 788 218 866 τῆς
243 784 370 864 γεώδους
404 781 518 860 οὐσίας,
551 781 623 864 όσην
657 779 691 844 ἀν
715 779 775 844 οἶόν
809 775 836 841 τ’
865 775 903 861 ᾖ,
934 775 990 848 ἔξω
1013 769 1038 840 δ’
1067 777 1265 860 ἐπιγενόμενον
1287 777 1404 862 φέρεται
1430 775 1531 860 βραδύ·

166 907 257 968 τερον,
280 886 299 968 ἡ
327 886 360 949 δὲ
382 884 469 970 μέχρι
495 886 604 948 πολλοῶ
633 881 847 965 συμπαρελθεῖν
869 880 1022 965 βιασθεῖσα
1048 881 1125 964 πρὸς
1147 882 1286 966 μήκιστον
1315 875 1430 963 ἀρθεῖἀ
1459 877 1530 962 ύψος

166 987 315 1052 στέλλεται
337 986 539 1072 κορυφουμένη
563 986 612 1048 καὶ
633 985 705 1068 πρὸς
727 981 821 1052 ὀξεῖαν
843 983 1022 1066 ἀποτελευτᾷ
1044 983 1173 1067 κορυφὴν
1195 984 1228 1048 τδ
1251 983 1340 1067 πυρδς
1363 986 1467 1066 σχῆμα
1487 1003 1560 1062 itt-e

167 1089 306 1172 μουμένη.
345 1092 451 1173 γίνεται
473 1089 527 1173 γὰρ
549 1092 600 1152 τοῦ
624 1086 803 1171 κουφοτάτου
825 1087 873 1150 καλ
897 1086 1056 1170 βαρυτάτου
1079 1085 1154 1163 τότε,
1175 1089 1234 1150 τῶν
1249 1085 1334 1170 φύσει
1353 1084 1528 1163 ἀντιπάλων,

166 1191 308 1274 ἀναγκαία
335 1191 536 1277 συρραῶίντων
563 1191 697 1274 διαμάχη
722 1171 802 1272 ιτιρδς
827 1189 880 1273 πἠν
908 1187 1016 1252 οἰκείαν
1049 1187 1186 1271 ἑκατέρου
1215 1190 1316 1272 χῶραν
1342 1185 1530 1270 ἐπειγομένου

167 1293 216 1356 καὶ
232 1294 305 1377 πρὸς
319 1293 352 1357 τὸ
370 1295 539 1380 βιαζόμενον
555 1292 769 1361 ἀντιτείνοντος·
792 1292 825 1354 τδ
842 1291 943 1374 μὲνδὴ
966 1294 1023 1374 πύρ
1046 1288 1217 1354 συνανέλκον
1232 1287 1310 1372 (τὴν)
1324 1292 1377 1370 γῆν
1400 1289 1457 1352 ὑπὸ
1479 1294 1530 1353 τού

168 1397 232 1479 περὶ
248 1396 339 1480 αὐτὴν
353 1400 505 1460 νευστικού
522 1394 630 1480 βρίθειν
646 1395 846 1477 ἀναγκάζεται,
868 1395 888 1478 ἡ
905 1394 988 1476 δέγῖγ
1005 1393 1165 1458 κατωτάτω
1179 1392 1392 1456 ταλαντεύουσα
1413 1392 1456 1477 τιβ
1478 1395 1530 1456 τού

169 1500 259 1583 πυρδς
282 1499 437 1585 ἀνωφοίτιρ
461 1497 759 1581 συνεπελάφρισθεῖσα
782 1496 926 1580 μετέωρος
948 1495 1089 1579 ἐξαίρεται
1111 1495 1160 1558 καί
1175 1494 1355 1578 κρατηθεῖσα
1371 1494 1453 1576 μόλις
1468 1495 1525 1560 tet
1549 1523 1572 1562 ιο

167 1601 365 1687 δυνατωρέρας
391 1605 443 1686 τῆς
465 1599 708 1684 ἐπικουφιζούσης
736 1599 837 1686 ἰσχύος
863 1598 924 1662 ἀνω
947 1599 1019 1682 πρὸς
1040 1600 1092 1682 την
1115 1601 1166 1660 τού
1188 1597 1278 1680 πυρὸς
1300 1597 1385 1680 ἕδραν
1410 1596 1531 1661 ὠθεῖται

166 1704 343 1767 κάνίσταται.
379 1703 407 1765 τί
422 1701 472 1767 ούν
495 1702 675 1784 θαυμαστόν,
698 1702 723 1765 εί
747 1703 788 1786 μὴ
811 1701 847 1765 τά
872 1700 926 1786 ὄρη
948 1705 1011 1770 ταῖς
1033 1706 1092 1764 τῶν
1115 1701 1206 1764 ὑετῶν
1229 1703 1332 1783 φοραῖς
1354 1697 1531 1783 ἐξανάλωται

166 1811 219 1890 τῆς
241 1806 420 1891 συνεχούσης
435 1805 509 1869 αύτολ
531 1807 691 1888 δυνάμεως,
715 1802 763 1889 ὑφ’
775 1805 820 1888 ἧς
842 1805 890 1868 καί
913 1802 1088 1868 διανίσταται
1104 1804 1183 1884 μολα
1197 1803 1308 1886 παγίως
1323 1801 1372 1864 καὶ
1387 1805 1531 1885 κραταιῶς

167 1909 388 1993 ἐνειλημρένηςγ
410 1907 548 1978 λυθέντος
569 1907 624 1991 γὰρ
646 1909 754 1990 δεσμού
776 1910 828 1970 τού
851 1906 1021 1992 συνέχοντος
1043 1906 1120 1975 είκδς
1142 1904 1178 1990 ἦν
1197 1904 1370 1989 διαλυθῆναι
1395 1905 1443 1968 καὶ
1458 1905 1530 1989 πρός

168 2011 271 2080 ύδατος
294 2009 503 2094 σκεδασθῆναι,
526 2010 645 2091 δυνάμει
668 2009 700 2072 δὲ
722 2009 898 2094 σφιγγόμενα
920 2009 959 2091 τῇ
980 2013 1031 2086 τοῦ
1054 2009 1144 2092 πυρδς
1166 2009 1376 2091 στεγανώτερον
1392 2007 1464 2090 πρδς
1478 2007 1530 2077 τὰς
1549 2034 1572 2074 ιε

139 2141 142 2148 ·
166 2119 225 2178 τῶν
254 2114 346 2177 ὑετῶν
372 2113 464 2198 φορὰς
493 2111 635 2198 ἀντέχειν.
672 2115 764 2176 ταῦτα
791 2112 843 2194 μέν
869 2109 919 2176 ούν
947 2113 1017 2196 ἡμῖν
1044 2110 1180 2194 λελέχθω
1206 2109 1271 2193 περὶ
1298 2113 1349 2172 τού
1377 2109 1429 2192 τὴν
1456 2109 1529 2172 ἀνω-

169 2217 274 2296 μαλίαν
296 2221 349 2300 τῆς
370 2220 423 2298 γῆς
445 2215 541 2279 πίστιν
564 2215 618 2278 ούκ
639 2213 712 2278 εἶναι
733 2214 872 2298 γενέσεως
894 2214 942 2278 καὶ
964 2214 1078 2298 φθορᾶς
1099 2212 1221 2293 κόσμου.

254 2317 331 2402 Πρδς
354 2319 387 2380 δὲ
409 2319 442 2381 τδ
465 2318 524 2380 ἀπδ
546 2321 599 2400 τῆς
622 2319 773 2399 μειώσεως
794 2321 846 2402 τῆς
868 2317 1020 2400 θαλάσσης
1042 2313 1230 2399 ἐπιχειρηθέν
1247 2313 1341 2378 ἐκεῖνο
1356 2314 1480 2384 δεόντως
1495 2313 1529 2378 ἀν
1539 2315 1581 2380 26

167 2419 295 2502 λέγοιτο·
324 2421 365 2505 μὴ
387 2421 438 2490 τὰς
461 2419 645 2506 ἀνασχούσας
667 2421 771 2504 νήσους
793 2419 865 2484 αὐτὸ
888 2419 975 2503 μόνον
997 2419 1042 2483 ἀεὶ
1066 2414 1133 2501 μηδ’
1154 2414 1184 2480 εί
1201 2439 1273 2485 τινες
1289 2416 1433 2498 ἀποτομαὶ
1448 2439 1534 2480 κατα-

168 2523 341 2604 κλυζόμεναι
378 2527 438 2600 τοῖς
481 2525 571 2587 παλαι
608 2521 725 2608 χρόνοις
766 2520 852 2592 αὖθις
887 2521 1111 2607 ἠπειρῶθησαν,
1155 2523 1298 2583 σκοπεῖτε.
1348 2521 1532 2603 φυσιολογίας
1550 2548 1574 2587 το

168 2625 222 2709 γὰρ
245 2625 400 2688 ἀντίπαλον
422 2626 581 2711 φιλονεικία
602 2624 778 2710 τριπόθητον
801 2625 963 2709 ἡγουμένης
985 2623 1126 2708 ἀλήθειαν
1150 2621 1323 2706 ἰχνηλατεῖν.
1357 2621 1432 2686 ἀλλά
1446 2624 1532 2686 πολυ-

170 2729 360 2810 πραγμονεῖτε
387 2729 434 2790 καί
458 2727 639 2804 τούναντίον,
666 2728 732 2792 όσαι
755 2728 807 2810 μὲν
830 2728 860 2793 ἐν
882 2730 1011 2813 ἠπείροις
1033 2725 1067 2790 ού
1090 2727 1226 2809 παραλιοι
1254 2725 1356 2806 μόνον,
1385 2725 1461 2788 ἀλλά
1487 2725 1534 2799 καὶ

170 2828 315 2912 ρεσόγειοι
339 2833 436 2913 μοῖραι
458 2830 685 2924 κατεπόθησαν,
709 2830 764 2913 όση
791 2831 824 2894 δέ
851 2831 956 2916 χέρσος
984 2828 1207 2892 θαλαττωθεῖσα
1230 2827 1415 2912 μυριοφόροις
1436 2826 1533 2890 ναυσὶν

109 2961 110 2964 “
171 2932 331 3014 ἐμπλεῒται.
368 2919 415 3017 (ip)
441 2933 494 3018 τὴν
525 2933 591 3017 περὶ
618 2935 667 2997 τδν
700 2935 854 3018 ἱερώτατον
882 2932 1031 2996 Σικελικὸν
1064 2929 1197 3014 πορθμὸν
1231 2927 1376 3014 ᾀδομένην
1409 2930 1534 3014 ἱστορίαν

172 3036 316 3117 ἀγνοεῖτε;
331 3036 365 3100 τδ
380 3034 460 3119 <μὲν>
475 3037 597 3100 παλαιόν
613 3035 676 3122 (iv)
691 3035 808 3120 ἤπειρος
819 3033 924 3119 Ἰταλίᾳ
939 3033 1056 3099 Σικελία
1071 3033 1264 3110 συνάπτουσα,
1280 3033 1412 3115 μεγάλων
1429 3032 1462 3094 δὲ
1475 3037 1533 3095 τῶν
1552 3061 1576 3100 οε

169 3135 238 3221 παρ’
266 3138 390 3222 έκάτερα
415 3140 550 3222 πελαγῶν
581 3140 683 3224 βιαίοις
709 3139 867 3221 πνεύμασιν
894 3136 924 3206 ἐξ
951 3135 1080 3204 ἐναντίας
1106 3133 1321 3218 ἐπιδραμόντων
1350 3136 1370 3218 ἡ
1399 3135 1535 3219 μεθόριος

169 3241 338 3325 ἐπεκλύσθη
361 3243 410 3304 καί
438 3242 596 3326 ἀνερράγη,
629 3239 696 3326 παρ’
724 3241 761 3324 ἢν
782 3241 830 3304 καὶ
853 3239 936 3307 πόλις
958 3239 1111 3320 ἐπώνυμος
1131 3241 1183 3300 τοῦ
1205 3237 1320 3307 πάθους
1337 3235 1454 3321 Ῥήγιον
1476 3261 1532 3301 κτι·

169 3343 265 3408 σθεῖσ’
299 3343 471 3428 ὠνομάσθη.
509 3345 558 3406 καὶ
580 3344 743 3408 τούναντίον
772 3343 806 3406 ού
832 3341 1046 3426 προσεδόκησεν
1076 3338 1110 3402 ἄν
1137 3361 1179 3408 τις
1205 3339 1311 3423 ἀπέβη.
1348 3341 1531 3425 συνεζεύχθη

170 3448 222 3529 μὲν
244 3447 298 3531 γὰρ
320 3448 357 3511 τὰ
384 3447 458 3517 τέως
481 3449 622 3511 διεστῶτα
643 3449 754 3531 πελάγη
777 3445 851 3510 κατά
872 3444 924 3527 τὴν
951 3444 1084 3528 σύρρυσιν
1107 3441 1269 3516 ἑνωθέντα,
1298 3443 1318 3524 ἡ
1341 3439 1368 3504 δ’
1396 3441 1533 3526 ἡνωμένη

169 3547 273 3634 γῆτηῖ
297 3549 429 3634 μεθορίῳ
451 3551 579 3634 πορθμῷ
602 3549 771 3634 διεζεύχθη,
793 3546 860 3630 παρ’
890 3547 922 3610 δν
944 3545 1063 3630 ἤπειρος
1085 3542 1158 3608 ούσα
1174 3543 1291 3606 Σικελία
1306 3548 1393 3626 νῆσος
1408 3544 1534 3629 ἐβιάσθη
1552 3557 1576 3596 ³⁰

172 3723 182 3773 l
205 3721 259 3773 ἀνω
281 3740 312 3774 a:
332 3719 430 3774 ἄνωθεν
453 3725 481 3774 Μ
501 3718 515 3789 β
533 3721 549 3774 2
568 3720 663 3792 πολλὴν
685 3725 744 3774 αΜτ
764 3717 827 3772 πολύ
879 3737 907 3768 υτ
937 3733 1001 3770 corr.
1024 3719 1139 3784 Berneys
1171 3713 1182 3782 β
1213 3713 1246 3766 20
1273 3718 1324 3773 τοῖς
1346 3713 1422 3768 παλαι
1445 3733 1474 3767 a:
1504 3715 1534 3768 τό
1588 3738 1591 3752 ι

169 3812 247 3875 vulgo
270 3807 281 3875 β
303 3807 445 3880 θόοηνΜι
465 3807 551 3862 όσονα
572 3806 584 3876 β
606 3807 635 3862 δν
654 3829 683 3862 a:
704 3808 733 3862 ἀν
751 3807 826 3860 εέΜι
879 3801 954 3854 πάλαι
977 3806 1006 3854 Μ
1026 3808 1102 3870 vulgo
1122 3800 1136 3872 ΙΙ
1156 3807 1257 3855 σκοπεῖν
1275 3802 1324 3873 χρή
1343 3821 1360 3854 α
1381 3801 1393 3872 β
1414 3803 1445 3856 21
1466 3802 1534 3872 φιλο-

170 3896 199 3949 ἀν
226 3897 263 3950 ἀεὶ
290 3899 405 3964 Berneye
436 3895 447 3966 β
476 3895 508 3967 ἦν
537 3901 567 3950 Μ
593 3895 605 3966 ΙΙ
634 3895 651 3966 ἡ
680 3893 704 3948 δ’
735 3891 828 3956 ἔξωθεν
878 3891 969 3949 νιικίας
986 3894 1016 3943 Μ
1038 3889 1050 3960 β
1073 3889 1246 3961 ίχνηλατήσειν
1265 3908 1281 3940 α
1302 3888 1314 3958 β
1341 3889 1374 3942 22
1393 3889 1533 3960 πολυπραγ-

170 3987 286 4052 Berneye
302 3982 315 4053 β
330 3984 567 4054 έπιγενόμενοναΜι
580 3983 828 4053 έπεγινομένουΒυε-
881 3985 990 4048 μονεῖται
1018 3997 1046 4030 αι
1080 3976 1292 4046 πολυπραγμονεῖν
1320 3978 1371 4030 ἐστι
1399 3983 1440 4031 Μι
1469 3996 1534 4030 corr.

170 4075 258 4125 eheler
277 4077 368 4126 ceteris
383 4077 491 4126 servetis
510 4071 522 4139 θ
537 4069 656 4142 φέρεσθαι
674 4070 830 4140 βραχυτέραν
881 4071 1003 4134 Meugey.
1037 4063 1262 4136 πολυπραγμονεῖτ’
1292 4063 1328 4118 έτι
1355 4067 1500 4118 Buecheler
1521 4063 1534 4132 β

170 4163 231 4212 aM:
245 4179 311 4214 corr.
324 4161 440 4228 Berneys
452 4158 464 4228 β
476 4160 519 4228 4η
532 4158 559 4211 δέ
577 4163 666 4225 scripsi
679 4175 714 4210 ευ.
733 4155 830 4226 γεῶδης
881 4153 915 4207 23
934 4159 1017 4224 μοῖραι
1035 4170 1063 4205 ατ
1084 4158 1171 4222 μοίρας
1184 4157 1212 4206 M
1233 4151 1245 4222 Η
1268 4153 1301 4206 24
1319 4150 1366 4221 την
1384 4152 1439 4220 περὶ
1457 4156 1499 4204 M:
1519 4152 1535 4222 ἡ

170 4245 253 4299 etate:
277 4245 293 4316 ἡ
313 4248 357 4299 καὶ
375 4250 417 4299 M:
437 4245 453 4315 ἡ
473 4248 535 4312 (om.
554 4247 607 4310 καὶ)
627 4265 644 4296 α
664 4243 676 4315 β
697 4245 714 4299 5
732 4242 829 4296 στέλλε-
880 4241 936 4312 περί
949 4259 978 4292 a:
998 4257 1064 4307 quee
1083 4244 1206 4293 coniunxi
1224 4243 1337 4293 scribens
1355 4237 1372 4308 ἧ
1388 4238 1435 4307 τὴν
1452 4239 1507 4308 περλ
1522 4236 1534 4306 β

169 4351 210 4385 ται
239 4337 280 4386 Μι
304 4332 462 4386 συστέλλεται
489 4351 506 4384 α
532 4333 544 4400 β
571 4333 745 4402 κορυφουμένη
768 4335 827 4383 aM:
879 4333 988 4380 iortaeee
1005 4325 1138 4397 εὐρύτατον
1163 4326 1175 4396 β
1197 4327 1231 4381 24
1249 4326 1358 4397 ᾀδομίνη
1378 4326 1471 4396 ἱστορία
1484 4345 1502 4377 ο
1522 4325 1535 4394 β

171 4420 396 4491 ἀποκορυφουμένη
420 4425 507 4486 vulgo.
537 4437 570 4472 ιιιι
594 4423 749 4471 delendum?
774 4416 786 4486 β
811 4419 827 4472 'i
881 4415 914 4468 25
946 4415 1068 4484 ἀγνοεῖται
1101 4421 1159 4487 παρ’
1192 4413 1289 4473 ούδινὸς
1319 4419 1372 4468 τῶν
1399 4413 1537 4482 ἐλλογίμων

171 4505 343 4576 συρραξάντων
353 4511 413 4561 αΜι
428 4505 602 4577 συρρηξάντων
616 4510 693 4572 vulgo
711 4503 723 4573 β
739 4504 828 4574 δαρὸς
879 4507 1048 4570 interpolata
1069 4503 1081 4569 β
1101 4503 1130 4556 τό
1148 4501 1252 4556 παλαιὸν
1263 4501 1358 4571 ἠπείρῳ
1369 4505 1461 4569 vulgo:
1481 4519 1537 4552 eor-

170 4593 198 4646 τὸ
227 4594 370 4663 βιαζόμενον
397 4599 488 4660 vulgo:
516 4593 545 4646 τὸ
574 4592 718 4661 βιαζόμενον
740 4595 787 4644 αΜ
811 4587 827 4662 ΙΙ
880 4595 937 4642 rexi
955 4594 987 4643 ef.
1008 4610 1032 4658 ρ.
1046 4591 1165 4653 486,18.
1184 4589 1214 4642 τὸ
1232 4588 1308 4642 πάλαι
1326 4589 1371 4657 μέν
1389 4589 1420 4658 ἠν
1437 4587 1537 4658 ἤπειρος

169 4681 216 4749 τἠν
228 4685 317 4734 addidi
338 4680 350 4749 Η
374 4680 405 4734 12
417 4679 571 4734 καθίσταται
589 4684 682 4746 reigo:
696 4684 796 4732 correxi
812 4679 824 4746 β
878 4683 1026 4743 praeiverat
1037 4679 1182 4730 Buecheler
1200 4677 1212 4745 ΙΙ
1233 4674 1349 4730 Σικελίαν
1367 4680 1459 4743 vulgo:
1479 4691 1536 4727 cor-

170 4774 223 4826 ταῖς
250 4775 302 4820 τῶν
334 4785 363 4820 a:
394 4773 446 4819 τῶν
475 4772 504 4820 Μ
529 4766 541 4835 β
573 4768 607 4820 14
642 4764 760 4826 λυθέντος
795 4785 826 4820 αι
879 4768 934 4817 rexi
953 4768 984 4816 ci.
998 4784 1022 4816 v.
1035 4764 1078 4818 30.
1097 4769 1214 4832 positura
1232 4768 1318 4818 hiatus
1331 4761 1432 4816 Σικελία
1445 4759 1536 4831 Ἰταλίᾳ

169 4851 277 4908 λυθέντα
289 4859 319 4908 Μ
340 4853 351 4920 Η
376 4853 406 4907 15
419 4855 601 4926 στεγανιίιτερον
614 4875 643 4908 αι
656 4852 828 4924 στεγανάνττρα
878 4855 972 4904 vitetur
993 4850 1005 4920 β
1026 4851 1061 4905 25
1079 4853 1235 4905 συνάπτουσα
1252 4855 1297 4904 M:
1316 4851 1492 4920 προσάπτουσα
1505 4867 1534 4901 ατ

170 4943 199 4993 Μ
215 4939 227 5007 β
243 4941 276 4996 16
297 4940 407 5010 ἀντέχου
420 4958 450 4992 a:
470 4942 568 5012 ἀντέχει
582 4947 610 4995 Μ
629 4939 644 5011 ΙΙ
667 4943 698 4994 19
710 4939 785 5008 μόνον
807 4939 828 4993 τέ
879 4941 1049 4991 συνάπτουσαν
1067 4943 1145 5005 vulgo
1165 4937 1179 5006 ΙΙ
1204 4941 1238 4994 28
1256 4937 1285 4991 ού
1305 4942 1364 4991 aM:
1384 4936 1401 5006 ἢ
1420 4941 1498 5004 vulgo
1520 4935 1533 5004 β

170 5027 234 5098 μηδέ
251 5045 314 5088 τινες
326 5032 368 5082 Μι
388 5027 462 5096 μόνον
475 5027 539 5082 ἀλλὰ
554 5029 598 5080 καὶ
615 5027 636 5080 εί
652 5025 708 5097 μηδ’
728 5027 752 5081 εί
765 5044 828 5086 τινες
879 5025 913 5079 2ο
931 5025 1055 5096 ἀπέβησε
1076 5025 1154 5097 έπέβη
1167 5029 1197 5080 Μ
