3756 5736
334 367 397 433 224
573 371 652 420 xvn
688 369 737 418 nn
757 368 1004 421 varusronuu
1024 369 1260 420 nrnorronuu
1279 369 1457 422 nonninus

335 543 393 602 est.
440 539 498 604 sed
521 559 593 604 cum
617 537 834 621 Theophrasti
856 536 1054 620 comparatio
1077 535 1224 604 adhiberi
1246 545 1402 625 nequeat,
1430 545 1584 624 quantum
1606 539 1692 624 huic,

334 647 491 722 quantum
513 639 733 707 recentiorum
761 638 867 704 studio
896 637 1053 704 debeatur
1074 639 1244 706 nescimus.
1278 641 1408 708 omnino
1431 649 1540 708 autem
1562 661 1636 708 raro
1659 641 1694 708 in

335 742 384 808 his
413 743 455 808 dc
483 743 631 810 sensibus
661 741 817 826 exemplis
843 740 1014 806 verborum
1040 747 1164 809 tantam
1192 741 1432 811 similitudinem
1455 744 1625 830 observes,
1658 751 1694 810 ut

334 844 474 911 alienam
508 844 723 910 eruditionem
756 843 846 908 velut
884 843 1142 926 supplementum
1174 843 1332 912 adscitam
1369 867 1442 914 esse
1473 866 1583 930 neges.
1634 846 1693 913 sed
1727 878 1748 902 a

335 946 417 1013 haec
450 953 499 1014 est
531 947 729 1031 perobscura
761 943 919 1028 quaestio.
968 965 1066 1010 unum
1099 945 1304 1014 manifestum
1342 955 1392 1015 est
1425 949 1606 1016 Stoicorum
1640 949 1693 1016 vel

336 1048 594 1116 Stoicissantium
609 1047 875 1132 philosophorum
897 1046 1102 1134 lenocinium,
1126 1069 1188 1132 quo
1211 1049 1364 1134 antiquae
1386 1051 1554 1120 doctrinae
1576 1071 1694 1137 aequa·

241 1211 246 1222 ,
334 1150 412 1216 lium
434 1151 675 1236 intellegentiae
698 1150 892 1216 conciliatae
915 1149 1074 1216 videntur.
1108 1149 1194 1217 idem
1216 1152 1385 1220 consilium
1406 1153 1440 1218 in
1462 1155 1599 1228 amastis
1621 1156 1695 1222 Pla-

335 1253 407 1318 citis
429 1273 450 1319 a
471 1254 618 1320 Varrone
641 1253 802 1338 excerptis
824 1272 924 1336 supra
945 1252 1175 1339 demonstravi,
1198 1261 1321 1322 utnon
1343 1257 1454 1340 inepte
1471 1257 1590 1340 aliquis
1606 1257 1694 1324 Cice-

334 1355 422 1421 ronis
444 1356 486 1422 de
507 1357 642 1422 deorum
664 1361 782 1422 natura
804 1355 935 1421 tabulae
957 1354 1154 1440 meminerit,
1177 1356 1365 1442 sciptae
1388 1357 1572 1424 Stoicorum
1592 1359 1694 1426 notio

334 1457 429 1523 nibus
451 1458 634 1524 lonicorum
657 1456 799 1524 maxim
820 1456 1061 1542 philosophiam
1082 1459 1245 1526 inversam
1268 1481 1340 1528 esse
1362 1460 1467 1528 docui.
1491 1481 1564 1527 cum
1586 1461 1694 1528 Philo-

336 1558 422 1626 demi
445 1559 644 1645 comparatio
666 1560 700 1624 in
715 1559 786 1624 istis
800 1558 880 1626 locis
895 1559 938 1624 sit
952 1558 1052 1645 irrita,
1074 1559 1208 1628 vacillat
1230 1563 1334 1629 omnis
1356 1563 1536 1630 accuratior
1556 1562 1693 1630 fontium

336 1661 502 1728 scrutatio.
536 1661 594 1728 sed
617 1668 652 1727 ut
674 1661 849 1746 discamus,
872 1660 988 1744 quibus
1010 1662 1125 1728 studiis
1147 1671 1253 1730 motus
1275 1671 1475 1732 vetustorum
1497 1665 1694 1732 Placitorum

336 1763 490 1830 collector
505 1763 723 1849 Theophrasti
741 1763 907 1848 exemplar
929 1765 1076 1832 noviciae
1097 1765 1215 1833 rationi
1237 1768 1540 1854 accommodaverit,
1562 1768 1605 1834 ad
1625 1770 1693 1836 Po-

335 1864 482 1931 sidonii
515 1866 661 1934 scholam
696 1868 793 1952 paulo
823 1872 900 1932 ante
928 1865 1117 1934 Ciceronem
1142 1889 1268 1936 summa
1299 1869 1492 1936 austeritate
1524 1869 1693 1938 florentem

336 1967 448 2033 oculos
470 1977 697 2038 convertamus
719 1987 854 2036 necesse
876 1974 939 2034 est.
969 1991 1032 2053 quo
1061 1991 1114 2038 me
1141 1972 1225 2039 alius
1247 1973 1335 2040 ducit
1357 1971 1525 2040 Ciceronis
1547 1974 1638 2040 locus
1661 1980 1694 2040 st

334 2068 406 2153 ipse
428 2069 695 2156 philosophorum
717 2070 816 2139 variis
838 2071 977 2138 decretis
1000 2073 1201 2159 conspicuus.

420 2172 644 2242 dedivin13
662 2184 679 2238 5
699 2175 952 2257 pbilosophorum
966 2195 1041 2239 cera
1064 2181 1257 2261 eaquisita
1279 2179 1459 2262 quaedam
1480 2188 1694 2262 arpumsnta

337 2294 401 2335 cur
423 2285 518 2337 esset
539 2297 632 2341 cera
653 2279 839 2341 diuinatio
862 2278 1022 2342 collecta
1042 2291 1125 2344 sunt
1147 2283 1290 2365 equibus
1304 2292 1336 2345 ut
1352 2283 1390 2346 de
1406 2283 1628 2364 antiquissimis
1643 2285 1694 2346 lo-

336 2397 415 2458 qnar
444 2379 651 2459 Colophonius
672 2381 917 2460 Xenophanes
947 2401 1027 2444 unus
1056 2385 1109 2464 qui
1137 2385 1212 2448 deos
1239 2403 1306 2450 essa
1336 2386 1451 2449 dicant
1473 2385 1695 2450 dioinmionem

335 2479 476 2558 funditus
490 2483 622 2546 sustulit.
645 2484 758 2564 reliqui
772 2501 845 2545 cero
862 2501 966 2546 omnes
979 2496 1105 2565 praeter
1119 2487 1320 2568 Epicurum
1334 2488 1550 2552 balbutientem
1572 2488 1611 2551 de
1631 2507 1695 2552 aa·

338 2590 411 2644 tura
433 2581 561 2646 deorum
583 2585 805 2648 diuinationem
823 2585 1034 2666 mutauerant
1055 2589 1111 2652 sed
1132 2610 1194 2653 non
1215 2610 1276 2654 ano
1298 2591 1399 2656 modo.
1438 2610 1511 2655 num
1532 2610 1601 2654 cum
1622 2591 1694 2654 Su-

339 2693 463 2748 crates
496 2705 659 2769 omnesque
691 2687 879 2750 Socratici
905 2689 1068 2772 Zenoque
1101 2699 1130 2754 et
1163 2695 1188 2756 ii
1217 2696 1271 2775 qui
1303 2693 1343 2756 ab
1375 2713 1411 2756 eo
1438 2702 1537 2756 essem
1561 2694 1695 2775 profecti

338 2797 495 2851 mannent
517 2789 550 2850 in
572 2791 770 2871 antiquorum
790 2791 1041 2872 philosophorum
1061 2796 1213 2859 sententia
1233 2805 1335 2860 uetere
1350 2795 1551 2860 Academia
1572 2805 1602 2860 et
1624 2797 1694 2859 Pe-

338 2891 559 2970 ripateticis
581 2893 850 2968 consentientibus,
873 2913 1000 2976 eumque
1013 2897 1085 2960 huic
1105 2900 1152 2960 rei
1166 2918 1309 2980 mapnam
1328 2900 1543 2962 auctoritatem
1558 2898 1695 2980 Pptha-

337 3011 455 3073 porus
482 2994 546 3056 iam
574 3005 644 3092 aqtc
671 2995 827 3059 imbuisset
854 2998 906 3078 qai
936 2999 1029 3060 etiam
1054 3002 1121 3079 ipse
1150 3020 1250 3083 anper
1276 3003 1367 3066 ueltst
1394 3021 1461 3064 esse
1484 3003 1696 3084 plurumisque

339 3095 417 3158 locis
438 3097 546 3177 maon
568 3105 678 3160 auctor
700 3098 940 3162 Democritus
960 3103 1212 3180 praesensionem
1238 3123 1342 3167 rerum
1362 3106 1540 3184 futurarum
1561 3123 1696 3208 conmo-

338 3197 435 3272 baret
459 3197 717 3262 dicaearchus
731 3201 956 3282 Peripateticus
971 3211 1074 3266 cetera
1096 3205 1299 3270 divinationis
1319 3227 1434 3288 penora
1454 3207 1589 3284 sustulit,
1610 3226 1697 3270 som-

338 3303 461 3362 niorum
483 3309 511 3362 et
532 3301 653 3381 suroris
671 3303 804 3385 reliquit,
829 3303 1093 3386 Cratippasque
1110 3307 1282 3387 iamdictis
1296 3318 1401 3374 noster
1416 3329 1504 3392 quem
1518 3327 1574 3390 epo
1587 3327 1697 3390 parem

337 3404 463 3466 summis
489 3402 762 3485 Peripateticis
797 3407 903 3471 iudico
929 3407 1026 3470 isdem
1051 3408 1144 3472 rebus
1169 3412 1261 3492 fidem
1286 3411 1393 3474 tribuit
1419 3413 1543 3494 reliqua
1568 3409 1697 3475 diuina-

337 3507 431 3569 tionis
452 3525 568 3586 penem
588 3509 704 3572 reiecit.
724 3517 750 3570 6.
789 3509 844 3572 sed
867 3530 935 3573 cum
954 3510 1078 3574 Stoici
1100 3515 1205 3576 omnia
1225 3515 1293 3593 fere
1313 3514 1370 3576 illa
1392 3513 1591 3594 defenderent
1613 3515 1696 3596 quod

337 3617 365 3668 et
391 3609 490 3670 Zeno
522 3611 556 3671 in
587 3613 655 3673 suis
688 3615 916 3677 commentariis
951 3615 1041 3695 quasi
1070 3615 1190 3678 semina
1221 3615 1374 3697 quaedam
1402 3617 1569 3698 sparsisset
1601 3625 1630 3680 et
1656 3637 1696 3680 aa

338 3710 533 3773 Cleanthes
557 3715 654 3792 paulo
682 3713 830 3777 uberiora
851 3715 991 3794 fecnset,
1019 3719 1150 3780 accessit
1177 3735 1339 3782 acerrunw
1365 3721 1415 3782 uir
1443 3720 1566 3800 inqenio
1595 3717 1696 3800 Gbrp-

337 3812 446 3891 sippus
474 3815 528 3894 qui
559 3823 654 3878 totam
682 3815 720 3878 de
748 3815 940 3882 divinatione
970 3819 1090 3882 duobus
1117 3819 1206 3882 libris
1232 3821 1401 3902 explicavit
1426 3823 1609 3886 smsemtam
1634 3841 1696 3883 unc

335 3922 503 3994 maeterea
526 3917 564 3978 de
586 3919 703 3980 oraclis
725 3937 787 3980 uno
810 3919 849 3981 de
869 3923 1019 3985 somniis:
1046 3941 1133 4003 quem
1158 3923 1345 4004 subsequens
1367 3945 1462 3989 unum
1484 3923 1595 3988 librum
1616 3923 1697 3986 Ba-

337 4017 514 4099 bplonias
539 4019 720 4100 llioqenes
753 4021 851 4085 edidit
881 4025 948 4087 eiua
974 4025 1101 4087 auditor
1129 4024 1191 4088 duo
1213 4025 1413 4107 Antipater
1440 4029 1697 4110 quinquennales

337 4120 576 4188 Posidonius.
603 4122 659 4184 sed
675 4142 696 4185 a
711 4122 826 4186 Stoicis
840 4125 891 4187 uel
909 4129 1056 4209 princeps
1077 4129 1144 4190 eius
1159 4127 1345 4208 disciplinae
1359 4129 1555 4216 Posidonii
1577 4128 1697 4203 doctor,

338 4221 510 4302 discipulus
540 4225 709 4305 Antipatri,
734 4225 930 4306 depeneracit
957 4229 1171 4292 Panaetius
1188 4249 1244 4292 nce
1266 4240 1366 4294 tamen
1394 4251 1490 4295 araus
1516 4240 1562 4294 est
1583 4250 1698 4312 nepare

335 4325 397 4384 uim
419 4344 486 4387 esse
507 4327 672 4391 diuinandi
693 4327 749 4390 sed
771 4329 914 4394 dubitare
934 4351 969 4394 se
991 4331 1082 4395 dicit.

422 4425 559 4511 Propter
580 4427 706 4494 initium
729 4428 825 4495 huius
848 4431 981 4514 eclogae
1003 4431 1063 4498 fuit
1078 4430 1131 4515 qui
1147 4451 1188 4497 er
1205 4431 1339 4500 Placitis
1362 4436 1492 4500 collecta
1515 4443 1698 4516 arqumenta

338 4525 528 4595 Ciceronem
561 4531 765 4598 transtulisse
798 4533 1176 4617 suspicaretn1·.neque
1205 4539 1327 4601 temere
1359 4535 1415 4602 ille
1448 4536 1587 4620 quidem.
1620 4555 1697 4602 nam

336 4629 592 4714 Xenophanis
621 4633 766 4718 opinioni
794 4655 836 4700 ex
856 4634 943 4700 aeui
972 4655 999 4700 c.
1022 4636 1086 4722 περὶ
1110 4641 1249 4721 μαντικῆς
1269 4637 1445 4722 respondet
1466 4638 1495 4704 V
1519 4639 1619 4704 12²*
1595 4661 1698 4702 ..-ενι

336 4735 448 4818 φάνης
470 4735 518 4799 καὶ
531 4733 699 4821 Ἐπίκουρος
721 4738 870 4822 decapolim
892 4739 945 4822 τὴν
969 4741 1107 4823 μαντικήν
1129 4738 1271 4822 itemque
1285 4738 1520 4806 Dicaearchi
1540 4739 1618 4805 ibid.
1641 4741 1698 4820 §4

332 4833 542 4921 Ἀριστοτέλης
574 4838 621 4902 καὶ
649 4839 866 4925 Δικαίαρχος
895 4840 928 4902 τὸ
957 4839 1023 4904 κατ’
1052 4841 1264 4924 ἐνθουσιασμὸν
1291 4841 1378 4924 μόνον
1409 4843 1616 4927 παρεισάγουσι
1649 4841 1697 4905 καὶ

335 4940 401 5009 τοὺς
433 4940 569 5024 ὀνείρους.
613 4939 672 5006 sed
702 4947 811 5007 cetera
841 4941 902 5006 etsi
929 4941 1132 5026 Pythagoras
1163 4943 1258 5008 Plato
1286 4941 1454 5029 Stoicique
1486 4943 1696 5008 nominantur
