3708 5732
688 411 963 462 rnonnoounun
1444 413 1504 476 173

144 578 297 662 explieat.
341 581 431 646 velut
454 579 602 646 Panaetii
625 579 724 646 Stoici
748 599 867 646 nomen
889 599 961 644 curn
983 579 1192 645 memoriales
1213 579 1405 664 inhaeserit,
1426 581 1505 647 infe

141 680 248 748 liciter
279 702 350 748 cum
382 682 552 749 exustione
584 682 695 746 mundi
730 681 934 764 coniungitur
967 679 1006 745 cf.
1035 677 1152 768 [Philo]
1182 680 1225 747 de
1256 681 1371 747 incorr.
1395 681 1503 746 mund.

142 805 174 867 p.
191 783 265 868 248,
282 787 320 850 11
339 785 434 851 Bern.
457 785 485 850 si
507 783 654 851 Thaletis
676 789 901 848 concretionem
922 783 1039 866 credit,
1066 784 1281 866 posteriorum
1303 783 1504 850 coniecturas

141 886 287 970 sequitur
310 883 360 972 [cf.
384 886 491 952 Zeller
510 884 544 950 1⁸
568 883 668 972 ngrq
704 905 770 952 una
792 893 841 952 est
864 884 1021 967 insignior
1042 891 1130 969 nota,
1153 885 1241 968 quod
1263 884 1431 968 distinguit
1452 905 1505 951 ve·

142 992 247 1053 terem
268 988 546 1070 recentioremque
567 987 769 1054 academiam
792 986 957 1054 Ciceronis
972 985 1191 1070 Varronisque
1214 989 1397 1070 exemplum
1417 1007 1506 1054 secu·

141 1095 206 1175 tos,
228 1111 294 1156 non
316 1089 530 1173 posteriorum
553 1089 607 1172 qui
629 1089 770 1173 quinque
791 1109 960 1156 recensere
975 1088 1134 1156 solebant.
1169 1089 1225 1155 sed
1241 1089 1380 1154 fortasse
1396 1089 1504 1172 plures

140 1191 199 1257 ille
220 1211 263 1258 ne
285 1198 485 1274 cognoverat
507 1190 647 1275 quidem

229 1293 331 1360 Multo
354 1293 497 1360 melioris
519 1299 618 1358 notae
640 1300 690 1360 est
711 1293 915 1376 Augustini
942 1299 1128 1377 excerptum
1149 1293 1192 1358 de
1213 1292 1273 1358 cir.
1297 1293 1350 1358 dei
1373 1292 1451 1360 VIII
1473 1295 1503 1378 2,

144 1396 233 1479 quod
255 1394 439 1462 inscribitur
462 1396 504 1459 de
533 1396 673 1460 duobus
698 1398 900 1478 peceribus
927 1397 968 1458 ta
989 1405 1041 1458 est
1064 1397 1200 1460 Italica
1224 1405 1255 1460 et
1277 1399 1410 1460 Ionica
1433 1415 1505 1460 eo-

141 1517 291 1580 rumque
314 1499 543 1562 auctoritus
565 1498 604 1565 of.
628 1499 739 1566 Sidon.
763 1496 904 1581 Apollin.
928 1497 988 1562 XV
1004 1497 1044 1562 et
1059 1518 1128 1581 sqq.
1151 1496 1299 1584 [Krische
1322 1519 1351 1582 p.
1369 1495 1453 1585 1671.

232 1600 389 1677 Quantum
410 1603 490 1662 enim
512 1602 630 1665 adtinet
659 1603 703 1664 ad
724 1603 842 1666 litterae
864 1603 1003 1665 Graecas
1034 1619 1114 1683 quae
1143 1602 1250 1682 linqua
1277 1603 1357 1664 inter
1386 1609 1505 1666 ceterae

140 1705 278 1785 qentium
300 1704 418 1766 clarior
438 1703 577 1786 habetur,
600 1705 662 1768 duo
683 1704 935 1784 phitosaptoram
955 1722 1070 1784 qenera
1092 1705 1273 1766 raduntur:
1305 1723 1398 1766 unum
1419 1705 1438 1767 1
1443 1711 1504 1768 ta-

141 1807 256 1870 licum
285 1825 324 1868 ec
354 1824 393 1868 ea
421 1816 511 1886 parte
532 1808 647 1872 Itotiae
679 1827 757 1890 quoe
779 1806 935 1889 qnondam
956 1825 1070 1888 maqna
1092 1809 1227 1870 Graecia
1247 1815 1427 1888 nuncupata
1448 1815 1504 1883 est,

142 1909 275 1972 atterum
297 1908 471 1970 Ionicum
492 1912 525 1972 in
547 1911 592 1972 eie
614 1913 707 1974 terris
729 1911 782 1974 uti
804 1920 832 1974 et
853 1928 936 1972 nunc
958 1911 1092 1972 Graecia
1113 1911 1299 1972 nominatur.

225 2011 370 2074 Italicum
402 2031 498 2092 penus
530 2021 687 2076 auctorem
718 2013 826 2076 tabuit
853 2011 1100 2094 Pqttaqoram
1121 2011 1262 2074 Samium
1284 2031 1305 2075 a
1327 2030 1388 2094 qua
1410 2014 1505 2076 etiam
1544 2057 1549 2066 .

139 2115 245 2193 scrnnt
266 2115 368 2194 ipsum
389 2114 603 2196 piiiosopitiae
625 2134 735 2178 nomen
750 2123 899 2180 coortum.
932 2133 1005 2176 nom
1029 2133 1098 2176 cum
1113 2123 1206 2176 antea
1219 2117 1376 2195 eapiemer
1391 2116 1504 2196 appet-

143 2217 283 2279 tarentur
305 2215 358 2296 qui
373 2214 472 2279 ‘mado
495 2217 630 2296 quodam
651 2217 821 2281 laudabitis
843 2220 926 2280 citae
949 2217 1022 2280 otiis
1042 2225 1205 2296 praestare
1227 2216 1424 2293 ridebantur,
1446 2219 1504 2280 iste

140 2321 349 2400 interroqotus
372 2319 447 2400 quid
467 2321 664 2400 profiteretur
684 2320 898 2401 ptritosopttum
920 2339 954 2381 se
969 2337 1035 2381 esse
1049 2319 1210 2398 respondit
1224 2320 1260 2382 tt
1274 2327 1319 2382 est
1332 2321 1504 2384 stuatosum

141 2422 192 2484 oet
212 2428 382 2484 amatorem
402 2421 592 2502 sapientiae,
621 2423 766 2503 quoniam
787 2424 957 2502 sapientem
977 2421 1118 2501 profiteri
1139 2422 1430 2502 arrepuntissimum
1451 2423 1504 2486 ai·

143 2523 284 2586 debatur.

227 2626 328 2700 tonici
348 2642 423 2686 aero
444 2626 567 2705 qenais
586 2628 735 2708 princeps
754 2627 815 2707 suit
838 2625 970 2688 Thales
991 2625 1129 2688 Itiiesius
1150 2646 1230 2689 unus
1251 2625 1375 2688 iliorum
1389 2631 1504 2705 septem

141 2730 195 2808 qui
221 2734 293 2790 sunt
319 2727 471 2808 appellati
498 2729 661 2808 sapienter.
706 2729 764 2792 reti
790 2729 838 2790 itti
863 2747 920 2790 sea
948 2729 1033 2790 aitae
1053 2747 1165 2808 periere
1187 2726 1453 2807 distinquebaatur
1475 2733 1504 2790 et

142 2829 325 2910 quibusdam
345 2831 522 2910 praeceptis
545 2831 588 2892 att
614 2830 689 2894 bene
710 2831 874 2894 uiuendum
899 2830 1142 2893 accommodatis
1146 2851 1160 2903 ;
1186 2831 1244 2892 iste
1270 2836 1371 2891 autem
1394 2829 1504 2892 I'itates

140 2941 173 2993 ut
195 2949 391 2993 successores
414 2933 506 2994 etiam
526 2943 717 3012 propoqaret
739 2953 843 2996 rerum
864 2941 1010 2994 naturam
1031 2940 1188 2995 emutatus
1208 2950 1342 3012 suaeque
1357 2931 1504 3010 disputa-

140 3036 240 3096 tiones
262 3035 372 3096 titteris
394 3033 549 3096 mandans
571 3036 699 3096 eminuit
719 3037 911 3116 maximeque
933 3034 1129 3098 admirabilis
1150 3036 1269 3108 extitit,
1293 3034 1375 3114 quod
1396 3042 1504 3096 artro-

141 3137 244 3218 ioqiae
265 3137 402 3198 numeris
424 3136 643 3216 conprehensis
664 3137 802 3217 defectus
823 3138 900 3200 sotis
922 3145 950 3198 ct
973 3137 1065 3198 tunae
1086 3138 1179 3198 etiam
1197 3134 1380 3215 praedicere
1393 3139 1503 3216 potnit.

140 3257 276 3320 aquam
298 3247 418 3300 tamen
438 3239 591 3318 putarit
612 3259 736 3302 rerum
757 3259 837 3302 esse
864 3241 1096 3320 principium
1123 3248 1154 3302 ct
1176 3239 1261 3300 irinc
1282 3241 1404 3301 omnia
1426 3241 1503 3302 ete-

138 3349 261 3404 mento
281 3340 411 3402 mundi
432 3342 623 3422 ipsumque
644 3343 811 3405 mundum
833 3350 867 3404 ct
889 3343 1033 3422 quaein
1049 3359 1089 3403 eo
1108 3343 1310 3422 qiqnuntur
1332 3343 1501 3402 existere.

139 3444 218 3506 ninii
239 3451 341 3505 autem
361 3443 433 3504 truie
454 3443 543 3524 operi
566 3443 648 3524 quoti
668 3444 782 3506 mundo
804 3444 1003 3507 ammomum
1027 3453 1089 3506 tam
1110 3443 1253 3506 mirabile
1272 3443 1440 3523 aspioimm
1463 3461 1503 3503 ee

138 3546 250 3608 dicimo
270 3553 369 3606 mente
388 3547 582 3626 praeposuit.

222 3648 295 3710 tute
311 3649 460 3710 maressii
481 3648 769 3710 Ananimander
790 3649 858 3710 mus
873 3647 999 3710 audiar
1013 3647 1201 3726 mutavitque
1216 3645 1254 3708 tte
1269 3665 1374 3708 rerum
1389 3655 1505 3709 natura

137 3753 325 3833 opinionem
347 3769 409 3812 non
431 3751 512 3812 enim
534 3769 574 3812 ea
596 3767 661 3812 una
682 3767 717 3811 re
738 3751 818 3812 mont
841 3750 949 3812 Ttatcs
971 3769 1010 3811 ec
1031 3766 1138 3810 umore
1160 3749 1217 3810 sed
1238 3769 1282 3811 ea
1303 3750 1384 3811 suis
1411 3768 1505 3828 pro-

134 3855 235 3934 priis
256 3854 463 3934 principiis
485 3870 647 3934 quasque
668 3871 730 3914 res
752 3855 859 3916 nasci
878 3854 1037 3932 putauit.
1068 3870 1161 3932 qnae
1178 3871 1300 3914 rerum
1312 3852 1506 3932 principia

137 3956 370 4038 simpuiorum
401 3975 483 4019 esse
512 3954 679 4018 credidit
701 3955 861 4035 infinita
882 3963 917 4017 et
938 3953 1240 4020 innumerabiles
1261 3954 1418 4016 mundos
1439 3955 1505 4034 qi-

136 4078 249 4138 qnere
283 4066 319 4120 et
354 4076 601 4140 quaecumque
632 4058 671 4119 in
704 4059 758 4120 eis
796 4060 997 4132 oriantur,·
1038 4057 1173 4137 e'asque
1205 4054 1360 4118 mundos
1398 4057 1504 4118 motio

138 4161 300 4224 dissoiai
328 4161 437 4224 moda
474 4162 608 4224 iterum
633 4159 738 4239 qiqni
768 4161 999 4222 existimauit
1029 4165 1170 4240 quanta
1200 4158 1353 4238 quisque
1379 4167 1505 4222 aetate

135 4281 208 4325 sua
235 4281 384 4326 manere
417 4263 601 4344 potuerit5
633 4280 690 4324 nec
721 4263 790 4342 ipse
819 4263 940 4344 otiquid
975 4262 1100 4324 divinae
1132 4259 1225 4322 menti
1256 4260 1290 4320 in
1321 4260 1369 4322 tris
1401 4279 1505 4323 rerum

139 4365 288 4446 operimus
310 4365 457 4428 triantem

222 4470 281 4531 iste
303 4467 571 4530 Anaximenem
594 4465 780 4546 diemputum
802 4475 830 4529 ct
851 4483 1060 4528 succesmrem
1075 4465 1199 4544 reliquit
1214 4465 1268 4545 qui
1283 4481 1387 4526 omncs
1400 4483 1505 4526 rerum

136 4587 253 4634 causas
284 4571 368 4633 aeri
396 4571 556 4650 infinito
587 4569 672 4632 dedit
698 4587 755 4630 nec
781 4568 856 4630 deos
885 4569 1009 4650 neqaait
1031 4575 1084 4630 aut
1107 4567 1211 4629 tacuit.
1255 4574 1442 4629 nontamen
1464 4565 1504 4628 ab

134 4673 217 4753 ipsis
238 4692 342 4736 anem
363 4673 481 4754 factum
502 4672 559 4735 sert
579 4674 686 4754 ipsos
707 4689 751 4732 ecc
773 4688 861 4732 aere
883 4680 986 4734 ortos
1009 4668 1189 4732 credidit.

221 4776 480 4857 Anacaqoras
509 4794 583 4837 cero
611 4776 677 4837 eius
704 4773 831 4836 auditor
852 4773 962 4836 tarum
983 4791 1086 4835 rerum
1109 4773 1242 4834 omnium
1265 4789 1343 4852 quas
1366 4769 1504 4832 videmus

133 4875 311 4957 effectorem
340 4878 478 4941 diuinum
504 4880 641 4940 animum
666 4876 761 4938 sunit
788 4883 816 4938 et
843 4875 924 4938 aicit
950 4895 990 4936 eo
1016 4875 1139 4954 infinito
1167 4875 1299 4936 motoria
1328 4891 1407 4952 quae
1429 4890 1503 4933 can-
