<?xml version="1.0" encoding="UTF-8"?>
<!DOCTYPE html PUBLIC "-//W3C//DTD XHTML 1.0 Transitional//EN"
    "http://www.w3.org/TR/xhtml1/DTD/xhtml1-transitional.dtd">
<html xmlns="http://www.w3.org/1999/xhtml" xml:lang="en" lang="en">
 <head>
  <title>
</title>
<meta http-equiv="Content-Type" content="text/html;charset=utf-8" />
  <meta name='ocr-system' content='tesseract 3.04.00' />
  <meta name='ocr-capabilities' content='ocr_page ocr_carea ocr_par ocr_line ocrx_word'/>
</head>
<body>
  <div class='ocr_page' id='page_1' title='image "./doxographigraec01dielgoog/doxographigraec01dielgoog_0132.png"; bbox 0 0 3708 5732; ppageno 0'>
   <div class='ocr_carea' id='block_1_1' title="bbox 706 428 1522 491">
    <p class='ocr_par' dir='ltr' id='par_1_1' title="bbox 706 428 1522 491">
     <span class='ocr_line' id='line_1_1' title="bbox 706 428 1522 491; baseline 0 -14"><span class='ocrx_word' id='word_1_1' title='bbox 706 428 982 480; x_wconf 72' lang='lat' dir='ltr'><strong>recenseamus</strong></span> <span class='ocrx_word' id='word_1_2' title='bbox 1461 429 1522 491; x_wconf 75' lang='lat' dir='ltr'><strong>tlt</strong></span> 
     </span>
    </p>
   </div>
   <div class='ocr_carea' id='block_1_2' title="bbox 153 593 1525 3129">
    <p class='ocr_par' dir='ltr' id='par_1_2' title="bbox 159 593 1525 1496">
     <span class='ocr_line' id='line_1_2' title="bbox 166 593 1525 680; baseline 0.006 -22"><span class='ocrx_word' id='word_1_3' title='bbox 166 596 418 679; x_wconf 76' lang='grc' dir='ltr'>ὑπολαμβάνοντες</span> <span class='ocrx_word' id='word_1_4' title='bbox 439 593 470 658; x_wconf 87' lang='grc' dir='ltr'><strong>ἐν</strong></span> <span class='ocrx_word' id='word_1_5' title='bbox 495 597 649 660; x_wconf 77' lang='grc' dir='ltr'>ἀλλοιώσει</span> <span class='ocrx_word' id='word_1_6' title='bbox 672 597 800 679; x_wconf 79' lang='grc' dir='ltr'>γίνεσθαι</span> <span class='ocrx_word' id='word_1_7' title='bbox 822 595 855 660; x_wconf 94' lang='lat' dir='ltr'><strong>in</strong></span> <span class='ocrx_word' id='word_1_8' title='bbox 878 597 904 660; x_wconf 93' lang='lat' dir='ltr'><strong>P</strong></span> <span class='ocrx_word' id='word_1_9' title='bbox 926 614 1023 660; x_wconf 90' lang='lat' dir='ltr'><strong>manu</strong></span> <span class='ocrx_word' id='word_1_10' title='bbox 1046 597 1149 680; x_wconf 92' lang='lat' dir='ltr'><strong>prima</strong></span> <span class='ocrx_word' id='word_1_11' title='bbox 1169 597 1288 662; x_wconf 87' lang='lat' dir='ltr'><strong>omissa</strong></span> <span class='ocrx_word' id='word_1_12' title='bbox 1303 617 1375 664; x_wconf 88' lang='lat' dir='ltr'><strong>esse</strong></span> <span class='ocrx_word' id='word_1_13' title='bbox 1390 601 1525 667; x_wconf 85' lang='lat' dir='ltr'><strong>adnotat</strong></span> 
     </span>
     <span class='ocr_line' id='line_1_3' title="bbox 164 695 1525 782; baseline 0.006 -21"><span class='ocrx_word' id='word_1_14' title='bbox 164 695 364 761; x_wconf 82' lang='lat' dir='ltr'><strong>Brandisius.</strong></span> <span class='ocrx_word' id='word_1_15' title='bbox 398 703 512 780; x_wconf 88' lang='lat' dir='ltr'><strong>postea</strong></span> <span class='ocrx_word' id='word_1_16' title='bbox 533 697 630 780; x_wconf 90' lang='lat' dir='ltr'><strong>igitur</strong></span> <span class='ocrx_word' id='word_1_17' title='bbox 651 697 802 782; x_wconf 86' lang='lat' dir='ltr'><strong>suppleta</strong></span> <span class='ocrx_word' id='word_1_18' title='bbox 828 704 912 763; x_wconf 91' lang='lat' dir='ltr'><strong>sunt.</strong></span> <span class='ocrx_word' id='word_1_19' title='bbox 946 698 1091 764; x_wconf 92' lang='lat' dir='ltr'><strong>omisisse</strong></span> <span class='ocrx_word' id='word_1_20' title='bbox 1113 719 1152 765; x_wconf 90' lang='lat' dir='ltr'><strong>ea</strong></span> <span class='ocrx_word' id='word_1_21' title='bbox 1175 699 1314 765; x_wconf 85' lang='lat' dir='ltr'><strong>etiamF</strong></span> <span class='ocrx_word' id='word_1_22' title='bbox 1336 701 1422 766; x_wconf 91' lang='lat' dir='ltr'><strong>idem</strong></span> <span class='ocrx_word' id='word_1_23' title='bbox 1438 705 1525 770; x_wconf 89' lang='lat' dir='ltr'><strong>clare</strong></span> 
     </span>
     <span class='ocr_line' id='line_1_4' title="bbox 164 800 1525 886; baseline 0.004 -21"><span class='ocrx_word' id='word_1_24' title='bbox 164 803 311 865; x_wconf 84' lang='lat' dir='ltr'><strong>testatur.</strong></span> <span class='ocrx_word' id='word_1_25' title='bbox 345 805 380 862; x_wconf 90' lang='lat' dir='ltr'><strong>at</strong></span> <span class='ocrx_word' id='word_1_26' title='bbox 403 805 510 864; x_wconf 79' lang='lat' dir='ltr'><strong>exstat</strong></span> <span class='ocrx_word' id='word_1_27' title='bbox 532 800 791 883; x_wconf 89' lang='lat' dir='ltr'><strong>supplementum</strong></span> <span class='ocrx_word' id='word_1_28' title='bbox 813 800 846 863; x_wconf 93' lang='lat' dir='ltr'><strong>in</strong></span> <span class='ocrx_word' id='word_1_29' title='bbox 869 801 1028 866; x_wconf 90' lang='lat' dir='ltr'><strong>Vossiano</strong></span> <span class='ocrx_word' id='word_1_30' title='bbox 1052 801 1272 885; x_wconf 80' lang='lat' dir='ltr'><strong>(lamatioque.</strong></span> <span class='ocrx_word' id='word_1_31' title='bbox 1309 803 1385 886; x_wconf 89' lang='lat' dir='ltr'><strong>quid</strong></span> <span class='ocrx_word' id='word_1_32' title='bbox 1407 805 1525 886; x_wconf 83' lang='lat' dir='ltr'><strong>igitur?</strong></span> 
     </span>
     <span class='ocr_line' id='line_1_5' title="bbox 164 900 1522 991; baseline 0.007 -26"><span class='ocrx_word' id='word_1_33' title='bbox 164 900 313 985; x_wconf 77' lang='lat' dir='ltr'><strong>patiarne</strong></span> <span class='ocrx_word' id='word_1_34' title='bbox 335 907 466 984; x_wconf 92' lang='lat' dir='ltr'><strong>propter</strong></span> <span class='ocrx_word' id='word_1_35' title='bbox 489 901 574 965; x_wconf 89' lang='lat' dir='ltr'><strong>hunc</strong></span> <span class='ocrx_word' id='word_1_36' title='bbox 597 900 674 964; x_wconf 92' lang='lat' dir='ltr'><strong>mihi</strong></span> <span class='ocrx_word' id='word_1_37' title='bbox 697 901 802 966; x_wconf 92' lang='lat' dir='ltr'><strong>locum</strong></span> <span class='ocrx_word' id='word_1_38' title='bbox 825 907 926 966; x_wconf 91' lang='lat' dir='ltr'><strong>totam</strong></span> <span class='ocrx_word' id='word_1_39' title='bbox 947 903 1106 968; x_wconf 92' lang='lat' dir='ltr'><strong>rationem</strong></span> <span class='ocrx_word' id='word_1_40' title='bbox 1128 905 1291 987; x_wconf 80' lang='lat' dir='ltr'><strong>peruerti?</strong></span> <span class='ocrx_word' id='word_1_41' title='bbox 1317 906 1446 972; x_wconf 92' lang='lat' dir='ltr'><strong>minime</strong></span> <span class='ocrx_word' id='word_1_42' title='bbox 1462 928 1522 991; x_wconf 87' lang='lat' dir='ltr'><strong>ego</strong></span> 
     </span>
     <span class='ocr_line' id='line_1_6' title="bbox 162 1001 1522 1089; baseline 0.005 -21"><span class='ocrx_word' id='word_1_43' title='bbox 162 1002 303 1088; x_wconf 89' lang='lat' dir='ltr'><strong>quidem,</strong></span> <span class='ocrx_word' id='word_1_44' title='bbox 325 1003 401 1067; x_wconf 89' lang='lat' dir='ltr'><strong>dum</strong></span> <span class='ocrx_word' id='word_1_45' title='bbox 423 1003 457 1066; x_wconf 92' lang='lat' dir='ltr'><strong>in</strong></span> <span class='ocrx_word' id='word_1_46' title='bbox 479 1001 690 1067; x_wconf 88' lang='lat' dir='ltr'><strong>Laurentiani</strong></span> <span class='ocrx_word' id='word_1_47' title='bbox 715 1003 860 1086; x_wconf 79' lang='lat' dir='ltr'><strong>margine</strong></span> <span class='ocrx_word' id='word_1_48' title='bbox 883 1005 1097 1088; x_wconf 88' lang='lat' dir='ltr'><strong>supplementi</strong></span> <span class='ocrx_word' id='word_1_49' title='bbox 1112 1025 1154 1072; x_wconf 94' lang='lat' dir='ltr'><strong>ne</strong></span> <span class='ocrx_word' id='word_1_50' title='bbox 1170 1005 1297 1071; x_wconf 90' lang='lat' dir='ltr'><strong>lituram</strong></span> <span class='ocrx_word' id='word_1_51' title='bbox 1313 1007 1443 1089; x_wconf 91' lang='lat' dir='ltr'><strong>quidem</strong></span> <span class='ocrx_word' id='word_1_52' title='bbox 1458 1010 1522 1075; x_wconf 92' lang='lat' dir='ltr'><strong>iam</strong></span> 
     </span>
     <span class='ocr_line' id='line_1_7' title="bbox 163 1103 1522 1190; baseline 0.005 -20"><span class='ocrx_word' id='word_1_53' title='bbox 163 1111 293 1171; x_wconf 83' lang='lat' dir='ltr'><strong>exstare</strong></span> <span class='ocrx_word' id='word_1_54' title='bbox 316 1105 432 1188; x_wconf 90' lang='lat' dir='ltr'><strong>aliquis</strong></span> <span class='ocrx_word' id='word_1_55' title='bbox 454 1104 520 1169; x_wconf 90' lang='lat' dir='ltr'><strong>suis</strong></span> <span class='ocrx_word' id='word_1_56' title='bbox 543 1103 645 1168; x_wconf 90' lang='lat' dir='ltr'><strong>oculis</strong></span> <span class='ocrx_word' id='word_1_57' title='bbox 666 1103 792 1170; x_wconf 82' lang='lat' dir='ltr'><strong>viderit.</strong></span> <span class='ocrx_word' id='word_1_58' title='bbox 837 1125 912 1170; x_wconf 90' lang='lat' dir='ltr'><strong>nam</strong></span> <span class='ocrx_word' id='word_1_59' title='bbox 935 1106 1073 1171; x_wconf 91' lang='lat' dir='ltr'><strong>Parisini</strong></span> <span class='ocrx_word' id='word_1_60' title='bbox 1097 1107 1259 1190; x_wconf 82' lang='lat' dir='ltr'><strong>quandam</strong></span> <span class='ocrx_word' id='word_1_61' title='bbox 1282 1110 1428 1174; x_wconf 85' lang='lat' dir='ltr'><strong>notitiam</strong></span> <span class='ocrx_word' id='word_1_62' title='bbox 1451 1113 1522 1177; x_wconf 89' lang='lat' dir='ltr'><strong>istis</strong></span> 
     </span>
     <span class='ocr_line' id='line_1_8' title="bbox 162 1205 1522 1296; baseline 0.005 -24"><span class='ocrx_word' id='word_1_63' title='bbox 162 1207 224 1273; x_wconf 92' lang='lat' dir='ltr'><strong>hoc</strong></span> <span class='ocrx_word' id='word_1_64' title='bbox 255 1227 320 1272; x_wconf 92' lang='lat' dir='ltr'><strong>uno</strong></span> <span class='ocrx_word' id='word_1_65' title='bbox 347 1209 419 1273; x_wconf 90' lang='lat' dir='ltr'><strong>loco</strong></span> <span class='ocrx_word' id='word_1_66' title='bbox 448 1211 579 1290; x_wconf 91' lang='lat' dir='ltr'><strong>praesto</strong></span> <span class='ocrx_word' id='word_1_67' title='bbox 610 1205 710 1271; x_wconf 86' lang='lat' dir='ltr'><strong>fuisse</strong></span> <span class='ocrx_word' id='word_1_68' title='bbox 737 1225 850 1290; x_wconf 90' lang='lat' dir='ltr'><strong>parum</strong></span> <span class='ocrx_word' id='word_1_69' title='bbox 879 1208 1043 1274; x_wconf 89' lang='lat' dir='ltr'><strong>credibile.</strong></span> <span class='ocrx_word' id='word_1_70' title='bbox 1087 1216 1276 1292; x_wconf 78' lang='lat' dir='ltr'><strong>curantem</strong></span> <span class='ocrx_word' id='word_1_71' title='bbox 1308 1231 1348 1276; x_wconf 87' lang='lat' dir='ltr'><strong>ex</strong></span> <span class='ocrx_word' id='word_1_72' title='bbox 1376 1215 1522 1296; x_wconf 77' lang='lat' dir='ltr'><strong>margine</strong></span> 
     </span>
     <span class='ocr_line' id='line_1_9' title="bbox 160 1306 1522 1394; baseline 0.005 -20"><span class='ocrx_word' id='word_1_73' title='bbox 160 1311 421 1394; x_wconf 88' lang='lat' dir='ltr'><strong>supplementum</strong></span> <span class='ocrx_word' id='word_1_74' title='bbox 444 1308 578 1394; x_wconf 86' lang='lat' dir='ltr'><strong>petitum</strong></span> <span class='ocrx_word' id='word_1_75' title='bbox 601 1306 724 1392; x_wconf 91' lang='lat' dir='ltr'><strong>dicam,</strong></span> <span class='ocrx_word' id='word_1_76' title='bbox 753 1329 818 1373; x_wconf 94' lang='lat' dir='ltr'><strong>non</strong></span> <span class='ocrx_word' id='word_1_77' title='bbox 840 1309 1062 1378; x_wconf 78' lang='lat' dir='ltr'><strong>dissimulabo,</strong></span> <span class='ocrx_word' id='word_1_78' title='bbox 1101 1331 1176 1378; x_wconf 88' lang='lat' dir='ltr'><strong>ecee</strong></span> <span class='ocrx_word' id='word_1_79' title='bbox 1199 1312 1348 1378; x_wconf 89' lang='lat' dir='ltr'><strong>Vossiani</strong></span> <span class='ocrx_word' id='word_1_80' title='bbox 1371 1315 1522 1383; x_wconf 82' lang='lat' dir='ltr'><strong>Camotii-</strong></span> 
     </span>
     <span class='ocr_line' id='line_1_10' title="bbox 159 1411 450 1496; baseline 0 -20"><span class='ocrx_word' id='word_1_81' title='bbox 159 1431 224 1495; x_wconf 89' lang='lat' dir='ltr'><strong>que</strong></span> <span class='ocrx_word' id='word_1_82' title='bbox 246 1411 450 1496; x_wconf 89' lang='lat' dir='ltr'><strong>scripturam:</strong></span> 
     </span>
    </p>

    <p class='ocr_par' dir='ltr' id='par_1_3' title="bbox 334 1511 1302 1600">
     <span class='ocr_line' id='line_1_11' title="bbox 334 1511 1302 1600; baseline 0.004 -22"><span class='ocrx_word' id='word_1_83' title='bbox 334 1521 369 1600; x_wconf 80' lang='grc' dir='ltr'><strong>τῆ</strong></span> <span class='ocrx_word' id='word_1_84' title='bbox 393 1513 535 1599; x_wconf 78' lang='grc' dir='ltr'>ἀπαρροία</span> <span class='ocrx_word' id='word_1_85' title='bbox 556 1513 661 1596; x_wconf 74' lang='grc' dir='ltr'>γίνεται</span> <span class='ocrx_word' id='word_1_86' title='bbox 683 1513 716 1575; x_wconf 82' lang='grc' dir='ltr'><strong>τὺ</strong></span> <span class='ocrx_word' id='word_1_87' title='bbox 739 1511 761 1576; x_wconf 80' lang='grc' dir='ltr'><strong>δ’</strong></span> <span class='ocrx_word' id='word_1_88' title='bbox 790 1516 889 1597; x_wconf 78' lang='grc' dir='ltr'>ὅμοιον</span> <span class='ocrx_word' id='word_1_89' title='bbox 912 1515 1029 1598; x_wconf 82' lang='grc' dir='ltr'>φέρεται</span> <span class='ocrx_word' id='word_1_90' title='bbox 1053 1517 1124 1599; x_wconf 83' lang='grc' dir='ltr'>πρὸς</span> <span class='ocrx_word' id='word_1_91' title='bbox 1146 1519 1179 1580; x_wconf 83' lang='grc' dir='ltr'><strong>τὸ</strong></span> <span class='ocrx_word' id='word_1_92' title='bbox 1203 1517 1302 1600; x_wconf 82' lang='grc' dir='ltr'>ὅμοιον</span> 
     </span>
    </p>

    <p class='ocr_par' dir='ltr' id='par_1_4' title="bbox 333 1615 1322 1702">
     <span class='ocr_line' id='line_1_12' title="bbox 333 1615 1322 1702; baseline 0.005 -22"><span class='ocrx_word' id='word_1_93' title='bbox 333 1619 360 1680; x_wconf 82' lang='grc' dir='ltr'>οἱ</span> <span class='ocrx_word' id='word_1_94' title='bbox 383 1617 489 1700; x_wconf 82' lang='grc' dir='ltr'>δὲτὴν</span> <span class='ocrx_word' id='word_1_95' title='bbox 516 1615 652 1699; x_wconf 73' lang='grc' dir='ltr'>αἴσθησιν</span> <span class='ocrx_word' id='word_1_96' title='bbox 680 1617 930 1702; x_wconf 80' lang='grc' dir='ltr'>ὑπολαμβάνοντες</span> <span class='ocrx_word' id='word_1_97' title='bbox 956 1616 986 1679; x_wconf 83' lang='grc' dir='ltr'><strong>ἐν</strong></span> <span class='ocrx_word' id='word_1_98' title='bbox 1013 1618 1166 1682; x_wconf 80' lang='grc' dir='ltr'>ἀλλοιώσει</span> <span class='ocrx_word' id='word_1_99' title='bbox 1193 1621 1322 1702; x_wconf 71' lang='grc' dir='ltr'>γίνεσθαι</span> 
     </span>
    </p>

    <p class='ocr_par' dir='ltr' id='par_1_5' title="bbox 332 1718 1322 1804">
     <span class='ocr_line' id='line_1_13' title="bbox 332 1718 1322 1804; baseline 0.005 -22"><span class='ocrx_word' id='word_1_100' title='bbox 332 1725 368 1802; x_wconf 84' lang='grc' dir='ltr'><strong>τῆ</strong></span> <span class='ocrx_word' id='word_1_101' title='bbox 392 1719 534 1802; x_wconf 83' lang='grc' dir='ltr'>ἀπορροία</span> <span class='ocrx_word' id='word_1_102' title='bbox 555 1719 672 1801; x_wconf 66' lang='grc' dir='ltr'>γίνεταί.</span> <span class='ocrx_word' id='word_1_103' title='bbox 701 1720 733 1781; x_wconf 84' lang='grc' dir='ltr'><strong>τὸ</strong></span> <span class='ocrx_word' id='word_1_104' title='bbox 757 1718 782 1782; x_wconf 84' lang='grc' dir='ltr'><strong>δ’</strong></span> <span class='ocrx_word' id='word_1_105' title='bbox 811 1719 910 1801; x_wconf 74' lang='grc' dir='ltr'>ὅμοιον</span> <span class='ocrx_word' id='word_1_106' title='bbox 933 1718 1051 1802; x_wconf 83' lang='grc' dir='ltr'>φέρεται</span> <span class='ocrx_word' id='word_1_107' title='bbox 1074 1722 1145 1804; x_wconf 82' lang='grc' dir='ltr'>πρὸς</span> <span class='ocrx_word' id='word_1_108' title='bbox 1167 1723 1200 1784; x_wconf 76' lang='grc' dir='ltr'><strong>τὸ</strong></span> <span class='ocrx_word' id='word_1_109' title='bbox 1223 1723 1322 1804; x_wconf 77' lang='grc' dir='ltr'>ὅμοιον</span> 
     </span>
    </p>

    <p class='ocr_par' dir='ltr' id='par_1_6' title="bbox 154 1821 1519 2520">
     <span class='ocr_line' id='line_1_14' title="bbox 333 1821 1143 1904; baseline 0 -19"><span class='ocrx_word' id='word_1_110' title='bbox 333 1823 381 1885; x_wconf 84' lang='grc' dir='ltr'><strong>καὶ</strong></span> <span class='ocrx_word' id='word_1_111' title='bbox 403 1823 436 1885; x_wconf 87' lang='grc' dir='ltr'><strong>τὸ</strong></span> <span class='ocrx_word' id='word_1_112' title='bbox 460 1823 512 1904; x_wconf 84' lang='grc' dir='ltr'><strong>μὲν</strong></span> <span class='ocrx_word' id='word_1_113' title='bbox 536 1822 635 1903; x_wconf 72' lang='grc' dir='ltr'>ὅμοιον</span> <span class='ocrx_word' id='word_1_114' title='bbox 659 1821 782 1891; x_wconf 80' lang='grc' dir='ltr'>ἅπαντες</span> <span class='ocrx_word' id='word_1_115' title='bbox 805 1823 861 1885; x_wconf 86' lang='grc' dir='ltr'><strong>ὑπὸ</strong></span> <span class='ocrx_word' id='word_1_116' title='bbox 883 1826 935 1884; x_wconf 83' lang='grc' dir='ltr'>τοῦ</span> <span class='ocrx_word' id='word_1_117' title='bbox 958 1821 1061 1904; x_wconf 82' lang='grc' dir='ltr'>ὁμοίου</span> <span class='ocrx_word' id='word_1_118' title='bbox 1083 1824 1143 1885; x_wconf 88' lang='grc' dir='ltr'>κτλ.</span> 
     </span>
     <span class='ocr_line' id='line_1_15' title="bbox 158 1921 1519 2010; baseline 0.004 -20"><span class='ocrx_word' id='word_1_119' title='bbox 158 1927 282 2010; x_wconf 86' lang='lat' dir='ltr'><strong>primns</strong></span> <span class='ocrx_word' id='word_1_120' title='bbox 304 1923 482 1994; x_wconf 78' lang='lat' dir='ltr'><strong>versiculus</strong></span> <span class='ocrx_word' id='word_1_121' title='bbox 504 1921 720 2006; x_wconf 87' lang='lat' dir='ltr'><strong>quadraginta</strong></span> <span class='ocrx_word' id='word_1_122' title='bbox 739 1929 890 2006; x_wconf 90' lang='lat' dir='ltr'><strong>quattuor</strong></span> <span class='ocrx_word' id='word_1_123' title='bbox 905 1921 1094 2008; x_wconf 87' lang='lat' dir='ltr'><strong>litterarum,</strong></span> <span class='ocrx_word' id='word_1_124' title='bbox 1117 1923 1170 2007; x_wconf 89' lang='lat' dir='ltr'><strong>qui</strong></span> <span class='ocrx_word' id='word_1_125' title='bbox 1185 1946 1336 1993; x_wconf 89' lang='lat' dir='ltr'><strong>numerus</strong></span> <span class='ocrx_word' id='word_1_126' title='bbox 1353 1929 1519 1998; x_wconf 87' lang='lat' dir='ltr'><strong>observari</strong></span> 
     </span>
     <span class='ocr_line' id='line_1_16' title="bbox 156 2022 1518 2118; baseline 0.004 -24"><span class='ocrx_word' id='word_1_127' title='bbox 156 2035 267 2114; x_wconf 88' lang='lat' dir='ltr'><strong>potest</strong></span> <span class='ocrx_word' id='word_1_128' title='bbox 286 2029 319 2092; x_wconf 95' lang='lat' dir='ltr'><strong>in</strong></span> <span class='ocrx_word' id='word_1_129' title='bbox 337 2024 446 2090; x_wconf 89' lang='lat' dir='ltr'><strong>multis</strong></span> <span class='ocrx_word' id='word_1_130' title='bbox 461 2025 586 2108; x_wconf 90' lang='lat' dir='ltr'><strong>graecis</strong></span> <span class='ocrx_word' id='word_1_131' title='bbox 601 2025 765 2090; x_wconf 74' lang='lat' dir='ltr'><strong>codicibus</strong></span> <span class='ocrx_word' id='word_1_132' title='bbox 786 2022 836 2110; x_wconf 87' lang='lat' dir='ltr'><strong>[cf.</strong></span> <span class='ocrx_word' id='word_1_133' title='bbox 852 2046 883 2090; x_wconf 94' lang='lat' dir='ltr'><strong>n.</strong></span> <span class='ocrx_word' id='word_1_134' title='bbox 895 2024 1003 2108; x_wconf 74' lang='lat' dir='ltr'><strong>Jahrb.</strong></span> <span class='ocrx_word' id='word_1_135' title='bbox 1018 2023 1039 2090; x_wconf 89' lang='lat' dir='ltr'><strong>f.</strong></span> <span class='ocrx_word' id='word_1_136' title='bbox 1054 2026 1092 2089; x_wconf 89' lang='lat' dir='ltr'><strong>cl.</strong></span> <span class='ocrx_word' id='word_1_137' title='bbox 1109 2026 1192 2092; x_wconf 93' lang='lat' dir='ltr'><strong>Phil.</strong></span> <span class='ocrx_word' id='word_1_138' title='bbox 1210 2027 1264 2093; x_wconf 82' lang='lat' dir='ltr'><strong>OV</strong></span> <span class='ocrx_word' id='word_1_139' title='bbox 1281 2031 1363 2096; x_wconf 81' lang='grc'><strong>1872</strong></span> <span class='ocrx_word' id='word_1_140' title='bbox 1379 2054 1410 2116; x_wconf 93' lang='lat' dir='ltr'><strong>p.</strong></span> <span class='ocrx_word' id='word_1_141' title='bbox 1425 2035 1518 2118; x_wconf 80' lang='lat'><strong>193⁴]</strong></span> 
     </span>
     <span class='ocr_line' id='line_1_17' title="bbox 156 2127 1519 2210; baseline 0.007 -16"><span class='ocrx_word' id='word_1_142' title='bbox 156 2131 295 2196; x_wconf 88' lang='lat' dir='ltr'><strong>iteratur</strong></span> <span class='ocrx_word' id='word_1_143' title='bbox 316 2127 412 2194; x_wconf 90' lang='lat' dir='ltr'><strong>tertio</strong></span> <span class='ocrx_word' id='word_1_144' title='bbox 435 2127 517 2191; x_wconf 88' lang='lat' dir='ltr'><strong>loco.</strong></span> <span class='ocrx_word' id='word_1_145' title='bbox 554 2147 672 2210; x_wconf 85' lang='lat' dir='ltr'><strong>nempe</strong></span> <span class='ocrx_word' id='word_1_146' title='bbox 693 2127 796 2192; x_wconf 88' lang='lat' dir='ltr'><strong>altero</strong></span> <span class='ocrx_word' id='word_1_147' title='bbox 820 2147 860 2192; x_wconf 83' lang='lat' dir='ltr'><strong>ex</strong></span> <span class='ocrx_word' id='word_1_148' title='bbox 883 2127 1028 2208; x_wconf 83' lang='lat' dir='ltr'><strong>margine</strong></span> <span class='ocrx_word' id='word_1_149' title='bbox 1049 2127 1171 2193; x_wconf 88' lang='lat' dir='ltr'><strong>inserto</strong></span> <span class='ocrx_word' id='word_1_150' title='bbox 1194 2130 1362 2197; x_wconf 85' lang='lat' dir='ltr'><strong>scribentis</strong></span> <span class='ocrx_word' id='word_1_151' title='bbox 1384 2137 1468 2200; x_wconf 92' lang='lat' dir='ltr'><strong>oculi</strong></span> <span class='ocrx_word' id='word_1_152' title='bbox 1484 2146 1519 2204; x_wconf 91' lang='lat' dir='ltr'><strong>ut</strong></span> 
     </span>
     <span class='ocr_line' id='line_1_18' title="bbox 155 2227 1517 2324; baseline 0.005 -27"><span class='ocrx_word' id='word_1_153' title='bbox 155 2233 228 2298; x_wconf 86' lang='lat' dir='ltr'><strong>lieri</strong></span> <span class='ocrx_word' id='word_1_154' title='bbox 257 2233 340 2296; x_wconf 90' lang='lat' dir='ltr'><strong>solet</strong></span> <span class='ocrx_word' id='word_1_155' title='bbox 370 2229 572 2294; x_wconf 86' lang='lat' dir='ltr'><strong>aberrarunt.</strong></span> <span class='ocrx_word' id='word_1_156' title='bbox 616 2249 687 2294; x_wconf 87' lang='lat' dir='ltr'><strong>cnm</strong></span> <span class='ocrx_word' id='word_1_157' title='bbox 717 2249 805 2294; x_wconf 88' lang='lat' dir='ltr'><strong>error</strong></span> <span class='ocrx_word' id='word_1_158' title='bbox 833 2227 990 2294; x_wconf 89' lang='lat' dir='ltr'><strong>Vossiano</strong></span> <span class='ocrx_word' id='word_1_159' title='bbox 1019 2228 1229 2314; x_wconf 84' lang='lat' dir='ltr'><strong>Camotioque</strong></span> <span class='ocrx_word' id='word_1_160' title='bbox 1259 2233 1300 2298; x_wconf 91' lang='lat' dir='ltr'><strong>sit</strong></span> <span class='ocrx_word' id='word_1_161' title='bbox 1330 2241 1517 2324; x_wconf 86' lang='lat' dir='ltr'><strong>communis,</strong></span> 
     </span>
     <span class='ocr_line' id='line_1_19' title="bbox 154 2330 1517 2425; baseline 0.007 -26"><span class='ocrx_word' id='word_1_162' title='bbox 154 2335 253 2400; x_wconf 90' lang='lat' dir='ltr'><strong>simul</strong></span> <span class='ocrx_word' id='word_1_163' title='bbox 274 2333 459 2415; x_wconf 83' lang='lat' dir='ltr'><strong>intelleges,</strong></span> <span class='ocrx_word' id='word_1_164' title='bbox 486 2351 542 2396; x_wconf 91' lang='lat' dir='ltr'><strong>cur</strong></span> <span class='ocrx_word' id='word_1_165' title='bbox 568 2352 627 2415; x_wconf 91' lang='lat' dir='ltr'><strong>per</strong></span> <span class='ocrx_word' id='word_1_166' title='bbox 649 2331 813 2397; x_wconf 83' lang='lat' dir='ltr'><strong>traducem</strong></span> <span class='ocrx_word' id='word_1_167' title='bbox 842 2351 883 2396; x_wconf 85' lang='lat' dir='ltr'><strong>ex</strong></span> <span class='ocrx_word' id='word_1_168' title='bbox 908 2330 1085 2414; x_wconf 82' lang='lat' dir='ltr'><strong>exemplari</strong></span> <span class='ocrx_word' id='word_1_169' title='bbox 1113 2333 1211 2414; x_wconf 89' lang='lat' dir='ltr'><strong>paulo</strong></span> <span class='ocrx_word' id='word_1_170' title='bbox 1238 2337 1416 2405; x_wconf 88' lang='lat' dir='ltr'><strong>vetustiore</strong></span> <span class='ocrx_word' id='word_1_171' title='bbox 1441 2361 1517 2425; x_wconf 81' lang='lat' dir='ltr'><strong>apo</strong></span> 
     </span>
     <span class='ocr_line' id='line_1_20' title="bbox 154 2433 659 2520; baseline -0.01 -18"><span class='ocrx_word' id='word_1_172' title='bbox 154 2436 285 2520; x_wconf 77' lang='lat' dir='ltr'><strong>grapho</strong></span> <span class='ocrx_word' id='word_1_173' title='bbox 306 2439 489 2518; x_wconf 83' lang='lat' dir='ltr'><strong>propagata</strong></span> <span class='ocrx_word' id='word_1_174' title='bbox 511 2433 659 2499; x_wconf 76' lang='lat' dir='ltr'><strong>credam:</strong></span> 
     </span>
    </p>

    <p class='ocr_par' dir='ltr' id='par_1_7' title="bbox 153 2534 1517 3129">
     <span class='ocr_line' id='line_1_21' title="bbox 244 2534 1517 2627; baseline 0.005 -25"><span class='ocrx_word' id='word_1_175' title='bbox 244 2537 356 2602; x_wconf 81' lang='lat' dir='ltr'><strong>Restat</strong></span> <span class='ocrx_word' id='word_1_176' title='bbox 371 2543 406 2600; x_wconf 89' lang='lat' dir='ltr'><strong>ut</strong></span> <span class='ocrx_word' id='word_1_177' title='bbox 428 2534 642 2600; x_wconf 88' lang='lat' dir='ltr'><strong>Parisinnm</strong></span> <span class='ocrx_word' id='word_1_178' title='bbox 657 2535 741 2600; x_wconf 77' lang='lat'>2073</span> <span class='ocrx_word' id='word_1_179' title='bbox 757 2541 918 2600; x_wconf 87' lang='lat' dir='ltr'><strong>recentem</strong></span> <span class='ocrx_word' id='word_1_180' title='bbox 934 2555 1191 2621; x_wconf 88' lang='lat' dir='ltr'><strong>commemorem,</strong></span> <span class='ocrx_word' id='word_1_181' title='bbox 1214 2537 1268 2602; x_wconf 94' lang='lat' dir='ltr'><strong>ubi</strong></span> <span class='ocrx_word' id='word_1_182' title='bbox 1287 2542 1306 2620; x_wconf 64' lang='grc' dir='ltr'><strong>ξ</strong></span> <span class='ocrx_word' id='word_1_183' title='bbox 1322 2541 1364 2604; x_wconf 90' lang='grc'><strong>66</strong></span> <span class='ocrx_word' id='word_1_184' title='bbox 1384 2545 1517 2627; x_wconf 92' lang='lat' dir='ltr'><strong>amplio-</strong></span> 
     </span>
     <span class='ocr_line' id='line_1_22' title="bbox 155 2637 1517 2722; baseline 0.003 -16"><span class='ocrx_word' id='word_1_185' title='bbox 155 2661 226 2706; x_wconf 93' lang='lat' dir='ltr'><strong>rem</strong></span> <span class='ocrx_word' id='word_1_186' title='bbox 247 2640 337 2704; x_wconf 91' lang='lat' dir='ltr'><strong>illam</strong></span> <span class='ocrx_word' id='word_1_187' title='bbox 358 2637 508 2702; x_wconf 88' lang='lat' dir='ltr'><strong>lacunam</strong></span> <span class='ocrx_word' id='word_1_188' title='bbox 531 2643 605 2720; x_wconf 90' lang='lat' dir='ltr'><strong>post</strong></span> <span class='ocrx_word' id='word_1_189' title='bbox 626 2641 788 2722; x_wconf 80' lang='grc' dir='ltr'>περιφερῶν</span> <span class='ocrx_word' id='word_1_190' title='bbox 817 2637 954 2702; x_wconf 88' lang='lat' dir='ltr'><strong>inveniri</strong></span> <span class='ocrx_word' id='word_1_191' title='bbox 982 2638 1060 2702; x_wconf 91' lang='lat' dir='ltr'><strong>dicit</strong></span> <span class='ocrx_word' id='word_1_192' title='bbox 1082 2639 1271 2704; x_wconf 89' lang='lat' dir='ltr'><strong>Brandisius</strong></span> <span class='ocrx_word' id='word_1_193' title='bbox 1299 2648 1331 2706; x_wconf 92' lang='lat' dir='ltr'><strong>et</strong></span> <span class='ocrx_word' id='word_1_194' title='bbox 1359 2641 1517 2711; x_wconf 91' lang='lat' dir='ltr'><strong>Ottobo-</strong></span> 
     </span>
     <span class='ocr_line' id='line_1_23' title="bbox 153 2738 1513 2826; baseline 0.005 -18"><span class='ocrx_word' id='word_1_195' title='bbox 153 2744 308 2808; x_wconf 90' lang='lat' dir='ltr'><strong>nianum</strong></span> <span class='ocrx_word' id='word_1_196' title='bbox 329 2742 372 2805; x_wconf 93' lang='grc'><strong>46</strong></span> <span class='ocrx_word' id='word_1_197' title='bbox 393 2739 599 2804; x_wconf 86' lang='lat' dir='ltr'><strong>chartaceum</strong></span> <span class='ocrx_word' id='word_1_198' title='bbox 622 2746 795 2822; x_wconf 89' lang='lat' dir='ltr'><strong>recentem,</strong></span> <span class='ocrx_word' id='word_1_199' title='bbox 817 2758 911 2821; x_wconf 89' lang='lat' dir='ltr'><strong>quern</strong></span> <span class='ocrx_word' id='word_1_200' title='bbox 934 2738 1019 2804; x_wconf 92' lang='lat' dir='ltr'><strong>idem</strong></span> <span class='ocrx_word' id='word_1_201' title='bbox 1044 2738 1137 2826; x_wconf 83' lang='lat' dir='ltr'><strong>[Abh.</strong></span> <span class='ocrx_word' id='word_1_202' title='bbox 1158 2741 1190 2806; x_wconf 90' lang='lat' dir='ltr'><strong>d.</strong></span> <span class='ocrx_word' id='word_1_203' title='bbox 1206 2741 1291 2807; x_wconf 88' lang='lat' dir='ltr'><strong>Berl.</strong></span> <span class='ocrx_word' id='word_1_204' title='bbox 1307 2743 1414 2810; x_wconf 80' lang='lat' dir='ltr'><strong>Akad.</strong></span> <span class='ocrx_word' id='word_1_205' title='bbox 1434 2749 1513 2814; x_wconf 86' lang='grc'><strong>1831</strong></span> 
     </span>
     <span class='ocr_line' id='line_1_24' title="bbox 155 2841 1514 2930; baseline 0.004 -21"><span class='ocrx_word' id='word_1_206' title='bbox 155 2868 189 2930; x_wconf 91' lang='lat' dir='ltr'><strong>p.</strong></span> <span class='ocrx_word' id='word_1_207' title='bbox 206 2845 258 2928; x_wconf 83' lang='lat'><strong>69,</strong></span> <span class='ocrx_word' id='word_1_208' title='bbox 275 2841 348 2930; x_wconf 78' lang='lat'>121]</span> <span class='ocrx_word' id='word_1_209' title='bbox 370 2842 403 2906; x_wconf 85' lang='lat' dir='ltr'><strong>in</strong></span> <span class='ocrx_word' id='word_1_210' title='bbox 425 2841 532 2907; x_wconf 78' lang='lat' dir='ltr'><strong>fronte</strong></span> <span class='ocrx_word' id='word_1_211' title='bbox 555 2841 741 2926; x_wconf 77' lang='grc' dir='ltr'>Θεοφράστου</span> <span class='ocrx_word' id='word_1_212' title='bbox 764 2843 828 2925; x_wconf 82' lang='grc' dir='ltr'>περὶ</span> <span class='ocrx_word' id='word_1_213' title='bbox 849 2841 1016 2925; x_wconf 78' lang='grc' dir='ltr'>αἰσθήσεων</span> <span class='ocrx_word' id='word_1_214' title='bbox 1032 2841 1184 2908; x_wconf 81' lang='lat' dir='ltr'><strong>exbibete</strong></span> <span class='ocrx_word' id='word_1_215' title='bbox 1206 2851 1352 2910; x_wconf 80' lang='lat' dir='ltr'><strong>testatur.</strong></span> <span class='ocrx_word' id='word_1_216' title='bbox 1380 2847 1514 2914; x_wconf 83' lang='lat' dir='ltr'><strong>Veneti</strong></span> 
     </span>
     <span class='ocr_line' id='line_1_25' title="bbox 155 2941 1516 3028; baseline 0.002 -16"><span class='ocrx_word' id='word_1_217' title='bbox 155 2948 223 3012; x_wconf 83' lang='grc'><strong>263</strong></span> <span class='ocrx_word' id='word_1_218' title='bbox 235 2967 261 3010; x_wconf 92' lang='lat' dir='ltr'><strong>s.</strong></span> <span class='ocrx_word' id='word_1_219' title='bbox 274 2945 334 3009; x_wconf 85' lang='lat' dir='ltr'><strong>XV</strong></span> <span class='ocrx_word' id='word_1_220' title='bbox 348 2944 512 3028; x_wconf 88' lang='lat' dir='ltr'><strong>specimen</strong></span> <span class='ocrx_word' id='word_1_221' title='bbox 523 2943 713 3008; x_wconf 87' lang='lat' dir='ltr'><strong>Brandisius</strong></span> <span class='ocrx_word' id='word_1_222' title='bbox 724 2941 936 3008; x_wconf 80' lang='lat' dir='ltr'><strong>Camotianae</strong></span> <span class='ocrx_word' id='word_1_223' title='bbox 947 2943 1127 3028; x_wconf 84' lang='lat' dir='ltr'><strong>adscripsit,</strong></span> <span class='ocrx_word' id='word_1_224' title='bbox 1143 2945 1228 3011; x_wconf 89' lang='lat' dir='ltr'><strong>unde</strong></span> <span class='ocrx_word' id='word_1_225' title='bbox 1240 2967 1310 3011; x_wconf 89' lang='lat' dir='ltr'><strong>cum</strong></span> <span class='ocrx_word' id='word_1_226' title='bbox 1323 2967 1363 3012; x_wconf 81' lang='lat' dir='ltr'><strong>ex</strong></span> <span class='ocrx_word' id='word_1_227' title='bbox 1376 2949 1516 3016; x_wconf 88' lang='lat' dir='ltr'><strong>Lauren-</strong></span> 
     </span>
     <span class='ocr_line' id='line_1_26' title="bbox 153 3044 1514 3129; baseline 0.003 -16"><span class='ocrx_word' id='word_1_228' title='bbox 153 3050 246 3113; x_wconf 90' lang='lat' dir='ltr'><strong>tiano</strong></span> <span class='ocrx_word' id='word_1_229' title='bbox 269 3045 400 3110; x_wconf 84' lang='lat' dir='ltr'><strong>fluxisse</strong></span> <span class='ocrx_word' id='word_1_230' title='bbox 422 3051 455 3110; x_wconf 92' lang='lat' dir='ltr'><strong>et</strong></span> <span class='ocrx_word' id='word_1_231' title='bbox 475 3051 646 3128; x_wconf 92' lang='lat' dir='ltr'><strong>cognatum</strong></span> <span class='ocrx_word' id='word_1_232' title='bbox 662 3065 733 3109; x_wconf 90' lang='lat' dir='ltr'><strong>cum</strong></span> <span class='ocrx_word' id='word_1_233' title='bbox 751 3044 943 3110; x_wconf 80' lang='lat' dir='ltr'><strong>Camotiana</strong></span> <span class='ocrx_word' id='word_1_234' title='bbox 957 3065 1030 3111; x_wconf 89' lang='lat' dir='ltr'><strong>esse</strong></span> <span class='ocrx_word' id='word_1_235' title='bbox 1045 3053 1144 3129; x_wconf 91' lang='lat' dir='ltr'><strong>patet.</strong></span> <span class='ocrx_word' id='word_1_236' title='bbox 1177 3068 1253 3112; x_wconf 92' lang='lat' dir='ltr'><strong>nam</strong></span> <span class='ocrx_word' id='word_1_237' title='bbox 1277 3053 1296 3129; x_wconf 74' lang='lat'><strong>§</strong></span> <span class='ocrx_word' id='word_1_238' title='bbox 1311 3051 1331 3114; x_wconf 84' lang='grc'>8</span> <span class='ocrx_word' id='word_1_239' title='bbox 1354 3052 1400 3113; x_wconf 81' lang='grc' dir='ltr'>ἐστι</span> <span class='ocrx_word' id='word_1_240' title='bbox 1416 3054 1514 3117; x_wconf 62' lang='lat' dir='ltr'><strong>emto</strong></span> 
     </span>
    </p>
   </div>
   <div class='ocr_carea' id='block_1_3' title="bbox 152 3147 1638 3238">
    <p class='ocr_par' dir='ltr' id='par_1_8' title="bbox 152 3147 1638 3238">
     <span class='ocr_line' id='line_1_27' title="bbox 152 3147 1638 3238; baseline 0.003 -21"><span class='ocrx_word' id='word_1_241' title='bbox 152 3151 288 3218; x_wconf 85' lang='lat' dir='ltr'><strong>exhibet</strong></span> <span class='ocrx_word' id='word_1_242' title='bbox 309 3147 493 3229; x_wconf 85' lang='lat' dir='ltr'><strong>ibidemque</strong></span> <span class='ocrx_word' id='word_1_243' title='bbox 514 3147 626 3232; x_wconf 82' lang='grc' dir='ltr'>νύκτωρ</span> <span class='ocrx_word' id='word_1_244' title='bbox 649 3155 725 3212; x_wconf 89' lang='lat' dir='ltr'><strong>ante</strong></span> <span class='ocrx_word' id='word_1_245' title='bbox 748 3149 1021 3232; x_wconf 75' lang='grc' dir='ltr'>καταλαμβάνεσθαι</span> <span class='ocrx_word' id='word_1_246' title='bbox 1044 3167 1115 3212; x_wconf 92' lang='lat' dir='ltr'><strong>cum</strong></span> <span class='ocrx_word' id='word_1_247' title='bbox 1127 3150 1286 3214; x_wconf 89' lang='lat' dir='ltr'><strong>Vossiano</strong></span> <span class='ocrx_word' id='word_1_248' title='bbox 1303 3150 1515 3238; x_wconf 81' lang='lat' dir='ltr'><strong>Camotioque</strong></span> <span class='ocrx_word' id='word_1_249' title='bbox 1634 3208 1638 3229; x_wconf 87' lang='lat'><strong>.</strong></span> 
     </span>
    </p>
   </div>
   <div class='ocr_carea' id='block_1_4' title="bbox 150 3247 1515 4676">
    <p class='ocr_par' dir='ltr' id='par_1_9' title="bbox 150 3247 1515 4676">
     <span class='ocr_line' id='line_1_28' title="bbox 152 3247 1515 3335; baseline 0.004 -17"><span class='ocrx_word' id='word_1_250' title='bbox 152 3251 361 3318; x_wconf 90' lang='lat' dir='ltr'><strong>consentiens</strong></span> <span class='ocrx_word' id='word_1_251' title='bbox 390 3247 508 3313; x_wconf 90' lang='lat' dir='ltr'><strong>omittit</strong></span> <span class='ocrx_word' id='word_1_252' title='bbox 538 3269 598 3314; x_wconf 87' lang='lat' dir='ltr'><strong>nec</strong></span> <span class='ocrx_word' id='word_1_253' title='bbox 628 3255 737 3314; x_wconf 72' lang='lat' dir='ltr'><strong>mmen</strong></span> <span class='ocrx_word' id='word_1_254' title='bbox 764 3249 977 3314; x_wconf 82' lang='lat' dir='ltr'><strong>Camotianae</strong></span> <span class='ocrx_word' id='word_1_255' title='bbox 1003 3257 1038 3314; x_wconf 90' lang='lat' dir='ltr'><strong>ut</strong></span> <span class='ocrx_word' id='word_1_256' title='bbox 1067 3253 1233 3335; x_wconf 83' lang='lat' dir='ltr'><strong>exemplar</strong></span> <span class='ocrx_word' id='word_1_257' title='bbox 1260 3253 1437 3320; x_wconf 89' lang='lat' dir='ltr'><strong>subiectum</strong></span> <span class='ocrx_word' id='word_1_258' title='bbox 1465 3266 1515 3322; x_wconf 90' lang='lat' dir='ltr'><strong>est</strong></span> 
     </span>
     <span class='ocr_line' id='line_1_29' title="bbox 151 3350 1514 3438; baseline 0.003 -19"><span class='ocrx_word' id='word_1_259' title='bbox 151 3354 242 3438; x_wconf 88' lang='lat' dir='ltr'><strong>quod</strong></span> <span class='ocrx_word' id='word_1_260' title='bbox 264 3351 400 3418; x_wconf 91' lang='lat' dir='ltr'><strong>coniecit</strong></span> <span class='ocrx_word' id='word_1_261' title='bbox 421 3351 446 3415; x_wconf 96' lang='lat' dir='ltr'><strong>I.</strong></span> <span class='ocrx_word' id='word_1_262' title='bbox 467 3350 632 3416; x_wconf 88' lang='lat' dir='ltr'><strong>Morellius</strong></span> <span class='ocrx_word' id='word_1_263' title='bbox 644 3351 662 3416; x_wconf 88' lang='lat'><strong>¹.</strong></span> <span class='ocrx_word' id='word_1_264' title='bbox 687 3350 867 3416; x_wconf 87' lang='lat' dir='ltr'><strong>Ottobon.</strong></span> <span class='ocrx_word' id='word_1_265' title='bbox 890 3351 945 3417; x_wconf 92' lang='lat' dir='ltr'><strong>ille</strong></span> <span class='ocrx_word' id='word_1_266' title='bbox 967 3354 1009 3416; x_wconf 86' lang='grc'><strong>46</strong></span> <span class='ocrx_word' id='word_1_267' title='bbox 1032 3353 1070 3437; x_wconf 86' lang='lat' dir='ltr'><strong>(s.</strong></span> <span class='ocrx_word' id='word_1_268' title='bbox 1086 3353 1161 3438; x_wconf 90' lang='lat' dir='ltr'><strong>XV)</strong></span> <span class='ocrx_word' id='word_1_269' title='bbox 1184 3360 1216 3418; x_wconf 90' lang='lat' dir='ltr'><strong>et</strong></span> <span class='ocrx_word' id='word_1_270' title='bbox 1238 3355 1336 3436; x_wconf 87' lang='lat' dir='ltr'><strong>paulo</strong></span> <span class='ocrx_word' id='word_1_271' title='bbox 1355 3359 1514 3423; x_wconf 88' lang='lat' dir='ltr'><strong>recentior</strong></span> 
     </span>
     <span class='ocr_line' id='line_1_30' title="bbox 151 3451 1513 3538; baseline 0.001 -17"><span class='ocrx_word' id='word_1_272' title='bbox 151 3454 326 3521; x_wconf 90' lang='lat' dir='ltr'><strong>Palatin.</strong></span> <span class='ocrx_word' id='word_1_273' title='bbox 343 3455 395 3536; x_wconf 84' lang='lat' dir='ltr'><strong>bl,</strong></span> <span class='ocrx_word' id='word_1_274' title='bbox 418 3473 498 3534; x_wconf 90' lang='lat' dir='ltr'><strong>quos</strong></span> <span class='ocrx_word' id='word_1_275' title='bbox 513 3473 586 3517; x_wconf 92' lang='lat' dir='ltr'><strong>mea</strong></span> <span class='ocrx_word' id='word_1_276' title='bbox 602 3473 700 3517; x_wconf 87' lang='lat' dir='ltr'><strong>eausa</strong></span> <span class='ocrx_word' id='word_1_277' title='bbox 717 3453 755 3518; x_wconf 79' lang='lat' dir='ltr'><strong>G.</strong></span> <span class='ocrx_word' id='word_1_278' title='bbox 772 3451 941 3518; x_wconf 86' lang='lat' dir='ltr'><strong>Kaibelius</strong></span> <span class='ocrx_word' id='word_1_279' title='bbox 960 3453 1111 3538; x_wconf 83' lang='lat' dir='ltr'><strong>inspexit,</strong></span> <span class='ocrx_word' id='word_1_280' title='bbox 1133 3475 1174 3520; x_wconf 86' lang='lat' dir='ltr'><strong>ex</strong></span> <span class='ocrx_word' id='word_1_281' title='bbox 1190 3455 1340 3520; x_wconf 89' lang='lat' dir='ltr'><strong>Vossiani</strong></span> <span class='ocrx_word' id='word_1_282' title='bbox 1364 3456 1513 3523; x_wconf 80' lang='lat' dir='ltr'><strong>Camotii-</strong></span> 
     </span>
     <span class='ocr_line' id='line_1_31' title="bbox 153 3553 1513 3643; baseline 0 -21"><span class='ocrx_word' id='word_1_283' title='bbox 153 3576 218 3641; x_wconf 88' lang='lat' dir='ltr'><strong>que</strong></span> <span class='ocrx_word' id='word_1_284' title='bbox 233 3561 408 3640; x_wconf 86' lang='lat' dir='ltr'><strong>prototypo</strong></span> <span class='ocrx_word' id='word_1_285' title='bbox 423 3553 594 3619; x_wconf 86' lang='lat' dir='ltr'><strong>fluxerunt.</strong></span> <span class='ocrx_word' id='word_1_286' title='bbox 624 3553 860 3620; x_wconf 88' lang='lat' dir='ltr'><strong>Ottobonianrrs</strong></span> <span class='ocrx_word' id='word_1_287' title='bbox 883 3557 946 3640; x_wconf 82' lang='grc' dir='ltr'>περὶ</span> <span class='ocrx_word' id='word_1_288' title='bbox 969 3557 1146 3640; x_wconf 79' lang='grc' dir='ltr'>αἰσθήσεων,</span> <span class='ocrx_word' id='word_1_289' title='bbox 1168 3557 1252 3622; x_wconf 92' lang='lat' dir='ltr'><strong>alter</strong></span> <span class='ocrx_word' id='word_1_290' title='bbox 1267 3559 1330 3640; x_wconf 78' lang='grc' dir='ltr'>περὶ</span> <span class='ocrx_word' id='word_1_291' title='bbox 1346 3559 1513 3643; x_wconf 72' lang='grc' dir='ltr'>αἰσθήσεως</span> 
     </span>
     <span class='ocr_line' id='line_1_32' title="bbox 153 3656 1513 3742; baseline 0.004 -18"><span class='ocrx_word' id='word_1_292' title='bbox 153 3657 352 3741; x_wconf 86' lang='lat' dir='ltr'><strong>inscribitur,</strong></span> <span class='ocrx_word' id='word_1_293' title='bbox 379 3663 514 3738; x_wconf 89' lang='lat' dir='ltr'><strong>uterque</strong></span> <span class='ocrx_word' id='word_1_294' title='bbox 539 3659 603 3741; x_wconf 83' lang='grc' dir='ltr'>περὶ</span> <span class='ocrx_word' id='word_1_295' title='bbox 631 3656 655 3720; x_wconf 86' lang='grc' dir='ltr'><strong>δ’</strong></span> <span class='ocrx_word' id='word_1_296' title='bbox 689 3658 857 3742; x_wconf 77' lang='grc' dir='ltr'>αἰσθήσεως</span> <span class='ocrx_word' id='word_1_297' title='bbox 877 3657 998 3740; x_wconf 91' lang='lat' dir='ltr'><strong>incipit.</strong></span> <span class='ocrx_word' id='word_1_298' title='bbox 1044 3660 1248 3723; x_wconf 91' lang='lat' dir='ltr'><strong>consentiunt</strong></span> <span class='ocrx_word' id='word_1_299' title='bbox 1270 3658 1350 3724; x_wconf 89' lang='lat' dir='ltr'><strong>mire</strong></span> <span class='ocrx_word' id='word_1_300' title='bbox 1372 3660 1456 3727; x_wconf 91' lang='lat' dir='ltr'><strong>inter</strong></span> <span class='ocrx_word' id='word_1_301' title='bbox 1477 3683 1513 3730; x_wconf 88' lang='lat' dir='ltr'><strong>se</strong></span> 
     </span>
     <span class='ocr_line' id='line_1_33' title="bbox 151 3757 1512 3844; baseline 0.001 -18"><span class='ocrx_word' id='word_1_302' title='bbox 151 3769 190 3826; x_wconf 89' lang='lat' dir='ltr'><strong>ut</strong></span> <span class='ocrx_word' id='word_1_303' title='bbox 211 3757 351 3844; x_wconf 90' lang='lat' dir='ltr'><strong>gemelli.</strong></span> <span class='ocrx_word' id='word_1_304' title='bbox 384 3779 425 3824; x_wconf 83' lang='lat' dir='ltr'><strong>ex</strong></span> <span class='ocrx_word' id='word_1_305' title='bbox 440 3758 601 3822; x_wconf 81' lang='lat' dir='ltr'><strong>Brundisii</strong></span> <span class='ocrx_word' id='word_1_306' title='bbox 617 3759 746 3825; x_wconf 87' lang='lat' dir='ltr'><strong>schedis</strong></span> <span class='ocrx_word' id='word_1_307' title='bbox 768 3759 810 3824; x_wconf 93' lang='lat' dir='ltr'><strong>ab</strong></span> <span class='ocrx_word' id='word_1_308' title='bbox 825 3759 1002 3824; x_wconf 88' lang='lat' dir='ltr'><strong>Academia</strong></span> <span class='ocrx_word' id='word_1_309' title='bbox 1017 3760 1218 3826; x_wconf 89' lang='lat' dir='ltr'><strong>Berolinensi</strong></span> <span class='ocrx_word' id='word_1_310' title='bbox 1241 3759 1423 3826; x_wconf 88' lang='lat' dir='ltr'><strong>adservatis</strong></span> <span class='ocrx_word' id='word_1_311' title='bbox 1446 3763 1512 3828; x_wconf 91' lang='lat' dir='ltr'><strong>scio</strong></span> 
     </span>
     <span class='ocr_line' id='line_1_34' title="bbox 152 3859 1509 3929; baseline 0.001 -1"><span class='ocrx_word' id='word_1_312' title='bbox 152 3863 225 3928; x_wconf 88' lang='lat' dir='ltr'><strong>cod.</strong></span> <span class='ocrx_word' id='word_1_313' title='bbox 253 3861 452 3926; x_wconf 90' lang='lat' dir='ltr'><strong>Harleian.</strong></span> <span class='ocrx_word' id='word_1_314' title='bbox 480 3861 564 3924; x_wconf 90' lang='grc'><strong>6636</strong></span> <span class='ocrx_word' id='word_1_315' title='bbox 586 3859 608 3926; x_wconf 87' lang='lat' dir='ltr'><strong>f.</strong></span> <span class='ocrx_word' id='word_1_316' title='bbox 625 3862 706 3926; x_wconf 74' lang='lat'>150¹</span> <span class='ocrx_word' id='word_1_317' title='bbox 731 3861 768 3926; x_wconf 87' lang='lat' dir='ltr'><strong>fr.</strong></span> <span class='ocrx_word' id='word_1_318' title='bbox 799 3862 840 3927; x_wconf 92' lang='lat' dir='ltr'><strong>de</strong></span> <span class='ocrx_word' id='word_1_319' title='bbox 869 3881 953 3926; x_wconf 90' lang='lat' dir='ltr'><strong>sens.</strong></span> <span class='ocrx_word' id='word_1_320' title='bbox 982 3861 1155 3927; x_wconf 89' lang='lat' dir='ltr'><strong>continere.</strong></span> <span class='ocrx_word' id='word_1_321' title='bbox 1200 3863 1443 3928; x_wconf 86' lang='lat' dir='ltr'><strong>Monacensis</strong></span> <span class='ocrx_word' id='word_1_322' title='bbox 1470 3866 1509 3929; x_wconf 83' lang='grc'><strong>31</strong></span> 
     </span>
     <span class='ocr_line' id='line_1_35' title="bbox 152 3961 1512 4048; baseline 0.001 -20"><span class='ocrx_word' id='word_1_323' title='bbox 152 3963 273 4048; x_wconf 79' lang='lat' dir='ltr'><strong>[Hardt</strong></span> <span class='ocrx_word' id='word_1_324' title='bbox 284 3964 300 4028; x_wconf 93' lang='lat'><em>1</em></span> <span class='ocrx_word' id='word_1_325' title='bbox 313 3963 389 4044; x_wconf 83' lang='lat'>463]</span> <span class='ocrx_word' id='word_1_326' title='bbox 407 3961 606 4046; x_wconf 86' lang='lat' dir='ltr'><strong>chartaceus,</strong></span> <span class='ocrx_word' id='word_1_327' title='bbox 621 3962 724 4028; x_wconf 86' lang='lat' dir='ltr'><strong>forma</strong></span> <span class='ocrx_word' id='word_1_328' title='bbox 739 3963 872 4048; x_wconf 90' lang='lat' dir='ltr'><strong>maiore,</strong></span> <span class='ocrx_word' id='word_1_329' title='bbox 887 3963 1035 4028; x_wconf 85' lang='lat' dir='ltr'><strong>foliorum</strong></span> <span class='ocrx_word' id='word_1_330' title='bbox 1048 3965 1120 4047; x_wconf 75' lang='lat'><strong>250,</strong></span> <span class='ocrx_word' id='word_1_331' title='bbox 1137 3965 1279 4030; x_wconf 92' lang='lat' dir='ltr'><strong>continet</strong></span> <span class='ocrx_word' id='word_1_332' title='bbox 1293 3965 1512 4030; x_wconf 83' lang='lat' dir='ltr'><strong>Alexandrum</strong></span> 
     </span>
     <span class='ocr_line' id='line_1_36' title="bbox 151 4063 1511 4150; baseline 0.001 -19"><span class='ocrx_word' id='word_1_333' title='bbox 151 4066 255 4150; x_wconf 85' lang='lat' dir='ltr'><strong>Aphr.</strong></span> <span class='ocrx_word' id='word_1_334' title='bbox 271 4065 305 4130; x_wconf 92' lang='lat' dir='ltr'><strong>in</strong></span> <span class='ocrx_word' id='word_1_335' title='bbox 320 4064 451 4129; x_wconf 87' lang='lat' dir='ltr'><strong>Aristot.</strong></span> <span class='ocrx_word' id='word_1_336' title='bbox 469 4063 663 4148; x_wconf 84' lang='lat' dir='ltr'><strong>metaphys,</strong></span> <span class='ocrx_word' id='word_1_337' title='bbox 678 4071 746 4129; x_wconf 92' lang='lat' dir='ltr'><strong>tum</strong></span> <span class='ocrx_word' id='word_1_338' title='bbox 761 4065 1020 4148; x_wconf 82' lang='lat' dir='ltr'><strong>Theophrastum</strong></span> <span class='ocrx_word' id='word_1_339' title='bbox 1036 4067 1099 4150; x_wconf 84' lang='grc' dir='ltr'>περὶ</span> <span class='ocrx_word' id='word_1_340' title='bbox 1115 4067 1282 4150; x_wconf 71' lang='grc' dir='ltr'>αἰσθήσεως</span> <span class='ocrx_word' id='word_1_341' title='bbox 1297 4065 1318 4130; x_wconf 84' lang='lat' dir='ltr'><strong>i.</strong></span> <span class='ocrx_word' id='word_1_342' title='bbox 1331 4068 1511 4132; x_wconf 88' lang='grc'><strong>443-468.</strong></span> 
     </span>
     <span class='ocr_line' id='line_1_37' title="bbox 151 4165 1512 4252; baseline 0 -19"><span class='ocrx_word' id='word_1_343' title='bbox 151 4168 280 4234; x_wconf 91' lang='lat' dir='ltr'><strong>initium</strong></span> <span class='ocrx_word' id='word_1_344' title='bbox 303 4173 354 4232; x_wconf 91' lang='lat' dir='ltr'><strong>est</strong></span> <span class='ocrx_word' id='word_1_345' title='bbox 376 4168 440 4251; x_wconf 84' lang='grc' dir='ltr'>περὶ</span> <span class='ocrx_word' id='word_1_346' title='bbox 463 4165 630 4250; x_wconf 66' lang='lat' dir='ltr'><strong>uictricem:</strong></span> <span class='ocrx_word' id='word_1_347' title='bbox 651 4169 681 4229; x_wconf 86' lang='lat' dir='ltr'><strong>at</strong></span> <span class='ocrx_word' id='word_1_348' title='bbox 706 4167 757 4249; x_wconf 76' lang='grc' dir='ltr'><strong>μὲν</strong></span> <span class='ocrx_word' id='word_1_349' title='bbox 780 4167 899 4232; x_wconf 90' lang='lat' dir='ltr'><strong>omisso</strong></span> <span class='ocrx_word' id='word_1_350' title='bbox 921 4169 963 4244; x_wconf 81' lang='grc' dir='ltr'><strong>δὲ,</strong></span> <span class='ocrx_word' id='word_1_351' title='bbox 986 4167 1019 4231; x_wconf 94' lang='lat' dir='ltr'><strong>in</strong></span> <span class='ocrx_word' id='word_1_352' title='bbox 1041 4166 1104 4232; x_wconf 89' lang='lat' dir='ltr'><strong>fine</strong></span> <span class='ocrx_word' id='word_1_353' title='bbox 1126 4167 1242 4249; x_wconf 90' lang='lat' dir='ltr'><strong>legitur</strong></span> <span class='ocrx_word' id='word_1_354' title='bbox 1264 4169 1460 4252; x_wconf 80' lang='grc' dir='ltr'>ἀπηκριβώθη</span> <span class='ocrx_word' id='word_1_355' title='bbox 1483 4171 1512 4240; x_wconf 85' lang='grc' dir='ltr'><strong>ἐς</strong></span> 
     </span>
     <span class='ocr_line' id='line_1_38' title="bbox 152 4269 1512 4355; baseline -0.001 -21"><span class='ocrx_word' id='word_1_356' title='bbox 152 4273 186 4334; x_wconf 76' lang='grc' dir='ltr'><strong>τὸ</strong></span> <span class='ocrx_word' id='word_1_357' title='bbox 209 4269 374 4355; x_wconf 78' lang='grc' dir='ltr'>ἀρχέτυπον</span> <span class='ocrx_word' id='word_1_358' title='bbox 396 4269 562 4352; x_wconf 75' lang='grc' dir='ltr'>ἀνηκέστως</span> <span class='ocrx_word' id='word_1_359' title='bbox 586 4269 617 4332; x_wconf 78' lang='grc' dir='ltr'><strong>ὃν</strong></span> <span class='ocrx_word' id='word_1_360' title='bbox 639 4269 849 4353; x_wconf 76' lang='grc' dir='ltr'>διεφθαρμένον</span> <span class='ocrx_word' id='word_1_361' title='bbox 872 4271 920 4332; x_wconf 84' lang='grc' dir='ltr'><strong>διὰ</strong></span> <span class='ocrx_word' id='word_1_362' title='bbox 943 4273 1087 4354; x_wconf 79' lang='grc' dir='ltr'>μιχαῆλος</span> <span class='ocrx_word' id='word_1_363' title='bbox 1102 4275 1240 4355; x_wconf 76' lang='lat' dir='ltr'><strong>captatori</strong></span> <span class='ocrx_word' id='word_1_364' title='bbox 1256 4269 1322 4332; x_wconf 81' lang='grc' dir='ltr'>οὔτε</span> <span class='ocrx_word' id='word_1_365' title='bbox 1337 4270 1512 4353; x_wconf 77' lang='grc' dir='ltr'>προσθέντος</span> 
     </span>
     <span class='ocr_line' id='line_1_39' title="bbox 151 4375 1512 4478; baseline 0.001 -26"><span class='ocrx_word' id='word_1_366' title='bbox 151 4415 179 4453; x_wconf 87' lang='grc' dir='ltr'><strong>τι</strong></span> <span class='ocrx_word' id='word_1_367' title='bbox 202 4389 248 4474; x_wconf 83' lang='grc' dir='ltr'><strong>ἀφ’</strong></span> <span class='ocrx_word' id='word_1_368' title='bbox 270 4391 374 4453; x_wconf 80' lang='grc' dir='ltr'>ἑαυτοῦ</span> <span class='ocrx_word' id='word_1_369' title='bbox 397 4387 454 4452; x_wconf 86' lang='grc' dir='ltr'>οὔτ’</span> <span class='ocrx_word' id='word_1_370' title='bbox 475 4389 631 4472; x_wconf 76' lang='grc' dir='ltr'>ἀφελόντος</span> <span class='ocrx_word' id='word_1_371' title='bbox 654 4375 753 4478; x_wconf 53' lang='lat' dir='ltr'><strong>,abrih</strong></span> <span class='ocrx_word' id='word_1_372' title='bbox 781 4390 878 4471; x_wconf 82' lang='grc' dir='ltr'>ἀπριλ.</span> <span class='ocrx_word' id='word_1_373' title='bbox 898 4375 935 4451; x_wconf 58' lang='grc' dir='ltr'><strong>οἶδ</strong></span> <span class='ocrx_word' id='word_1_374' title='bbox 958 4386 999 4475; x_wconf 89' lang='lat' dir='ltr'><strong>[a.</strong></span> <span class='ocrx_word' id='word_1_375' title='bbox 1015 4410 1046 4472; x_wconf 88' lang='lat' dir='ltr'><strong>p.</strong></span> <span class='ocrx_word' id='word_1_376' title='bbox 1064 4387 1139 4452; x_wconf 79' lang='lat' dir='ltr'><strong>chr.</strong></span> <span class='ocrx_word' id='word_1_377' title='bbox 1156 4386 1261 4474; x_wconf 80' lang='grc'><strong>1662],</strong></span> <span class='ocrx_word' id='word_1_378' title='bbox 1282 4394 1349 4452; x_wconf 87' lang='lat' dir='ltr'><strong>tum</strong></span> <span class='ocrx_word' id='word_1_379' title='bbox 1371 4386 1512 4453; x_wconf 82' lang='lat' dir='ltr'><strong>Athena·</strong></span> 
     </span>
     <span class='ocr_line' id='line_1_40' title="bbox 150 4489 1512 4574; baseline -0.003 -17"><span class='ocrx_word' id='word_1_380' title='bbox 150 4511 266 4574; x_wconf 86' lang='lat' dir='ltr'><strong>goram</strong></span> <span class='ocrx_word' id='word_1_381' title='bbox 288 4491 309 4556; x_wconf 83' lang='lat' dir='ltr'><strong>i.</strong></span> <span class='ocrx_word' id='word_1_382' title='bbox 331 4491 394 4555; x_wconf 86' lang='grc'><strong>469</strong></span> <span class='ocrx_word' id='word_1_383' title='bbox 417 4497 450 4555; x_wconf 94' lang='lat' dir='ltr'><strong>et</strong></span> <span class='ocrx_word' id='word_1_384' title='bbox 471 4489 610 4573; x_wconf 83' lang='lat' dir='ltr'><strong>Eunapii</strong></span> <span class='ocrx_word' id='word_1_385' title='bbox 639 4489 724 4554; x_wconf 88' lang='lat' dir='ltr'><strong>vitas</strong></span> <span class='ocrx_word' id='word_1_386' title='bbox 754 4489 831 4572; x_wconf 94' lang='lat' dir='ltr'><strong>phil.</strong></span> <span class='ocrx_word' id='word_1_387' title='bbox 854 4495 887 4555; x_wconf 92' lang='lat' dir='ltr'><strong>et</strong></span> <span class='ocrx_word' id='word_1_388' title='bbox 909 4490 1001 4574; x_wconf 88' lang='lat' dir='ltr'><strong>soph.</strong></span> <span class='ocrx_word' id='word_1_389' title='bbox 1023 4489 1044 4554; x_wconf 86' lang='lat' dir='ltr'><strong>i.</strong></span> <span class='ocrx_word' id='word_1_390' title='bbox 1065 4491 1138 4555; x_wconf 82' lang='grc'><strong>480.</strong></span> <span class='ocrx_word' id='word_1_391' title='bbox 1182 4490 1296 4572; x_wconf 83' lang='lat' dir='ltr'><strong>quodsi</strong></span> <span class='ocrx_word' id='word_1_392' title='bbox 1324 4510 1435 4554; x_wconf 86' lang='lat' dir='ltr'><strong>verum</strong></span> <span class='ocrx_word' id='word_1_393' title='bbox 1462 4495 1512 4555; x_wconf 91' lang='lat' dir='ltr'><strong>est</strong></span> 
     </span>
     <span class='ocr_line' id='line_1_41' title="bbox 151 4590 1510 4676; baseline -0.001 -19"><span class='ocrx_word' id='word_1_394' title='bbox 151 4591 240 4676; x_wconf 90' lang='lat' dir='ltr'><strong>quod</strong></span> <span class='ocrx_word' id='word_1_395' title='bbox 255 4591 395 4658; x_wconf 88' lang='lat' dir='ltr'><strong>Michael</strong></span> <span class='ocrx_word' id='word_1_396' title='bbox 411 4590 598 4675; x_wconf 87' lang='lat' dir='ltr'><strong>Sophiauus</strong></span> <span class='ocrx_word' id='word_1_397' title='bbox 619 4591 741 4658; x_wconf 90' lang='lat' dir='ltr'><strong>adserit</strong></span> <span class='ocrx_word' id='word_1_398' title='bbox 763 4591 843 4656; x_wconf 92' lang='lat' dir='ltr'><strong>nihil</strong></span> <span class='ocrx_word' id='word_1_399' title='bbox 858 4611 894 4657; x_wconf 90' lang='lat' dir='ltr'><strong>se</strong></span> <span class='ocrx_word' id='word_1_400' title='bbox 908 4591 1083 4675; x_wconf 89' lang='lat' dir='ltr'><strong>addidisse,</strong></span> <span class='ocrx_word' id='word_1_401' title='bbox 1098 4612 1138 4658; x_wconf 86' lang='lat' dir='ltr'><strong>ex</strong></span> <span class='ocrx_word' id='word_1_402' title='bbox 1155 4590 1347 4657; x_wconf 82' lang='lat' dir='ltr'><strong>Gamotiano</strong></span> <span class='ocrx_word' id='word_1_403' title='bbox 1362 4593 1510 4674; x_wconf 84' lang='lat' dir='ltr'><strong>exemplo</strong></span> 
     </span>
    </p>
   </div>
   <div class='ocr_carea' id='block_1_5' title="bbox 151 4813 1511 5055">
    <p class='ocr_par' dir='ltr' id='par_1_10' title="bbox 151 4813 1511 5055">
     <span class='ocr_line' id='line_1_42' title="bbox 227 4813 1511 4883; baseline -0.002 -17"><span class='ocrx_word' id='word_1_404' title='bbox 227 4813 234 4845; x_wconf 91' lang='lat'>¹</span> <span class='ocrx_word' id='word_1_405' title='bbox 254 4817 370 4868; x_wconf 87' lang='lat' dir='ltr'><strong>biblioth.</strong></span> <span class='ocrx_word' id='word_1_406' title='bbox 394 4832 520 4867; x_wconf 80' lang='lat' dir='ltr'><strong>manuscr.</strong></span> <span class='ocrx_word' id='word_1_407' title='bbox 543 4817 556 4866; x_wconf 91' lang='lat'>1</span> <span class='ocrx_word' id='word_1_408' title='bbox 578 4814 627 4866; x_wconf 77' lang='lat'><strong>149</strong></span> <span class='ocrx_word' id='word_1_409' title='bbox 658 4814 723 4867; x_wconf 77' lang='lat' dir='ltr'><strong>ttter</strong></span> <span class='ocrx_word' id='word_1_410' title='bbox 746 4815 779 4866; x_wconf 81' lang='lat' dir='ltr'><strong>dc</strong></span> <span class='ocrx_word' id='word_1_411' title='bbox 802 4831 881 4868; x_wconf 74' lang='lat' dir='ltr'><strong>tetta</strong></span> <span class='ocrx_word' id='word_1_412' title='bbox 903 4824 1037 4883; x_wconf 78' lang='lat' dir='ltr'><strong>tantopere</strong></span> <span class='ocrx_word' id='word_1_413' title='bbox 1059 4831 1118 4866; x_wconf 84' lang='lat' dir='ltr'><strong>cum</strong></span> <span class='ocrx_word' id='word_1_414' title='bbox 1137 4817 1230 4882; x_wconf 78' lang='grc' dir='ltr'>ρτίονα</span> <span class='ocrx_word' id='word_1_415' title='bbox 1253 4814 1368 4866; x_wconf 76' lang='lat' dir='ltr'><strong>aditione</strong></span> <span class='ocrx_word' id='word_1_416' title='bbox 1392 4814 1511 4864; x_wconf 78' lang='lat' dir='ltr'><strong>conuenit</strong></span> 
     </span>
     <span class='ocr_line' id='line_1_43' title="bbox 151 4898 1510 4970; baseline 0.004 -20"><span class='ocrx_word' id='word_1_417' title='bbox 151 4898 256 4953; x_wconf 75' lang='lat' dir='ltr'><strong>leonae</strong></span> <span class='ocrx_word' id='word_1_418' title='bbox 278 4901 402 4966; x_wconf 77' lang='lat' dir='ltr'><strong>Baptista</strong></span> <span class='ocrx_word' id='word_1_419' title='bbox 429 4903 544 4954; x_wconf 80' lang='lat' dir='ltr'><strong>Gamott&#39;o</strong></span> <span class='ocrx_word' id='word_1_420' title='bbox 567 4911 676 4953; x_wconf 72' lang='lat' dir='ltr'><strong>caecato</strong></span> <span class='ocrx_word' id='word_1_421' title='bbox 691 4903 772 4969; x_wconf 83' lang='lat' dir='ltr'><strong>sacta</strong></span> <span class='ocrx_word' id='word_1_422' title='bbox 803 4898 917 4954; x_wconf 64' lang='lat' dir='ltr'><strong>Venetia</strong></span> <span class='ocrx_word' id='word_1_423' title='bbox 938 4917 1009 4952; x_wconf 77' lang='lat' dir='ltr'><strong>anna</strong></span> <span class='ocrx_word' id='word_1_424' title='bbox 1035 4905 1103 4952; x_wconf 74' lang='lat' dir='ltr'><strong>tm</strong></span> <span class='ocrx_word' id='word_1_425' title='bbox 1122 4910 1139 4952; x_wconf 89' lang='lat' dir='ltr'><strong>t.</strong></span> <span class='ocrx_word' id='word_1_426' title='bbox 1164 4899 1205 4952; x_wconf 88' lang='lat' dir='ltr'><strong>VI</strong></span> <span class='ocrx_word' id='word_1_427' title='bbox 1221 4915 1281 4970; x_wconf 83' lang='lat' dir='ltr'><strong>opp.</strong></span> <span class='ocrx_word' id='word_1_428' title='bbox 1307 4900 1458 4955; x_wconf 72' lang='lat' dir='ltr'><strong>Aristotelis</strong></span> <span class='ocrx_word' id='word_1_429' title='bbox 1482 4909 1510 4956; x_wconf 81' lang='lat' dir='ltr'><strong>at</strong></span> 
     </span>
     <span class='ocr_line' id='line_1_44' title="bbox 151 4987 775 5055; baseline 0 -17"><span class='ocrx_word' id='word_1_430' title='bbox 151 4987 201 5038; x_wconf 83' lang='lat' dir='ltr'><strong>illa</strong></span> <span class='ocrx_word' id='word_1_431' title='bbox 221 5003 252 5038; x_wconf 76' lang='lat' dir='ltr'><strong>a:</strong></span> <span class='ocrx_word' id='word_1_432' title='bbox 270 4987 357 5039; x_wconf 72' lang='lat' dir='ltr'><strong>cadit-e</strong></span> <span class='ocrx_word' id='word_1_433' title='bbox 374 4988 421 5039; x_wconf 85' lang='lat' dir='ltr'><strong>hac</strong></span> <span class='ocrx_word' id='word_1_434' title='bbox 439 5003 563 5053; x_wconf 76' lang='lat' dir='ltr'><strong>expressa</strong></span> <span class='ocrx_word' id='word_1_435' title='bbox 581 4988 668 5040; x_wconf 70' lang='lat' dir='ltr'><strong>steort</strong></span> <span class='ocrx_word' id='word_1_436' title='bbox 682 4991 775 5055; x_wconf 74' lang='lat' dir='ltr'><strong>poerit.</strong></span> 
     </span>
    </p>
   </div>
   <div class='ocr_carea' id='block_1_6' title="bbox 0 0 1858 5732">
    <p class='ocr_par' dir='ltr' id='par_1_11' title="bbox 0 0 1858 5732">
     <span class='ocr_line' id='line_1_45' title="bbox 0 0 1858 5732; baseline 0 5"><span class='ocrx_word' id='word_1_437' title='bbox 0 0 1858 5732; x_wconf 95' lang='lat' dir='ltr'><strong> </strong></span> 
     </span>
    </p>
   </div>
  </div>
 </body>
</html>
