3710 5730
703 447 978 498 rsonncounun
1477 449 1518 513 35

153 637 194 681 ex
216 616 242 680 B
265 614 427 680 simillime
451 615 659 681 transiectam
682 615 853 681 lectionem
882 619 931 680 τὸν
953 617 1058 702 αἰθέρα
1085 616 1238 682 observes
1262 618 1327 682 117
1349 627 1373 692 5,
1396 626 1517 684 rectum

154 719 259 783 locum
282 717 316 782 in
331 715 387 803 (A)
406 715 432 780 B
449 725 665 800 occupaverat
688 725 871 802 corruptum
893 721 942 784 τὸν
964 719 1048 803 ἀέρα.
1080 718 1133 784 hic
1147 720 1306 786 Eusebius
1320 740 1431 786 verum
1447 742 1520 786 con-

153 817 306 884 firmavit.
351 817 514 884 interdum
537 827 646 886 tamen
670 839 789 904 pravas
811 841 939 904 quoque
956 813 996 886 'ut
1016 820 1051 886 lit
1073 822 1229 888 lectiones
1256 822 1417 905 suggessit
1437 822 1519 888 illud

152 989 319 1072 antiquum
339 990 515 1074 exemplar.
540 990 630 1055 velut
643 990 688 1054 IV
705 991 724 1056 3
743 1001 774 1052 11
796 991 872 1056 olim
888 991 1042 1076 scriptum
1056 991 1117 1058 1111
1139 910 1410 1077 corcbphbhihs,
1432 993 1517 1075 quod

152 1091 296 1158 sanavit
317 1091 355 1176 B,
377 1092 518 1176 ineptius
540 1097 625 1156 ποιοῦ
647 1116 689 1175 γε
710 1095 865 1178 πυρώδους
886 1094 924 1158 A.
962 1101 1049 1160 recte
1072 1115 1108 1160 se
1131 1095 1230 1160 habet
1254 1098 1416 1179 πυρώδους.
1459 1097 1518 1162 sed

152 1196 232 1260 taba
252 1214 318 1260 non
341 1194 466 1260 crebra.
499 1213 595 1277 quarn
618 1195 753 1277 antiqua
772 1193 854 1259 haec
870 1195 1044 1262 lectionum
1068 1197 1110 1262 sit
1125 1197 1289 1281 memoria,
1312 1197 1388 1262 inde
1403 1198 1518 1280 elucet,

152 1297 238 1380 qnod
252 1296 280 1360 B
295 1316 363 1362 non
385 1317 559 1380 numquam
581 1316 647 1360 non
670 1296 818 1361 solumA
844 1303 876 1362 et
899 1299 1051 1382 vulgatos
1073 1300 1200 1366 codices
1222 1299 1280 1364 sed
1303 1300 1401 1365 etiam
1423 1299 1519 1366 Gale-

151 1421 227 1464 num
241 1399 353 1464 vincit.
388 1399 538 1484 exempla
554 1405 630 1465 sunt
646 1399 694 1464 III
711 1399 731 1462 5
752 1409 769 1460 8
788 1403 897 1481 μᾶλλον
921 1401 976 1466 ubi
991 1402 1017 1466 B
1033 1404 1121 1470 solus
1141 1421 1213 1466 cum
1228 1401 1353 1468 Galeno
1376 1401 1464 1486 facit,
1487 1409 1519 1468 et

152 1502 236 1567 1113
254 1503 272 1552 4
289 1505 480 1586 νεφελομιγεῖ,
503 1500 556 1567 ubi
578 1502 664 1567 idem
679 1501 771 1566 solus
787 1523 898 1568 veram
914 1504 1115 1588 scripturam,
1138 1523 1222 1587 quae
1236 1503 1376 1568 divinari
1397 1505 1518 1588 nequit,

150 1605 294 1672 servavit
309 1624 381 1668 cum
397 1603 551 1688 Stobaeo,
569 1603 714 1670 Galenus
730 1623 801 1668 cum
817 1605 933 1670 ceteris
948 1607 1160 1692 interpolavit
1175 1609 1357 1692 νεφελοειδεῖ.
1379 1607 1518 1672 maxime

151 1726 228 1772 vero
251 1706 462 1772 memorabile
483 1707 711 1772 6111101154
734 1709 822 1792 δῆλον
846 1709 897 1772 ὅτι
919 1711 952 1772 ἐκ
974 1715 1026 1774 τοῦ
1048 1710 1154 1795 ἄπειροι
1175 1711 1212 1774 τὰ
1231 1709 1309 1774 αἴτια
1323 1708 1406 1774 εἶναι.
1434 1709 1517 1774 sicB

151 1809 249 1874 totius
264 1808 423 1874 enuntiati
437 1814 598 1874 structura
614 1809 828 1876 claudicante.
864 1809 1043 1878 rectissime
1057 1813 1086 1877 A
1101 1833 1173 1878 curn
1188 1813 1322 1894 vulgata
1337 1813 1380 1876 ὅτι
1400 1810 1517 1894 omisit,

151 1909 237 1992 quod
264 1908 432 1976 confirmat
455 1909 625 1978 Stobaons.
659 1913 724 1976 iam
752 1911 864 1978 confer
882 1912 1068 1980 Eusebiana
1093 1917 1181 2000 δῆλον
1205 1916 1248 1980 ὅτι
1270 1914 1375 1998 ἄπειρα
1389 1915 1426 1978 τὰ
1440 1914 1518 1978 αἴτια

152 2079 238 2144 εἶναι
261 2099 372 2146 1ο11ο
394 2087 511 2164 sponte
533 2083 697 2149 emended
714 2082 786 2148 libri
802 2083 950 2149 enitescit
965 2085 1040 2150 talis
1055 2085 1228 2170 scriptura:
1251 2001 1399 2169 oblahpdb
1413 2023 1517 2170 dicha

152 2184 190 2247 τὰ
211 2182 290 2246 αἴτια
313 2182 411 2247 elasa?
437 2203 513 2250 ecce
536 2184 643 2252 denuo
666 2185 845 2271 ἀδιόρθωτον
867 2185 953 2268 quod
975 2205 1075 2270 saepe
1097 2187 1164 2252 dixi
1186 2185 1317 2254 Eusebii
1340 2188 1516 2272 exemplar.

152 2287 319 2368 antiquum
341 2285 433 2350 illum
455 2294 669 2354 correctorem
692 2307 765 2355 esse
787 2287 884 2354 facile
907 2287 1075 2356 concedes.
1108 2289 1194 2355 addo
1217 2287 1335 2356 aetatis
1354 2290 1518 2373 quandam

152 2394 273 2453 notam.
319 2387 463 2453 Galenus
486 2409 557 2453 cum
580 2389 674 2474 Lydo
696 2391 786 2458 1125
805 2401 823 2454 4
844 2390 1052 2474 interpolavit
1074 2393 1290 2476 πεπυρωμένον.
1334 2410 1447 2457 verum
1469 2399 1519 2458 cst

153 2491 349 2574 πεπιλημένον
373 2489 579 2572 quodetiam
602 2498 669 2557 tum
692 2493 852 2560 Eusebius
874 2492 960 2575 legit.
996 2491 1060 2558 iarn
1083 2513 1155 2559 cum
1177 2493 1304 2560 codices
1324 2492 1519 2576 nostri'par-

152 2593 209 2658 tim
232 2590 385 2678 (vulgati)
407 2594 612 2677 πεπιλημένον,
634 2595 750 2680 paltim
773 2594 827 2682 (B)
849 2595 1056 2679 πεπυρωμένον
1079 2593 1255 2661 exhibeant
1275 2597 1364 2660 nullo
1386 2596 1517 2678 negotio

154 2761 291 2828 efficitur
312 2761 481 2847 archetypi
503 2763 610 2847 imago
633 2765 729 2832 haec:
762 2683 984 2852 sshbhhpboo,
1013 2765 1099 2831 unde
1125 2765 1159 2829 in
1180 2764 1210 2830 Α
1232 2765 1349 2849 supina
1370 2764 1518 2831 socordia

155 2871 334 2930 monstrum
356 2864 437 2930 illud
459 2870 722 2953 πευπυρωλημένον
746 2868 920 2934 conflatum
940 2873 990 2934 cst
1012 2865 1050 2933 cf.
1072 2887 1103 2951 p.
1118 2868 1169 2932 16.
1195 2867 1401 2950 consequitur
1422 2867 1520 2950 igitur

154 2966 385 3051 artigraphum
409 2975 500 3034 serto
523 2971 653 3037 sacculo
677 2971 825 3056 superius
847 2991 868 3036 a
890 2969 1055 3036 diorthota
1083 2969 1126 3034 ad
1148 2969 1407 3036 emendationem
1430 2967 1520 3035 adhi-

155 3068 257 3135 bitnm
278 3089 362 3136 esse.

240 3171 370 3237 Nullius
384 3179 435 3238 est
450 3173 547 3256 pretii
562 3175 773 3242 Parisinus
790 3177 875 3241 1134
894 3195 919 3240 s.
931 3173 1009 3239 XIV
1025 3172 1225 3258 chartaceus,
1240 3173 1428 3260 quadratus,
1444 3174 1520 3240 olim

153 3271 268 3338 lacobi
284 3273 427 3340 Antonii.
463 3275 608 3341 continet
622 3284 696 3360 post
713 3276 912 3362 Thucydidis
926 3277 1026 3342 vitam
1047 3274 1069 3340 1.
1087 3278 1125 3340 11
1147 3276 1323 3340 Θουκυδίδου
1346 3277 1407 3361 βίος
1422 3311 1465 3322 -
1479 3277 1521 3341 ἐν·

154 3377 231 3440 bd&
253 3381 344 3440 κεῖται
366 3376 388 3442 1.
404 3379 450 3462 41,
477 3385 544 3443 tum
573 3399 779 3462 programma
804 3380 826 3446 1.
841 3383 880 3446 41
904 3381 929 3444 ὦ
956 3380 1040 3465 φίλος
1061 3379 1086 3442 εἰ
1109 3379 1199 3462 σοφὸς
1221 3413 1263 3424 -
1285 3379 1458 3463 κεκροπίδην
1485 3380 1519 3442 τὸ

153 3477 255 3562 γένος,
288 3477 406 3545 deinde
439 3479 461 3544 f.
479 3481 512 3545 5¹
525 3515 560 3528 -
576 3482 659 3547 3421
691 3481 890 3567 Thucydidis
923 3480 1124 3546 1-vlleo
1156 3481 1186 3544 ἐν
1218 3480 1334 3544 rodroc-
1377 3479 1521 3562 sequitur

154 3582 178 3647 1.
195 3581 408 3646 arar-381⁹
430 3582 537 3648 Procli
564 3583 723 3650 institutio
753 3583 950 3667 theologica,
978 3587 1142 3666 postremo
1172 3583 1244 3647 loco
1266 3581 1520 3646 13821-3961

156 3683 324 3750 Plutarchi
348 3683 389 3749 dc
413 3683 541 3768 placitis
563 3685 829 3771 philosophorum
852 3685 1015 3750 1-1118.
1060 3684 1173 3750 ultima
1203 3683 1267 3748 situ
1292 3689 1445 3766 corrupta
1465 3681 1521 3748 vix

155 3787 200 3852 ab
233 3785 452 3852 oculatissimo
484 3788 634 3870 cognosci
665 3797 809 3874 possunt.
854 3787 962 3853 Procli
991 3793 1024 3853 et
1046 3785 1211 3852 Plutarchi
1241 3785 1362 3868 scripta
1386 3783 1430 3849 ab
1456 3784 1521 3850 alio

156 3887 265 3956 scriba
291 3887 325 3953 in
353 3887 421 3953 alia
446 3887 560 3953 charta
587 3896 722 3956 exarata
748 3909 770 3956 a
792 3891 979 3974 bibliopega
1001 3887 1154 3954 11111111
1175 3895 1259 3954 sunt.
1303 3886 1399 3952 simul
1420 3885 1442 3952 1.
1458 3887 1522 3952 384

155 3991 282 4057 scheda
308 3989 497 4056 candidiore
524 3992 632 4058 colore
654 3999 802 4060 recenter
830 3993 952 4076 scripta
977 3988 1097 4071 eclogia
1119 4009 1160 4054 ex
1182 3987 1349 4055 Plutarchi
1372 3987 1522 4070 Caesaris

157 4101 192 4160 et
215 4091 444 4158 Demosthenis
470 4091 547 4158 vitis
572 4093 707 4178 impleta
733 4115 811 4160 casu
837 4093 951 4160 addita
972 4098 1031 4158 cst.
1076 4091 1202 4156 Placita
1223 4089 1304 4156 nihil
1326 4089 1419 4158 nobis
1441 4090 1523 4156 ulili-

157 4196 237 4262 tatis
258 4193 427 4279 praebent,
449 4197 561 4276 utpote
583 4215 667 4278 quac
695 4216 736 4263 ex
760 4195 871 4262 codice
892 4195 919 4260 B
942 4193 1137 4277 transcripta
1160 4194 1234 4260 sint.
1278 4192 1366 4275 quod
1388 4211 1460 4257 cum
1481 4211 1523 4258 ex

157 4297 335 4364 lectionum
357 4314 482 4360 summa
504 4295 712 4365 similitudine
735 4305 802 4364 tum
823 4297 900 4366 inde
915 4296 1051 4364 efficitur
1073 4293 1302 4380 (1101138111
1324 4293 1430 4360 scriba
1451 4313 1524 4360 ocu-

157 4401 265 4465 lorum
287 4398 357 4464 sive
379 4417 495 4462 manus
517 4417 626 4466 errore
647 4420 668 4465 a
689 4399 846 4464 Marciani
868 4399 889 4466 1.
906 4401 944 4465 3r
965 4398 1071 4465 subito
1092 4398 1136 4464 ad
1157 4397 1179 4462 1.
1195 4400 1236 4464 41
1258 4396 1436 4482 aberravit,
1459 4417 1522 4480 quo

158 4521 271 4569 errore
293 4499 522 4566 animadverso
544 4501 615 4585 ipse
637 4502 787 4568 lacunam
810 4501 965 4585 deinceps
987 4521 1028 4567 ex
1051 4499 1165 4566 eodem
1182 4500 1346 4566 Marciano
1369 4498 1523 4584 explevit.

158 4601 286 4668 scholia
307 4601 422 4668 cadem
445 4621 532 4686 quae
553 4599 581 4666 B
604 4603 755 4689 continet,
779 4603 838 4670 sed
860 4601 1017 4668 breviata.

241 4703 407 4770 Gemellus
422 4710 471 4769 cst
485 4704 692 4771 Parisinus
707 4706 792 4771 2423
815 4725 841 4770 s.
853 4705 934 4770 Xlll
953 4709 989 4769 nt
1002 4703 1105 4770 fertur
1119 4712 1272 4770 exaratus
1287 4703 1379 4769 varia
1394 4702 1524 4786 scripta,

159 4806 328 4872 Plutarchi
350 4807 422 4871 sola
443 4805 569 4872 Placita
592 4805 770 4872 continens.
805 4807 959 4891 usurpavi
980 4805 1136 4872 lectiones
1151 4825 1172 4870 a
1187 4803 1291 4871 Oonto
1313 4805 1357 4870 ad
1378 4802 1525 4870 librnmI

159 4915 329 4993 enotatas,
359 4907 447 4974 unde
474 4907 663 4974 manifestus
694 4929 766 4974 cum
796 4909 903 4992 priore
925 4905 1074 4974 Parisino
1104 4927 1281 4974 consensus
1308 4903 1523 4989 cognoscitur.
1560 4967 1562 4970 .

157 5011 343 5077 accuratius
364 5029 437 5076 eum
459 5009 619 5094 inspicere
641 5009 818 5094 supersedi.

1270 5109 1291 5178 ρ
1302 5107 1322 5150 ν
