3768 5736
342 357 404 422 388
692 355 1097 455 QJV
1116 351 1215 404 δτι-ιι

492 435 700 513 PLUTARCHI
719 464 811 513 EPIT.
825 466 862 514 IV
877 463 892 515 3
1183 459 1338 510 STOBAEI
1358 457 1434 507 EOL.
1449 458 1460 506 Ι
1474 455 1508 506 49
1526 455 1586 520 [41]
1601 467 1610 504 ι

427 597 464 664 Οἱ
486 598 639 663 Στωικοὶ
662 604 775 683 πνεῦμα
798 602 915 686 θερμόν.
1015 609 1032 664 3
1093 594 1136 662 Oi
1158 593 1315 659 Στωικοὶ
1337 597 1452 677 πνεῦμα
1466 593 1575 679 νοερόν,
1597 595 1661 680 δερ

1050 699 1115 782 μάν.

1010 803 1027 854 4
1089 801 1318 886 Παρμενίδης
1351 801 1385 864 δὲ
1415 801 1464 865 καὶ
1491 797 1661 870 Ἵππασος

1048 907 1180 989 πυρώδη.

426 1008 649 1093 Δημόκριτος
682 1012 813 1095 πυρῶδες
852 1011 1030 1097 σώγκριμοιδ
1090 1007 1313 1092 Δημόκριτος
1349 1007 1481 1090 πυρῶδες
1517 1005 1693 1088 σῦγκρψαῦ

384 1111 418 1174 ἐκ
444 1115 503 1175 τῶν
532 1111 611 1198 λόγῳ
640 1112 817 1197 θεωρητῶν,
845 1117 997 1201 σφαιρικὰς
1049 1109 1082 1172 ἐκ
1108 1113 1166 1172 τῶν
1193 1108 1271 1193 λόγῳ
1300 1108 1474 1193 θεωρητῶν,
1509 1107 1662 1192 σφαιρικὰς

383 1213 435 1294 μὲν
458 1213 586 1298 ἐχόντων
617 1215 668 1284 τάς
691 1215 783 1295 ἰδέας,
817 1219 935 1302 πυρίνην
965 1220 998 1282 δὲ
1050 1212 1101 1293 μὲν
1128 1210 1257 1296 ἐχόντων
1283 1211 1335 1281 τὰς
1362 1210 1455 1290 ἰδέας,
1482 1209 1600 1295 πυρίνην
1627 1211 1661 1273 δὲ

360 1317 436 1402 οτὴν
458 1317 589 1401 δύναμιν,
612 1319 683 1404 ὅπερ
706 1323 793 1402 σῶμα
815 1318 897 1384 εἶναι.
1048 1315 1101 1399 τὴν
1124 1313 1254 1398 δύναμιν,
1275 1314 1346 1399 ὅπερ
1369 1317 1456 1398 σῶμα
1477 1312 1559 1378 εἶναι.

1015 1412 1030 1465 ⁶
1084 1413 1315 1501 Ἡρακλείδης
1332 1418 1478 1502 φωτοειδῆ
1494 1416 1546 1501 τὴν
1561 1417 1660 1501 ψυχὴν

1048 1517 1184 1603 ώρίσατο.
1672 1537 1696 1576 ιο

1012 1621 1029 1676 7
1090 1621 1292 1692 Λεύκιππος
1325 1622 1358 1685 ἐκ
1391 1623 1481 1706 πυρὸς
1507 1619 1579 1686 εἶναι
1605 1621 1659 1704 τὴν

1046 1725 1153 1808 ψυχήν·

1012 1840 1029 1894 8
1090 1824 1255 1910 Διογένης
1278 1821 1538 1910 δἈπολλωνιάτης
1560 1823 1590 1896 ἐξ
1612 1825 1659 1889 ἀί·

1046 1949 1096 2010 ρος
1118 1928 1170 2010 τὴν
1192 1929 1301 2014 ψυχήν.

1012 2040 1028 2091 9
1083 2024 1209 2092 Ἵππων
1232 2028 1261 2099 ἐξ
1284 2029 1386 2099 δδατος
1407 2031 1460 2114 τὴν
1482 2031 1589 2117 ψυχήν.
1668 2049 1692 2088 1⁵

1005 2134 1037 2186 10
1090 2129 1267 2216 Ξέναρχος
1300 2135 1315 2196 δ
1348 2131 1577 2218 Περιπατητικὸς
1610 2133 1661 2196 καί

1042 2255 1115 2304 τινες
1138 2233 1230 2317 ἕτεροι
1252 2239 1305 2317 τῆς
1328 2233 1420 2319 αὐτῆς
1442 2235 1583 2320 αἱρέσεως
1604 2237 1658 2320 τὴν

1042 2335 1117 2399 κατὰ
1138 2337 1171 2399 τδ
1194 2335 1269 2406 εἶδος
1291 2337 1457 2422 τελειότητα
1478 2339 1527 2402 καλ
1550 2339 1657 2402 ἐντελέ-

1042 2461 1125 2524 χειαν
1160 2437 1224 2502 καθ’
1263 2439 1370 2523 ἑαυτὴν
1400 2439 1490 2504 οὖσαν
1518 2440 1582 2524 άμα
1609 2441 1658 2506 καὶ

1045 2541 1118 2624 μετὰ
1140 2545 1191 2604 τοῦ
1214 2543 1352 2624 σώματος
1375 2543 1613 2627 συντεταγμένην.
1667 2561 1693 2600 20

417 2643 624 2730 Ἐπίκουρος
646 2649 744 2730 κρᾶμα
776 2647 810 2710 ἐκ
835 2647 989 2732 τεττάρων,
1003 2639 1033 2690 ¹¹
1083 2640 1289 2728 Ἐπίκουρος
1317 2648 1416 2728 κρᾶμα
1444 2647 1477 2709 ἐκ
1504 2647 1658 2730 τεττάρων,

378 2747 411 2809 ἐκ
438 2753 523 2810 ποιοῦ
546 2749 707 2832 πυρώδους,
734 2749 873 2811 ἐκποιοῦ
901 2750 990 2832 ἀερώ-
1042 2745 1182 2809 ἐκποιοῦ
1205 2748 1366 2830 πυρώδους,
1395 2746 1429 2811 ἔκ
1458 2751 1542 2812 ποιοῦ
1565 2749 1656 2832 ἀερώ-

377 2849 453 2930 δους,
482 2851 516 2913 ἐκ
544 2855 629 2914 ποιοῦ
659 2855 864 2934 πνευματικοῦ,
886 2851 920 2914 ἐκ
949 2874 991 2914 τε·
1043 2847 1120 2924 δους,
1141 2847 1176 2910 ἐκ
1190 2852 1275 2912 ποιοῦ
1290 2853 1496 2932 πνευματικοῦ,
1511 2849 1545 2914 ἐκ
1560 2852 1656 2936 τετάρ

374 3053 389 3105 7
412 3051 542 3123 πυρώδους
565 3058 592 3106 in
620 3071 699 3120 marg.
724 3039 760 3125 [Ρ
779 3054 888 3124 γεώδους
904 3058 940 3108 Βι
964 3074 991 3126 γε
1072 3033 1699 3110 δίιαὶπ’λ’ίδωοςᾸ[πλίίῑίδίίοδθοίῑᾞθθῐθῑῑίί

333 3138 463 3210 τωρώδους
477 3145 514 3192 A:
530 3140 660 3211 πυρώδους
675 3142 696 3192 0
714 3145 745 3192 05·
756 3144 827 3194 prol·
844 3141 908 3209 p.35
1043 3122 1058 3176 6
1077 3118 1159 3189 λόγων
1170 3117 1303 3190 θεωρικῶν
1318 3127 1340 3173 Α
1354 3141 1419 3176 corr.
1433 3127 1529 3177 Cantor
1541 3123 1555 3195 ΙΙ
1577 3127 1608 3179 13
1627 3127 1701 3197 ἀίρος

1042 3205 1103 3258 εἶναι
1120 3209 1177 3258 eod.
1191 3210 1300 3273 August.
1311 3207 1326 3279 ΙΙ
1341 3211 1371 3263 16
1390 3215 1421 3263 cf.
1440 3215 1512 3266 Prol.
1531 3232 1555 3280 p.
1572 3213 1620 3267 184
1630 3231 1671 3279 sq.

1039 3363 1207 3415 ALIORUM
1226 3365 1277 3416 Ex
1296 3367 1409 3418 ΔΕΤΙΟ
1428 3369 1625 3422 EXCERPTA

1066 3463 1111 3519 83
1124 3463 1285 3524 Theodorot
1298 3471 1321 3520 V
1333 3469 1366 3520 18
1376 3469 1398 3520 οἱ
1408 3468 1434 3522 δί
1444 3466 1616 3539 γεΣτωικολ
1626 3489 1698 3525 πνευ-

1037 3552 1147 3622 ματικὴν
1165 3551 1280 3607 πλείστου
1294 3555 1448 3624 μετέχουσαν
1459 3561 1505 3610 τοῦ
1521 3555 1623 3628 θερμοῦ.
1649 3557 1699 3616 Νο-

1035 3653 1103 3697 mos.
1123 3659 1147 3707 ρ.
1167 3641 1247 3694 28Δ.
1267 3643 1300 3695 67
1314 3645 1351 3694 Μ.
1380 3643 1402 3694 οί
1420 3644 1465 3713 μλν
1488 3645 1534 3715 γὰρ
1559 3641 1698 3697 Στωικοὶ

1036 3733 1133 3796 πνεῦμα
1145 3727 1257 3798 λέγουσιν
1275 3727 1354 3798 αίιτὴν
1373 3728 1493 3800 ίνδερμον
1506 3729 1550 3784 καλ
1568 3729 1695 3802 διάπυρον.

1071 3813 1270 3874 Ηλεάἀάῑσδ
1290 3819 1306 3867 Ι.
1320 3835 1341 3868 ο.
1373 3813 1569 3888 Παρμενίδης
1596 3817 1622 3870 δὲ
1652 3819 1697 3870 καλ

1031 3899 1177 3961 Ἵππασος
1196 3903 1239 3954 καί
1254 3899 1456 3972 Ἡράκλειτος
1479 3903 1582 3974 πυρώδη
1601 3903 1697 3974 ταίντην

1035 3987 1198 4059 κεκλήκασιν.

1070 4075 1086 4130 5
1099 4075 1204 4134 Nomos.
1215 4079 1231 4128 l.
1243 4094 1265 4128 ο.
1278 4075 1588 4148 ροεεδθδημάκριτος
1600 4077 1627 4131 δδ
1636 4081 1695 4149 πίιρ.

1034 4165 1066 4217 τὰ
1084 4164 1130 4234 γὰρ
1148 4162 1290 4234 σφαιροειδῆ
1310 4163 1428 4234 σχήματα
1446 4171 1498 4218 τῶν
1516 4165 1618 4235 ἀτίμων
1637 4179 1695 4234 συγ-

1034 4251 1166 4322 κρινόμενα
1193 4254 1242 4321 πῦρ
1265 4269 1292 4302 τε
1314 4252 1357 4303 καὶ
1379 4253 1428 4323 ἀὴρ
1456 4253 1541 4322 ψυχὴν
1567 4250 1695 4305 ἀποτελεῖν

1035 4337 1162 4404 [ἀποτελεῖ
1178 4339 1318 4390 Βτεεάειιε.
1336 4340 1347 4391 l
1368 4344 1400 4393 εί.
1419 4343 1490 4394 Ptol.
1509 4358 1533 4406 ρ.
1547 4337 1606 4404 49²]

1069 4428 1085 4480 6
1104 4423 1269 4482 δίιουάοτοί.
1287 4427 1304 4477 1.
1314 4442 1335 4478 ο.
1354 4423 1406 4478 m
1421 4423 1624 4497 Ἡρακλείδης
1639 4445 1693 4496 φω-

1035 4511 1126 4581 τοειδῆ.

1067 4601 1082 4653 9
1101 4598 1206 4656 Νεκιες.
1220 4601 1237 4650 l.
1251 4615 1273 4650 ο.
1283 4595 1395 4652 Ἵππων
1407 4599 1434 4652 δά
1446 4597 1459 4652 δ
1469 4600 1603 4671 φιλόσοφος
1615 4597 1692 4670 ὕδωρ.

1068 4685 1100 4738 11
1120 4683 1283 4744 Theodoro&
1296 4689 1313 4738 l.
1324 4704 1345 4738 ο.
1364 4683 1546 4758 Ἐπίκουρος
1563 4683 1692 4740 δὲδΝεο-

1031 4771 1120 4831 κλέους
1141 4774 1267 4843 τεττάρων
1280 4778 1355 4826 τινῶν
1373 4774 1515 4844 ποιοτήτων
1533 4779 1627 4844 κρᾶμα,
1646 4791 1691 4826 τω-

1030 4858 1125 4932 ρώδους
1143 4859 1186 4911 καὶ
1205 4858 1330 4930 ἀερώδους
1349 4861 1391 4913 καὶ
1410 4863 1579 4930 πνευματικοῦ
1596 4861 1639 4912 καὶ
1651 4878 1690 4912 τε·

1029 4949 1121 5018 τάρτου
1139 4943 1205 5005 τινὸς
1224 4945 1437 5016 ἀκατονομάστου.
