3708 5738
406 391 604 444 HIPPOLYTI
623 389 987 444 PHILOSOPHUMENON
1007 392 1229 444 PROOEMIUM
1438 389 1501 454 553

475 863 541 920 ΤθΥ
560 863 659 920 ΚΑΤΑ
680 863 797 921 ΠΑΣΩΝ
817 863 991 920 ΑΙΡΕΣΕΩΝ
1011 863 1170 922 ΕΛΕΓΧθΥ

715 1003 858 1060 ΒΙΒΛΙθΝ
879 1004 918 1059 θ’.

669 1144 968 1202 (θίθθΣθθθΥθίΕΝλ

698 1287 941 1371 Προοίμιον

273 1391 351 1456 Τάδε
373 1390 481 1456 ἐνεσττν
504 1392 534 1454 ἐν
557 1397 594 1473 τῇ
618 1394 721 1475 πρώτη
744 1389 812 1454 Τοῦ
835 1392 922 1454 κατὰ
945 1393 1067 1452 πασῶν
1090 1390 1264 1472 αἱρέσεων
1288 1390 1449 1475 ἐλέγχου.

270 1493 341 1559 Τίνα
363 1495 400 1557 τὰ
421 1494 542 1563 δόξαντα
568 1498 628 1562 τοῖς
649 1496 816 1578 φυσικοῖς
837 1495 1007 1578 φιλοσόφοις
1028 1494 1076 1556 καὶ
1104 1493 1176 1561 τίνες
1203 1492 1283 1555 οθτοι
1316 1494 1364 1555 καὶ
1386 1493 1450 1556 τίνα

184 1597 220 1660 τὰ
238 1601 298 1667 τοῖς
321 1597 464 1682 ήθικοῖς
486 1597 535 1659 καί
553 1595 627 1666 τίνες
645 1597 726 1660 οὗτοι
748 1597 796 1660 καὶ
817 1595 881 1660 τίνα
906 1597 942 1658 τά
962 1599 1021 1664 τοῖς
1044 1597 1286 1664 διαλεκτικοῖς
1309 1595 1357 1658 καλ
1376 1596 1449 1666 τίνες

183 1701 211 1764 οί
234 1699 417 1764 διαλεκτικοί.

155 1821 167 1859 ι
270 1801 420 1866 Φυσικοὶ
453 1802 504 1884 μέν
532 1801 582 1865 οὖν
616 1802 716 1886 Θαλῆς
743 1801 917 1886 Πυθαγόρας
940 1799 1138 1885 Ἐμπεδοκλῆς
1161 1799 1345 1886 Ἡράκλειτος
1370 1799 1449 1865 Ἀνα·

182 1903 332 1988 ξίμανδρος
359 1901 543 1988 Ἀναξιμένης
578 1902 767 1989 Ἀναξαγόρας
797 1903 955 1990 Ἀρχέλαος
989 1902 1169 1987 Παρμενίδης
1200 1904 1364 1973 Λεύκιππος
1394 1905 1449 1988 Δη-

185 2007 319 2091 μόκριτος
342 2005 509 2090 Ξενοφάνης
526 2003 689 2092 Ἔκφαντος
705 2004 824 2071 Ἵππων.

263 2107 401 2172 Ἠθικοὶ
423 2107 582 2192 Σωκράτης
593 2107 753 2195 Ἀρχελάου
769 2111 904 2194 μαθητὴς
918 2115 970 2174 τοῦ
985 2115 1119 2195 φυσικοῦ,
1136 2109 1258 2174 Πλάτων
1274 2109 1448 2193 Σωκράτους

187 2212 336 2295 μαθητής·
367 2211 451 2282 οὖτος
473 2212 524 2281 τὰς
545 2215 620 2295 τρεῖς
642 2213 813 2297 φιλοσοφίας
835 2209 939 2294 ἔμιξεν.

145 2333 169 2371 1⁰
271 2313 498 2378 Διαλεκτικοὶ
518 2312 716 2398 Ἀριστοτέλης
737 2314 893 2384 Πλάτωνος
920 2316 1068 2400 μαθητής·
1098 2316 1245 2400 οὖτοςτὴν
1271 2317 1452 2399 διαλεκτικήν

178 2419 382 2502 συνεστήσατο.
419 2416 544 2481 Στωικοί
567 2418 599 2481 δέ
618 2417 790 2502 Χρύσιππος
812 2417 925 2502 Ζήνων.

265 2517 433 2604 Ἐπίκουρος
452 2521 484 2582 δέ
502 2521 608 2605 σχεδὸν
623 2521 751 2585 ἐναντίαν
767 2520 850 2590 δόξαν
865 2526 952 2584 πᾶσιν
974 2521 1173 2606 ἐπεχείρησεν,
1196 2521 1318 2607 Πόρρων
1342 2519 1451 2586 όἈκα-

183 2623 287 2706 δήμιος
302 2620 399 2707 (οὖτος
410 2622 610 2708 ἀκαταληψίαν
625 2627 683 2687 τῶν
699 2625 813 2687 πάντων
828 2623 929 2710 λέγει),
944 2623 1121 2709 Βραχμᾶνες
1136 2627 1163 2688 οἱ
1175 2625 1205 2688 ἐν
1213 2623 1320 2703 Ἰνδοῖς,
1333 2623 1451 2709 Δρυΐδαι

187 2725 213 2785 οἱ
236 2723 266 2786 ἐν
290 2719 411 2794 Κελτοῖς
434 2726 482 2788 καὶ
500 2724 640 2796 Ἡσίοδος.

715 2971 914 2980 *m

142 3155 165 3193 1⁵
269 3134 383 3203 Οὐδένα
407 3137 500 3219 μῦθον
523 3142 581 3201 τῶν
596 3139 665 3223 παρ’
679 3135 799 3222 Ἕλλησι
822 3141 1032 3222 νενομισμένων
1057 3141 1257 3224 παραιτητέον.
1287 3143 1375 3211 πιστά
1394 3142 1448 3225 γὰρ

187 3240 235 3302 καί
268 3241 305 3304 τά
335 3241 483 3304 ἀσόστατα
513 3241 610 3304 αὐτῶν
637 3242 767 3325 δόγματα
796 3243 919 3326 ἡγητέον
953 3243 1001 3305 διὰ
1037 3245 1089 3326 τήν
1124 3245 1358 3328 ὑπερβάλλουσαν
1392 3249 1450 3306 τῶν

183 3344 336 3426 αίρετικῶν
364 3343 481 3426 μανίαν,
515 3344 543 3406 οἳ
570 3345 618 3407 διὰ
643 3346 676 3406 τδ
705 3349 818 3408 σιωπᾶν
846 3345 1038 3430 ἀποκρύπτειν
1071 3369 1102 3408 τε
1129 3347 1164 3409 τὰ
1185 3345 1309 3430 Ιἄρρητα
1339 3346 1450 3408 ἑαυτῶν

184 3448 327 3530 μυστήρια
356 3447 552 3531 ἐνομίσθησαν
586 3450 703 3517 πολλοῖς
735 3447 804 3510 θεδν
838 3447 944 3531 σέβειν·
980 3447 1020 3510 ῶν
1055 3449 1103 3510 καλ
1137 3450 1226 3511 πάλαι
1260 3448 1382 3531 μετρίως
1414 3448 1451 3510 τὰ

183 3547 312 3630 δόγματα
339 3545 515 3632 ἐξεθέμεθα,
544 3549 578 3614 οὐ
596 3549 682 3612 κατὰ
709 3550 812 3612 λεπτδν
835 3550 1037 3628 ἐπιδείξαντες,
1071 3551 1146 3614 ἀλλὰ
1179 3551 1347 3635 ἁδρομερῶς
1374 3551 1451 3633 ἐλέγ·

141 3669 165 3706 ²0
183 3649 295 3730 ξαντες,
329 3653 419 3735 μηδέν
448 3652 526 3722 ἀξιον
556 3654 734 3736 ἡγησάμενοι
763 3653 798 3715 τὰ
825 3652 936 3736 ἄρρητα
962 3653 1059 3716 αὐτῶν
1087 3652 1127 3722 είς
1154 3657 1219 3736 φῶς
1245 3652 1339 3735 άγειν,
1370 3653 1450 3723 ὅπως

182 3750 218 3814 δι’
247 3753 421 3836 αἰνιγμάτων
449 3757 536 3837 ήμῶν
563 3755 730 3838 ἐκθεμένων
758 3755 795 3818 τά
821 3755 941 3824 δόξαντα
969 3756 1067 3824 αὐτοῖς
1094 3755 1309 3841 αἰσχυνθέντες,
1338 3759 1452 3840 μήποτε

184 3855 232 3917 καὶ
254 3857 291 3919 τὰ
311 3855 423 3940 ἄρρητα
445 3856 603 3926 ἐξειπόντες
626 3857 732 3927 ἀθέους
754 3857 950 3941 ἐπιδείξωμεν,
972 3859 1141 3923 παύσωνταί
1158 3859 1211 3942 [τι]
1227 3865 1279 3943 τής
1297 3859 1449 3942 ἀλογίστου

187 3961 303 4042 γνώμης
332 3960 380 4022 καὶ
410 3959 552 4041 ἀθεμίτου
586 3959 805 4044 ἐπιχειρήσεως.
837 3960 901 4025 ἀλλ’
939 3963 1001 4025 ἐπεὶ
1039 3963 1100 4046 όρῶ
1134 3963 1175 4046 μὴ
1210 3961 1451 4045 δυσωπουμένους

182 4059 287 4130 αὐτοὺς
309 4062 361 4146 τὴν
383 4061 528 4146 ἡμετέραν
551 4063 704 4126 ἐπιείκειαν
728 4066 804 4148 μηδὲ
823 4065 1033 4147 λογιζομένους,
1057 4068 1097 4134 ῶς
1113 4065 1181 4133 θεὸς
1198 4065 1383 4148 μακροθυμεῖ
1397 4061 1446 4128 ὑπ’

142 4181 166 4218 ιτ
184 4161 281 4226 αὐτῶν
310 4163 587 4249 βλασφημούμενος,
617 4167 697 4235 ὅπως
719 4166 739 4249 ἢ
763 4166 945 4237 αἰδεσθέντες
976 4169 1192 4251 μετανοήσωσιν
1216 4167 1235 4250 ή
1259 4166 1453 4248 ἐπιμείναντες

182 4265 301 4334 δικαίως
328 4267 469 4350 κριθῶσι,
503 4268 633 4353 βιασθεὶς
663 4269 779 4352 πρόειμι
807 4269 905 4339 δείξων
932 4270 1028 4334 αὐτῶν
1054 4271 1091 4333 τά
1117 4269 1269 4352 ἀπόρρητα
1298 4271 1450 4353 μυστήρια,

181 4365 200 4428 ἀ
222 4371 281 4437 τοῖς
305 4369 477 4452 μυουμένοις
500 4372 573 4452 μετὰ
596 4373 723 4455 μεγαλης
745 4371 921 4441 ἀξιοπιστίας
937 4373 1143 4457 παραδιδόασιν
1166 4371 1200 4435 οὐ
1223 4371 1361 4454 πρότερον
1383 4375 1450 4456 ὁμο-

181 4471 370 4554 λογήσαντες,
403 4472 429 4533 εί
458 4474 498 4556 μὴ
527 4476 577 4536 τδν
604 4479 734 4540 τοιοῦτον
761 4476 964 4539 δουλῶσωνται
995 4475 1094 4559 χρόνῳ
1124 4475 1374 4558 ἀνακρεμάσαντες
1400 4477 1448 4538 καὶ

179 4572 351 4658 βλάσφημον
387 4575 459 4660 πρὸς
495 4577 544 4638 τδν
579 4573 669 4645 όντως
702 4577 771 4640 θεὸν
806 4578 1070 4646 κατασκευάσαντες
1100 4577 1147 4640 καὶ
1178 4577 1324 4660 περιεργία
1353 4579 1449 4662 γλιχό-

140 4693 164 4732 οο
182 4697 266 4756 μενον
300 4681 353 4760 τῆς
388 4676 557 4760 ἐπαγγελίας
591 4675 686 4742 ἴδωσι.
730 4679 778 4742 καλ
800 4679 866 4742 τότε
900 4681 1105 4762 δοκιμάσαντες
1139 4678 1256 4760 δέσμιον
1290 4678 1362 4743 εἶναι
1396 4686 1449 4764 τῆς

181 4778 322 4862 ἁμαρτίας
356 4783 459 4860 μυοῡσι
492 4781 525 4844 τδ
559 4780 668 4845 τέλειον
700 4787 759 4844 τῶν
792 4785 891 4844 κακῶν
923 4782 1144 4866 παραδιδόντες,
1178 4783 1275 4866 ὅρκοις
1311 4783 1450 4866 δήσαντες

181 4882 256 4965 μήτε
282 4879 401 4949 ἐξειπεῖν
430 4885 505 4968 μήτε
530 4889 573 4968 τῷ
601 4884 718 4970 τυχόντι
743 4887 929 4967 μεταδοῦναι,
957 4885 982 4947 εἰ
1010 4886 1050 4967 μὴ
1074 4886 1182 4967 ὁμοίως
1206 4884 1387 4967 δουλωθείη,
1415 4885 1449 4949 οὗ

182 4983 269 5065 μόνον
291 4985 506 5069 παραδοθέντος
528 4987 581 5050 οὐκ
604 4985 645 5050 ἔτι
669 4988 753 5072 ὅρκος
776 4990 930 5072 ἀναγκαῖος
954 4987 999 5072 ήν.
1045 4989 1060 5050 ό
1083 4988 1136 5072 γὰρ
1160 4988 1315 5073 ὑπομείνας
1337 4988 1442 5054 παθεῖν
