3756 5736
731 398 1008 450 nuorrnaonnun
1485 399 1546 462 ‘207

183 564 380 648 religiositas
402 563 454 630 hie
475 585 542 630 nou
568 563 719 630 sument
751 566 815 630 ce
843 567 882 630 de
902 568 1123 647 insipuicribus
1145 570 1476 649 crpumentciionibns,
1503 569 1548 632 in-

183 668 263 753 quit,
286 670 346 731 erit
362 671 455 732 cticn
470 669 527 732 illa
543 667 626 750 quod
641 687 728 732 omne
743 687 858 749 corpus
880 672 1098 750 corporalibus
1113 673 1158 734 cii
1173 673 1309 734 iudicent
1324 675 1460 735 unimam
1474 693 1548 736 uero

183 783 217 836 nt
238 773 467 852 incorporalem
483 772 737 852 incorporalibus
750 773 924 853 supientiae
938 774 1056 836 seilicet
1070 775 1192 837 studiis.
1226 777 1282 838 secl
1296 795 1352 838 nec
1366 777 1415 837 bic
1429 777 1548 856 modus

183 875 277 938 stabit
298 876 392 938 αιῑακυ
414 874 560 938 Sorano
590 875 820 939 methodicae
847 876 1052 940 medicinae
1080 879 1371 942 instructissimo
1395 889 1549 942 anctore

183 979 388 1060 respondente
410 980 545 1042 animam
566 979 784 1059 corporalibus
807 997 926 1060 quoquc
948 981 994 1042 ali
1017 1027 1024 1042 .
1048 1027 1056 1042 .
1079 1026 1087 1042 .
1110 983 1157 1044 ila
1178 983 1269 1044 etiam
1291 984 1358 1061 ipsc
1380 983 1548 1045 Soranus

182 1082 396 1163 plenissime
417 1099 531 1162 super
553 1085 683 1146 anima
704 1089 969 1146 commentatus
991 1093 1154 1164 quatuor
1175 1085 1422 1148 velaminibus
1436 1095 1465 1149 et
1480 1107 1548 1149 cum

184 1184 326 1248 omnibns
345 1185 597 1266 pbiloscpborum
618 1188 778 1250 sententiis
804 1193 950 1266 eapertrts
977 1188 1172 1268 corporalem
1199 1189 1322 1250 errimus
1343 1188 1550 1252 substantiam

184 1287 324 1350 cmdicct
346 1289 403 1350 etsi
424 1289 511 1351 illam
533 1290 765 1352 immortalitate
785 1289 958 1368 [conducit.

269 1389 414 1456 ὃσιιιιυο
429 1389 527 1474 igilur
542 1390 649 1458 clarus
664 1390 865 1456 methodicos
879 1389 1030 1475 idemque
1045 1391 1189 1458 eruditus
1208 1391 1393 1476 philologus
1408 1391 1548 1459 Traiano

186 1511 308 1577 supper
334 1493 512 1576 pretiosum
538 1492 629 1558 illum
656 1493 843 1579 opinionum
868 1493 1056 1560 thesaurum
1086 1495 1233 1577 collegit,
1265 1493 1355 1560 cuius
1383 1494 1549 1562 heresem

183 1593 291 1662 fectus
313 1595 543 1662 Tertullianus.
577 1594 652 1661 hinc
673 1615 740 1662 non
761 1595 858 1662 modo
881 1615 965 1678 quoe
987 1596 1176 1662 nominatim
1199 1597 1377 1662 afferuntur
1400 1617 1426 1662 c.
1442 1599 1472 1664 8.
1498 1599 1547 1662 13.

184 1697 238 1784 25,
260 1697 320 1764 sed
340 1704 498 1782 quotquot
524 1698 566 1764 de
593 1698 727 1766 medicis
753 1704 787 1764 et
811 1695 1014 1782 philosophis
1041 1701 1139 1784 poulo
1165 1699 1308 1764 melioris
1335 1705 1433 1764 notae
1461 1698 1549 1765 inre-

183 1801 325 1887 mansur,
347 1806 498 1866 amurate
521 1821 580 1884 pra
603 1806 700 1885 captu
722 1799 913 1866 Tertulliani
936 1800 1170 1867 describuntur.
1210 1801 1300 1866 dices
1321 1800 1427 1866 ‘credo
1451 1801 1549 1867 medi-

185 1923 252 1989 cos,
275 1903 335 1970 sed
349 1901 562 1988 philosophos
575 1902 663 1969 unde
677 1921 699 1968 u
714 1901 841 1968 Sorano
864 1921 961 1985 quem
975 1921 996 1968 a
1011 1903 1212 1970 Tertulliano
1235 1923 1276 1969 ex
1293 1901 1388 1968 Aelio
1410 1902 1549 1968 fortusse

185 2012 389 2074 λιυυοτοοιοο
403 2005 554 2072 arbitrari
568 2004 706 2071 mavisl’
739 2023 871 2088 possum
886 2003 928 2070 de
943 2003 1030 2071 fideli
1045 2005 1219 2072 concordia
1235 2023 1377 2089 monere,
1400 2023 1465 2086 que
1480 2004 1550 2072 sine

186 2107 396 2176 commissura
417 2107 534 2176 medici
556 2113 589 2174 et
603 2105 788 2191 philosophi
806 2105 980 2172 miscentur
996 2108 1015 2190 ¹,
1039 2127 1171 2191 possum
1187 2107 1420 2173 Tertullianum
1436 2107 1549 2174 testari

185 2212 239 2296 qui
261 2232 335 2278 eum
360 2233 428 2276 ουνκ
450 2211 590 2277 cnmibus
609 2211 861 2291 pbilosophorum
882 2213 1043 2274 sententiis
1065 2219 1224 2292 sepulum
1246 2207 1338 2294 dicit,
1365 2210 1424 2276 sed
1446 2217 1481 2274 tu
1503 2209 1550 2275 rei

178 2313 396 2399 pravissimae
418 2333 538 2398 magne
559 2312 727 2379 desideres
747 2318 780 2378 et
801 2310 922 2378 invicta
948 2319 1149 2396 argumento.
1194 2310 1292 2393 quid?
1325 2311 1352 2376 si
1382 2309 1467 2376 idem
1492 2310 1550 2376 tibi

184 2424 282 2502 ceput
303 2419 368 2504 περὶ
390 2419 575 2502 ἡγεμονικοῦ,
597 2413 684 2481 unde
704 2412 868 2497 proiectus
889 2433 974 2499 sum,
998 2435 1039 2482 ex
1061 2413 1206 2480 eiusdem
1228 2412 1345 2480 Sorani
1376 2411 1459 2477 libro
1487 2414 1550 2498 περὶ

184 2521 378 2604 ἐτυμολογιῶν
399 2521 452 2582 τοῦ
474 2519 609 2600 σώματος
630 2521 682 2580 τοῦ
705 2517 863 2602 ἀνθρώπου
877 2536 1052 2602 epponem,
1074 2517 1222 2584 sictusne
1237 2513 1331 2580 dabis
1350 2515 1487 2580 monus?
1509 2535 1551 2581 en

184 2622 359 2690 Pollucis
380 2626 567 2704 excerptum
589 2638 661 2684 cum
683 2619 816 2685 Placitis
836 2618 952 2686 itemm
974 2619 1147 2685 conlatum.

321 2721 443 2788 Polluc.
461 2741 566 2790 onom.
583 2722 704 2786 11226.
865 2723 868 2807 l
1082 2719 1153 2786 Ast.
1171 2720 1258 2786 Pluc.
1275 2720 1320 2786 Ν
1335 2721 1364 2786 b.

226 2827 274 2890 καὶ
302 2823 379 2889 ἔστιν
406 2827 426 2909 ἡ
453 2825 534 2909 ψυχὴ
562 2829 675 2906 πνεῦμα
697 2824 717 2906 ἢ
741 2825 839 2908 πδρῆ
865 2820 868 2901 l
935 2823 1048 2888 IVbl
1080 2823 1270 2906 Ἱπποκράτης
1294 2825 1345 2905 μὲν
1361 2824 1415 2907 γὰρ
1431 2825 1479 2887 καὶ
1494 2825 1549 2908 Δη-

183 2929 257 3010 αἷμα
279 2929 299 3011 ἤ
324 2928 367 2992 ὅτι
389 2926 424 2990 ἂν
446 2929 521 3009 δοκῇ
543 2929 617 2995 τοῖς
639 2931 762 3010 σοφοῖς
865 2904 867 3005 i
893 2926 1027 3009 μόκριτος
1064 2927 1112 2990 καὶ
1151 2925 1296 2989 Πλάτων
1329 2927 1359 2989 ἐν
1396 2927 1549 3012 ἐγκεφάλῳ

226 3032 275 3095 καὶ
298 3033 314 3095 δ
336 3031 389 3112 μὲν
410 3032 477 3098 νοῦς
498 3029 547 3092 καλ
562 3029 698 3112 λογισμὸς
713 3029 761 3091 καλ
777 3030 840 3112 ἡγε-
865 3036 867 3063 ¹
892 3033 980 3091 τοῦτο
1003 3029 1140 3113 ἱδρῦσθαι
1160 3028 1319 3111 εἰρήκασιν.

184 3133 319 3217 μανικόν,
355 3129 414 3194 εἴτε
452 3131 517 3214 περὶ
550 3128 734 3214 ἐγκεφάλιρ“
766 3131 840 3194 κατὰ
934 3129 1067 3195 ivero
1101 3129 1430 3214 Πυθαγόρας...τδ
1454 3134 1487 3196 δὲ
1505 3137 1549 3197 λο-

184 3233 396 3319 Πυθαγόραν
418 3235 466 3298 καὶ
490 3232 658 3296 Πλάτωνα
681 3231 839 3316 ἱδρυμένος.
890 3235 969 3314 γικδν
992 3234 1041 3298 καὶ
1063 3235 1160 3317 νοερὸν
1183 3233 1248 3316 περὶ
1270 3234 1322 3316 τὴν
1345 3237 1485 3319 κεφαλήν.

226 3336 278 3402 atr
307 3338 337 3401 ἐν
364 3335 587 3421 παρεγκοφαλίδι
608 3335 627 3418 ἢ
650 3333 776 3418 μήνιγξιν
800 3339 840 3405 ὡς
933 3333 979 3398 Ν
998 3336 1058 3398 53
1093 3333 1359 3419 Ἐρασίστρατος
1395 3337 1459 3420 περὶ
1496 3339 1549 3421 τὴν

184 3443 303 3510 πολλοῖς
324 3443 384 3502 τῶν
407 3438 513 3522 ἰατρῶν
535 3440 624 3502 δοκεῖ.
892 3438 1014 3520 μήνιγγα
1040 3441 1091 3500 τοῦ
1118 3438 1279 3521 ἐγκεφαλου
1306 3438 1342 3520 ἣν
1364 3438 1412 3500 καὶ
1435 3437 1549 3522 insupe-

891 3538 956 3602 νίδα
979 3538 1065 3621 λέγει.

227 3643 285 3708 εἴτε
317 3644 393 3708 κατὰ
424 3644 459 3706 τὸ
492 3643 655 3728 μεσόφρυον
688 3644 729 3711 ὥς
759 3638 840 3723 ἔλεγε
933 3639 1050 3705 iven
1084 3639 1250 3724 Στράτων
1273 3640 1303 3704 ἐν
1328 3642 1495 3728 μεσοφρύῳ.

184 3747 359 3832 Στράτων.

227 3849 286 3913 εἴτε
306 3851 371 3934 περὶ
393 3849 426 3912 τδ
449 3847 522 3930 αἷμα
545 3851 586 3917 ὥς
605 3845 840 3931 Ἐμπεδοκλῆς
934 3845 979 3910 Ν
1000 3846 1056 3909 58
1098 3841 1341 3931 Ἐμπεδοκλῆς
1371 3849 1401 3911 ἐν
1430 3853 1467 3930 τῇ
1498 3851 1549 3911 τοῦ

184 3973 216 4013 το
237 3952 285 4014 καὶ
305 3949 558 4036 Ἀριστοτέλης.
892 3947 1013 4029 αἵματος
1036 3949 1181 4012 συστάσει.
1215 3947 1255 4012 cf.
1285 3947 1479 4016 Theodorei

226 4051 285 4115 else
306 4054 370 4138 περὶ
388 4055 442 4138 τὴν
464 4051 583 4136 καρδίαν
606 4055 647 4121 ὡς
668 4053 688 4135 ἡ
712 4050 799 4114 Στοά.
934 4050 1050 4115 Ν56
1084 4051 1111 4112 οἱ
1141 4049 1264 4113 Στωικοὶ
1295 4053 1400 4121 πάντες
1432 4052 1462 4114 ἐν
1492 4051 1548 4134 δλγγ

892 4157 930 4234 τῇ
953 4151 1067 4236 καρδίᾳ.

270 4255 453 4324 Similitudo
476 4263 599 4341 quantu
620 4256 662 4322 sit
683 4254 783 4322 sides
830 4254 888 4320 sed
910 4254 1070 4320 rationem
1091 4253 1212 4336 debeo,
1239 4273 1295 4318 our
1318 4253 1455 4322 Soranei
1477 4254 1550 4320 libri

186 4359 328 4443 vestime
348 4358 527 4427 certissime
546 4358 748 4440 rugnosum
770 4355 849 4422 mihi
871 4355 994 4424 videar.
1039 4356 1105 4421 iem
1131 4355 1165 4420 in
1193 4355 1231 4420 Ε.
1253 4355 1379 4422 Rohdei
1408 4355 1450 4422 de
1478 4355 1550 4421 Iulii

258 4549 266 4580 ¹
286 4551 358 4602 velut
376 4551 497 4602 Mosehlo
515 4565 537 4600 c.
553 4547 593 4601 lb.
613 4551 634 4598 is
652 4549 701 4598 fuit
718 4549 880 4598 methodium
898 4557 958 4598 ente
977 4549 1105 4608 Plinium,
1128 4547 1230 4599 Sereno
1250 4549 1338 4609 utique
1356 4555 1433 4596 notus
1452 4549 1500 4596 etsi
1518 4547 1550 4595 de

187 4639 276 4688 libello
294 4635 420 4706 περὶτῶν
438 4635 584 4706 γυναικείων
602 4629 694 4686 παθῶν
712 4636 875 4686 Malchionis
893 4637 936 4698 qni
955 4650 987 4685 ex
1012 4636 1094 4686 istinc
1113 4649 1202 4685 versus
1220 4633 1366 4697 Sonantque
1385 4636 1500 4685 eiusdem
1519 4635 1549 4683 ti·

186 4726 232 4775 tuli
250 4725 340 4776 libello
364 4733 403 4776 eet
420 4725 573 4786 simillimus,
591 4723 707 4774 nondum
725 4725 788 4774 setis
808 4729 915 4774 comtes.
952 4721 997 4772 sed
1020 4723 1082 4772 oret
1105 4721 1220 4774 Serenus
1240 4707 1420 4772 Moschionem
1443 4719 1482 4771 διολ
1504 4719 1549 4769 τοῦ

185 4812 344 4880 κοσμτγτικοῦ
362 4813 431 4877 epud
450 4813 541 4865 Galen.
562 4811 615 4862 ΧΠ
634 4807 695 4862 tle.

257 4895 364 4964 ’snpra
382 4914 408 4962 ρ.
421 4895 473 4951 203
491 4897 594 4950 eratin
612 4895 705 4960 capite.
738 4897 785 4947 sed
803 4897 867 4948 hsce
885 4905 923 4946 eet
941 4903 1065 4961 perpetue
1083 4898 1200 4947 contusio
1219 4897 1290 4946 velut
1307 4893 1463 4946 Plutarchus
1482 4909 1547 4956 quo-

184 5001 234 5049 qne
257 4987 274 5034 l.
295 5003 317 5036 e.
337 4984 362 5036 is
380 4989 413 5054 τῇ
432 4983 531 5054 κεφαλῇ
550 4987 581 5036 cl.
600 4985 640 5034 IV
660 4981 676 5036 5
695 4993 727 5034 ιο.
