3756 5736
545 397 815 448 PLUTARCHEAE
835 395 1020 448 EPITOMES
1040 397 1156 446 INDEX
1468 397 1531 460 269

187 569 203 620 4
240 567 294 636 περί
313 571 394 636 νεφῶν
413 565 492 618 θετῶν
511 565 602 636 χιόνων
621 566 738 637 χαλαζῶν
1190 569 1215 617 v

188 654 204 707 5
241 656 296 724 περὶ
315 653 388 723 ἰριδος
898 686 908 737 l
947 687 1001 756 περὶ
1020 691 1142 756 μαντικῆς

188 744 204 795 6
240 743 294 811 περὶ
314 740 412 812 ῥάβδων
894 771 910 823 2
947 777 1002 831 πῶς
1020 773 1107 844 ὄνειροι
1126 774 1232 844 γίνονται

189 829 203 880 1
241 831 295 898 περὶ
314 829 413 896 ἀνίμων
850 812 852 869 ἰ

850 892 852 909 .
894 859 910 910 3
947 859 983 918 τίς
1001 860 1017 930 ή
1037 860 1107 913 οἰισία
1126 862 1266 931 σπίρματος

188 917 204 1050 ξ
239 917 295 1072 {Eg}
312 921 437 1072 ’γόὲήθῶίθς
455 915 498 966 ²²1
516 911 605 984 mm:
893 945 910 996 4
946 945 967 997 εἰ
986 952 1060 1015 σῶμα
1078 945 1107 999 τό
1124 949 1222 1018 σπίρμα

480 1094 490 1106 ι
895 1031 911 1084 5
947 1033 968 1086 εἰ
986 1035 1030 1087 καί
1048 1034 1073 1087 αἰ
1091 1031 1188 1104 θήλειαι
1206 1037 1330 1107 προΐενται
1349 1037 1446 1107 σπίρμα

171 1090 204 1142 10
240 1091 295 1160 περὶ
314 1091 443 1161 σχθμαῑθῖ
462 1108 508 1159 1⁷1³
895 1122 910 1173 6
947 1126 1002 1180 πῶς
1020 1122 1045 1174 αἰ
1064 1121 1197 1193 συλλήψεις
1215 1124 1321 1192 γίνονται

171 1177 200 1228 ῙῙ
239 1179 294 1246 πῑρί
312 1175 406 1236 θὲὕῑως
424 1181 469 1246 11³
895 1207 911 1260 7
948 1214 1002 1267 πῶς
1020 1208 1109 1280 ἄρρενα
1127 1215 1239 1278 γεννᾶται
1257 1212 1301 1262 καί
1320 1209 1400 1280 θήλεα

170 1263 203 1316 12
239 1266 294 1334 περί
313 1263 446 1334 ἐγκλίσεως
463 1268 509 1333 ’γῆς

469 1356 480 1366 .
894 1295 911 1346 8
947 1301 1001 1355 πῶς
1019 1297 1110 1367 τίρατα
1128 1296 1218 1366 γίνεται

171 1351 203 1404 ¹3
240 1354 294 1422 περὶ
312 1353 433 1421 δι11111ῑίἰῖ
452 1370 497 1454 1⁷1}
896 1383 910 1432 9
948 1381 987 1435 διὰ
1010 1383 1034 1436 τί
1061 1382 1180 1442 πολλάκις
1205 1386 1266 1456 γυνῆ
1295 1387 1484 1448 συνουσιάζουσα
1503 1387 1533 1438 οδ

170 1441 202 1492 14
239 1441 293 1510 περὶ
311 1440 452 1510 διαιρέσεως
469 1458 515 1509 γῆς

172 1527 202 1578 15
239 1529 293 1597 περί
312 1533 419 1596 σεισμῶν
441 1531 486 1597 γῆς

170 1617 201 1666 16
239 1617 294 1684 περὶ
312 1613 439 1684 θαλάσσης
457 1620 512 1673 πῶς
530 1615 632 1684 συνέστη
651 1614 825 1672 καίπῶςέστι
850 1656 852 1681 ,

310 1705 386 1772 πικρά

170 1791 201 1842 11
239 1795 293 1847 πῶς
311 1789 453 1856 ἀμπώτιδες
471 1790 577 1858 γίνονται
595 1791 638 1842 καί
657 1788 804 1858 πλήμμυραι

169 1877 203 1926 111
238 1878 293 1944 περὶ
312 1875 366 1928 άλιυ

1010 1470 1175 1541 συλλαμβάνει

880 1557 911 1610 10
948 1565 1002 1616 πῶς
1020 1557 1109 1627 δίδυμα
1127 1561 1170 1612 καί
1189 1559 1293 1630 τρίδυμα
1310 1561 1401 1631 γίνεται

881 1647 906 1697 11
947 1645 1022 1699 πόθεν
1040 1647 1146 1715 γίνονται
1167 1653 1218 1699 τῶν
1236 1648 1329 1716 γονέων
1353 1648 1378 1702 αἰ
1402 1647 1532 1718 ὁμοιώσεις

1040 1736 1083 1786 καί
1101 1740 1153 1786 τῶν
1171 1735 1299 1805 προγόνων

849 1780 852 1907 ή
880 1821 910 1874 1⁸2
946 1825 1001 1879 πῶς
1019 1820 1102 1879 ἄλλοις
1120 1820 1225 1890 γίνονται
1244 1820 1325 1890 όμοιοι
1343 1823 1366 1874 οἰ
1385 1823 1532 1893 γεννώμενοι

1021 1909 1064 1960 καὶ
1083 1906 1112 1959 οδ
1131 1913 1181 1967 τοῖς
1199 1914 1309 1978 γονεῦσιν

880 1995 910 2050 13
947 1999 1001 2054 πῶς
1019 1999 1111 2065 στεῖραι
1129 1995 1235 2065 γίνονται
1253 1997 1278 2048 αἱ
1294 2005 1406 2066 γυναῖκες
1419 2000 1462 2052 καί
1475 1998 1531 2068 άγο-

849 2104 852 2139 1
990 2147 992 2152 ,
1022 2100 1059 2134 νοι
1077 2082 1100 2134 οἰ
1118 2082 1203 2153 ἄνδρες

849 2152 851 2199 ί
882 2173 911 2224 14
942 2170 987 2223 -διά
1005 2171 1028 2222 τί
1046 2169 1071 2222 αἰ
1089 2169 1186 2239 ήμίονοι
1205 2177 1296 2244 στεῖραι

188 2260 200 2310 1
238 2260 293 2328 περὶ
312 2256 403 2311 Νείλου
422 2259 566 2328 ἀναβάσεως
882 2261 912 2312 15
948 2257 1015 2311 εἰτὸ
1034 2257 1140 2327 ἔμβρυον
1159 2259 1222 2329 ζῷον

186 2345 202 2398 ‘2
239 2348 294 2416 περί
313 2347 396 2416 ψυχῆς
881 2349 911 2401 16
948 2351 1003 2404 πῶς
1021 2345 1135 2416 τρέφεται
1153 2347 1184 2398 τά
1203 2345 1298 2418 ἔμβρυα

187 2435 203 2485 3
239 2435 260 2486 εἰ
279 2441 352 2502 σῶμα
371 2434 386 2503 ἡ
406 2433 476 2503 φυγὴ
497 2435 540 2486 καί
558 2433 594 2490 εἰς
613 2435 628 2504 ἡ
648 2433 718 2486 οδσία
737 2433 815 2505 αδτῆς
849 2430 851 2489 ί
881 2435 910 2487 11
946 2433 970 2485 τί
989 2439 1088 2503 πρῶτον
1105 2433 1306 2504 τελεσιουργεῖται
1325 2436 1350 2488 ἐν
1368 2443 1400 2507 τῇ
1419 2438 1505 2507 γαστρί

187 2524 203 2574 4
239 2523 294 2592 περί
313 2526 396 2592 μερῶν
414 2525 460 2590 τῆς
478 2519 562 2591 ψυχῆς
849 2500 851 2547 !
882 2523 911 2573 111
948 2521 987 2574 διὰ
1004 2521 1029 2572 τί
1046 2521 1077 2572 τδι
1096 2519 1261 2591 ίπταμηνιαῖα
1279 2523 1366 2590 γόνιμα

188 2611 204 2661 5
240 2611 294 2679 περὶ
313 2609 463 2678 ἡγεμονικοῦ
880 2612 910 2662 19
946 2609 1001 2678 περὶ
1025 2608 1098 2677 ζῴων
1121 2609 1238 2677 γενέσεως
1266 2616 1321 2668 πῶς
1345 2611 1456 2679 ἐγίνοντο
1480 2611 1533 2681 ζῷα

188 2699 203 2750 11
240 2697 294 2766 περὶ
313 2697 435 2766 κινήσεως
453 2695 537 2765 ψυχῆς
1018 2698 1061 2748 καί
1081 2697 1101 2748 εἰ
1120 2693 1220 2767 φθαρτά

187 2784 203 2835 7
240 2784 294 2852 περὶ
312 2779 450 2852 ἀφθαρσίας
469 2781 552 2851 ψυχῆς
877 2784 911 2836 20
947 2783 1010 2835 πόσα
1031 2783 1089 2853 γένη
1113 2783 1186 2854 ζῴων
1209 2785 1252 2836 καί
1276 2785 1297 2837 εἰ
1320 2786 1399 2836 πάντα
1427 2783 1533 2856 αἰσθητά

477 2053 515 2104 1V

225 2159 389 2208 Prooemium

187 2877 204 2920 ὅ
239 2871 294 2940 περὶ
313 2867 453 2939 αἰσθήσεων
472 2869 515 2920 καί
534 2867 661 2939 αἰσθητῶν
849 2921 852 2951 ¹
1030 2872 1073 2923 καί
1092 2869 1180 2940 λογικά

188 2959 203 3010 9
239 2957 260 3009 εἰ
279 2955 379 3027 ἀληθεῖς
397 2955 422 3007 αἰ
441 2953 566 3024 αἰσθήσεις
584 2957 627 3008 καί
646 2959 778 3025 φαντασίαι
877 2959 908 3012 ·.)-1
947 2959 972 3011 ἰν
1000 2958 1070 3027 πόσῳ
1097 2958 1179 3028 χρόνῳ
1205 2963 1344 3029 μορφοῦται
1373 2959 1403 3010 τά
1431 2959 1483 3029 ζῷα
1508 2959 1534 3011 ἰν

173 3045 205 3096 10
241 3043 314 3095 πόσαι
333 3044 391 3096 εἰσίν
410 3043 435 3095 αἰ
454 3039 580 3112 αἰσθήσεις
1005 3047 1092 3115 γαστρί
1110 3045 1168 3098 ὄντα

170 3132 201 3182 11
240 3137 295 3189 πῶς
312 3129 402 3200 γίνεται
421 3129 437 3199 ή
456 3127 568 3199 αἴσθησις
587 3133 630 3184 καί
648 3132 663 3202 ῆ
684 3129 763 3186 ἰννοια
782 3137 824 3187 καί
877 3133 910 3186 ‘2⁸2
948 3133 976 3185 ἐκ
999 3133 1078 3184 ποίων
1105 3133 1244 3186 συνίσταται
1272 3133 1401 3202 στοιγείων
1429 3132 1533 3187 ἕκαστον

310 3217 323 3270 δ
341 3219 407 3270 κατὰ
425 3217 558 3270 ἐνδιάθεσιν
576 3219 655 3288 λόγος.
998 3226 1050 3272 τῶν
1069 3221 1094 3273 ἰν
1113 3220 1172 3290 ήμῖν
1189 3226 1294 3288 γνεικῶν
1313 3221 1406 3290 μορίων

175 3305 206 3358 1¹2
244 3307 290 3358 τίνι
308 3305 417 3376 διαφέρει
435 3305 556 3375 φαντασία
575 3308 714 3376 φανταστὸν
733 3327 824 3378 φαντα-
850 3258 852 3377 ἰ
877 3307 910 3359 ’23
946 3307 1006 3359 πότε
1025 3306 1127 3377 ἄρχεται
1145 3306 1158 3360 ὁ
1176 3305 1308 3378 ἄνθρωπος
1326 3310 1371 3378 τῆς
1383 3307 1534 3378 τελειότητος

310 3393 394 3446 στικὸν
413 3395 544 3462 φάντασμα
850 3382 852 3453 ἰ
878 3395 911 3446 24
948 3400 1002 3452 πῶς
1021 3391 1096 3453 θπνος
1113 3394 1203 3462 γίνεται
1225 3396 1268 3446 καί
1286 3392 1392 3452 θάνατος

173 3481 205 3532 13
241 3482 296 3550 περί
314 3479 423 3550 ὁράσεως
441 3481 484 3532 καί
503 3488 558 3540 πῶς
576 3479 674 3553 δρῶμεν
878 3482 911 3534 25
948 3481 1053 3550 ποτέρου
1076 3481 1141 3533 ἐστίν
1163 3478 1239 3538 ὕπνος
1261 3483 1303 3532 καλ
1325 3479 1431 3539 θάνατος
1450 3481 1534 3552 ψυχῆς

171 3569 204 3620 14
240 3570 294 3638 περί
314 3573 476 3637 κατοπρικῶν
494 3569 625 3638 ἐμφάσεων
1076 3567 1230 3637 ῆσώματος

175 3657 206 3709 15
242 3655 262 3708 εἰ
281 3654 368 3726 ὁρατόν
388 3655 416 3707 τὸ
436 3655 523 3712 σκότος
878 3655 911 3709 16
949 3661 1003 3712 πῶς
1021 3653 1121 3726 ηδξήθη
1140 3657 1172 3708 τὰ
1190 3657 1256 3725 φυτὰ
1274 3657 1317 3708 καί
1336 3655 1356 3707 εἰ
1375 3655 1426 3724 ζῷα

172 3743 204 3796 16
240 3744 295 3812 περὶ
313 3743 392 3812 ἀκοῆς
879 3743 911 3796 ’21
948 3743 1003 3813 περί
1021 3747 1116 3814 τροφῆς
1134 3743 1177 3795 καί
1196 3741 1324 3813 αδίήσεως

171 3831 202 3882 11
240 3833 294 3900 περὶ
313 3828 457 3900 ὀσφρήσεως
879 3829 913 3882 ’28
948 3827 1024 3882 πόθεν
1043 3831 1067 3882 αἰ
1085 3829 1175 3902 όρίξεις
1193 3831 1299 3900 γίνονται
1324 3835 1374 3888 τοῖς
1397 3827 1469 3900 ζῴοις
1491 3831 1533 3882 καί

171 3917 204 3968 18
239 3917 295 3986 περὶ
313 3915 418 3986 γεθσειυς
684 3939 689 3948 ·
1043 3919 1068 3971 αί
1086 3918 1172 3989 ήδσναί
1506 3909 1507 3913 ¹

172 4005 204 4056 19
240 4004 294 4073 περὶ
313 4007 400 4073 φωνῆς
879 4005 912 4059 θθ
949 4011 1004 4064 πῶς
1026 4007 1116 4076 γίνεται
1143 4007 1245 4076 πυρετὸς
1273 4008 1315 4058 καί
1339 4007 1359 4058 εἰ
1383 4005 1534 4073 ἰπιγίννημά

170 4091 204 4144 ’20
240 4093 260 4144 εἰ
274 4090 521 4160 ἀσώματοςῆφωνῆ
535 4091 578 4143 καί
591 4097 646 4149 πῶς
658 4091 717 4161 ήγώ
736 4091 826 4160 γίνεται
1024 4094 1099 4146 ἐστιν·

171 4179 203 4231 ’21
241 4177 316 4231 πόθεν
340 4177 474 4247 αἰσθητικὴ
497 4177 587 4246 γίνεται
606 4179 622 4247 ή
642 4178 711 4248 ψυχή
738 4180 780 4230 καί
804 4179 827 4230 τί
879 4182 913 4234 30
950 4182 1004 4251 περί
1023 4180 1104 4250 ὑγείας
1122 4181 1166 4231 καί
1184 4179 1256 4232 νόσου
1274 4183 1317 4232 καί
1335 4183 1419 4252 γήρως

333 4253 412 4333 αθτῆς
430 4264 459 4316 τό
477 4264 623 4334 ἡγεμονικόν

170 4352 204 4403 21
240 4353 294 4422 περί
314 4353 439 4421 ἀναπνοῆς

173 4437 206 4490 23
243 4439 298 4508 περί
322 4436 412 4490 παθῶν
435 4445 588 4506 σωματικῶν
607 4439 650 4490 καί
673 4437 694 4490 εἰ
716 4439 830 4506 συναλγεῖ

314 4525 410 4582 τοότοις
428 4524 444 4594 ἠ
464 4525 532 4594 ψυχή
