3648 5736
439 385 636 438 HIPPOLYTI
654 382 1020 436 PHILOSOPHUMENON
1042 381 1081 436 18.
1104 382 1203 434 lai-⁶
1439 377 1501 443 567

270 560 311 622 18
343 554 376 620 ‘O
400 556 452 638 μὲν
475 554 526 619 οὖν
549 552 742 636 Σωκράτης
764 551 869 634 γίνεται
885 548 1077 637 Ἀρχελάου
1092 557 1143 616 τοῦ
1158 555 1282 636 φυσικοῦ
1299 551 1454 634 ἀκροατής·

187 663 219 730 ὃς
240 661 274 722 τό
296 659 389 741 γνῶθι
412 657 518 723 σαυτόν
540 655 721 741 προτιμήσας
743 655 792 718 καὶ
815 655 942 737 μεγσληυ
958 655 1072 739 σχολὴν
1087 657 1232 739 συστήσας
1252 651 1324 738 ἔσχε
1338 654 1453 716 πάντων

186 767 244 827 τῶν
268 761 411 845 μαθητῶν
434 762 607 843 ἱκανώτερον
630 757 679 820 τόν
703 755 889 835 Πλάτωνα,
911 756 999 826 αδτδς
1021 757 1074 838 μὲν
1089 758 1165 839 μηδὲ
1180 757 1353 839 σύγγραμμα
1368 777 1453 818 κατα-

185 870 287 930 λιπῶν.
443 865 459 926 6
497 861 531 924 δέ
566 860 715 925 Πλάτων
746 861 799 944 τὴν
834 863 929 923 πᾶσαν
967 857 1057 921 αὐτοῦ
1092 859 1195 942 σοφίαν
1230 855 1485 940 ἀπομαξάμενοςῖ

155 969 343 1052 εσυνέστησε
364 967 397 1029 τό
420 965 620 1030 διδασκαλεῖον
643 961 724 1044 μίξας
747 964 822 1044 όμοδ
852 961 977 1046 φυσικὴν
1007 960 1115 1044 ἠθικὴν
1141 961 1333 1043 διαλεκτικήν.
1379 959 1453 1022 dii

187 1076 204 1136 6
227 1071 372 1135 Πλάτων
395 1070 520 1152 ὁρίζεται
541 1070 641 1130 ταῦτα.

271 1175 312 1238 19
350 1171 497 1236 Πλάτων
519 1169 614 1253 ἀρχάς
636 1167 708 1232 εἶναι
730 1173 781 1232 τοῦ
805 1168 911 1236 παντὸς
934 1166 1003 1229 θεὸν
1025 1166 1074 1228 καὶ
1098 1165 1168 1248 δλην
1190 1165 1239 1228 καὶ
1255 1166 1452 1248 παράδειγμα·

188 1277 257 1339 θεὸν
289 1275 341 1358 μὶν
372 1275 421 1336 τδν
449 1273 572 1355 ποιητὴν
604 1270 652 1334 καὶ
682 1272 919 1354 διακοσμήσαντα
948 1269 1016 1334 τόδε
1037 1269 1071 1330 τὸ
1091 1272 1149 1330 πᾶν
1171 1267 1219 1330 καὶ
1242 1267 1452 1351 προνοούμενον

189 1379 292 1442 αὐτοῦ·
317 1376 386 1460 ὕλην
410 1375 442 1438 δέ
464 1376 516 1458 τὴν
539 1378 626 1438 πᾶσιν
649 1372 851 1456 ὑποκειμένην,
873 1373 909 1456 ἣν
924 1371 973 1435 καὶ
989 1370 1147 1454 δεξαμενὴν
1161 1370 1210 1434 καὶ
1224 1370 1346 1454 τιθήνην
1361 1371 1453 1446 καλεῖ,

148 1479 219 1548 ιοέΕ
241 1479 277 1563 ἧς
299 1477 547 1562 διακοσμηθείσης
569 1474 704 1560 γενέσθαι
726 1475 763 1538 τά
788 1475 916 1560 τέσσαρα
943 1477 1090 1558 στοιχεῖα,
1116 1471 1146 1542 ἐξ
1174 1473 1216 1535 ὧν
1242 1472 1413 1556 συνέστηκεν
1437 1475 1454 1538 6

185 1583 309 1663 κόσμος,
337 1581 426 1665 πυρός
453 1579 538 1663 ἀέρος
564 1583 617 1662 γῆς
644 1579 761 1656 ὕδατος,
791 1578 820 1647 ἐξ
851 1580 892 1641 ῶν
920 1576 969 1640 καὶ
994 1576 1031 1640 τὰ
1057 1576 1132 1639 ἀλλα
1160 1575 1254 1639 πάντα
1276 1575 1455 1660 συγκρίματα

184 1685 358 1767 καλούμενοι,
382 1683 447 1768 ζῷά
468 1705 500 1746 τε
521 1681 570 1746 καὶ
591 1680 668 1764 φυτά
690 1681 903 1765 συνεστηκέναι.
1083 1679 1118 1742 τό
1140 1679 1174 1742 δὲ
1195 1679 1377 1762 παράδειγμα
1398 1679 1486 1762 divi

188 1787 314 1850 διάνοιαν
336 1790 387 1850 τοδ
410 1786 482 1850 θεοῦ
504 1783 587 1860 εἶναι,
610 1785 626 1848 6
649 1784 697 1846 καὶ
720 1782 798 1848 ἰδέαν
820 1787 904 1848 καλεῖ
925 1783 985 1846 οἷον
1009 1781 1165 1863 είκόνισμά
1186 1803 1224 1857 τι,
1248 1779 1273 1866 ᾤ
1298 1781 1453 1866 προσέχων

185 1888 216 1951 έν
246 1889 286 1971 τῇ
312 1889 396 1975 ψυχῇ
426 1891 442 1952 ό
472 1889 541 1958 θεὸς
567 1887 604 1950 τά
632 1889 727 1952 πάντα
756 1887 949 1972 ἐδημιούργει.
1100 1885 1150 1948 τὸν
1182 1884 1235 1965 μὲν
1266 1883 1334 1948 θεόν
1364 1891 1486 1968 φησιν3

149 2009 172 2046 ιο
190 1990 347 2073 ἀσώματόν
369 2013 401 2054 τε
423 1992 471 2055 καὶ
493 1990 621 2054 ἀνείδεον
643 1990 692 2053 καὶ
716 1989 812 2073 μόνοις
834 1993 936 2075 σοφοῖς
958 1989 1078 2074 ἀνδράσι
1092 1987 1277 2069 καταληπτόν
1293 1983 1381 2050 εἶναι·
1402 1987 1456 2070 τὴν

188 2093 221 2156 δέ
243 2094 313 2176 δλην
337 2094 456 2176 δυνάμει
479 2093 532 2174 μέν
554 2097 653 2174 σῶμα,
674 2093 802 2176 ἐνεργείᾳ
822 2093 858 2156 δὲ
879 2091 1012 2156 οδδέπω·
1043 2091 1263 2176 ἀσχημάτιστον
1285 2089 1340 2172 γάρ
1362 2090 1453 2173 αὐτὴν

186 2192 275 2259 οὖσαν
304 2197 352 2259 καὶ
379 2193 499 2272 ἀποιον,
527 2195 748 2279 προσλαβοῦσαν
775 2196 915 2278 σχήματα
943 2194 991 2258 καὶ
1020 2192 1177 2276 ποιότητας
1198 2191 1333 2275 γενέσθαι
1357 2195 1453 2273 σῶμα.

230 2297 282 2381 τὴν
305 2299 358 2381 μὲν
381 2297 431 2362 οόν
454 2298 525 2381 ὕλην
548 2299 643 2383 ἀρχὴν
666 2297 738 2362 εἶναι
761 2297 810 2360 καὶ
833 2298 991 2382 σόγχρονον
1019 2301 1061 2381 τῷ
1084 2295 1163 2380 θεῷ,
1191 2295 1284 2378 ταύτη
1313 2295 1361 2358 καὶ
1389 2295 1452 2378 ἀγέ·
1471 2305 1487 2356 4

187 2423 272 2483 νητον
294 2402 343 2464 τόν
366 2401 485 2482 κόσμον.
524 2402 558 2464 ἐκ
579 2401 635 2485 γάρ
657 2401 748 2483 αὐτῆς
770 2401 939 2464 συνεστάναι
961 2399 1049 2485 φησὶν
1072 2399 1170 2462 αὐτόν.
1206 2398 1252 2482 τιγῖ
1273 2397 1307 2460 δέ
1322 2399 1454 2483 ἀγενήτῳ

146 2522 171 2560 κο
189 2504 361 2568 ἀκολουθεῖν
383 2504 498 2573 πάντως
520 2504 568 2566 καὶ
590 2503 624 2566 τό
645 2501 806 2588 ἄφθαρτον.
850 2499 871 2586 ᾖ
894 2504 927 2568 δέ
949 2503 1038 2585 σῶμά
1058 2523 1090 2565 τε
1111 2502 1159 2564 καὶ
1180 2501 1215 2566 ἐκ
1236 2503 1353 2564 πολλῶν
1378 2525 1455 2566 ποιο

186 2609 283 2690 τήτων
306 2607 353 2671 καὶ
378 2607 462 2670 ἰδεῶν
485 2606 669 2689 συγκείμενον
692 2605 877 2684 ὑποτίθεται,
907 2606 1000 2689 ταύτη
1023 2605 1072 2670 καὶ
1093 2605 1211 2688 γενητὸν
1238 2605 1286 2667 καὶ
1314 2604 1455 2688 φθαρτόν.

231 2710 305 2779 τινὲς
332 2710 364 2771 δὲ
398 2713 456 2772 τῶν
490 2708 686 2774 Πλατωνικῶν
717 2708 869 2793 ἀμφότερα
897 2707 997 2792 ἔμιξαν
1031 2709 1212 2794 χρησάμενοι
1242 2705 1487 2791 παραδείγματιό

188 2812 326 2896 τοιούτῳ·
358 2811 401 2875 ότι
431 2812 530 2894 ὥσπερ
561 2811 658 2894 ἅμαξα
687 2811 806 2876 δύναται
837 2812 883 2876 ἀεὶ
916 2811 1059 2894 διαμένειν
1091 2809 1240 2895 ἄφθαρτος
1271 2809 1345 2873 κατὰ
1369 2810 1455 2894 μέρος

190 2913 447 2998 ἀπισκευαζομένη,
469 2914 523 2978 κάν
544 2913 582 2976 τά
604 2913 679 2998 μέρη
701 2914 857 2999 φθείρηται
880 2916 1035 2991 ἑκάστοτε,
1057 2913 1131 2996 αίιτὴ
1163 2914 1196 2976 δὲ
1223 2913 1382 2996 ὁλόκληρος
1410 2913 1455 2976 ἀεὶ

149 3037 173 3074 τι
192 3017 284 3098 μένει·
306 3022 408 3082 τοῦτον
422 3017 472 3080 τόν
492 3017 597 3101 τρόπον
617 3017 666 3080 καὶ
689 3019 705 3081 ό
727 3017 837 3100 κόσμος
859 3017 934 3080 κατὰ
957 3017 1031 3102 μίρη
1055 3016 1106 3098 μέν
1129 3016 1175 3079 ἀεὶ
1198 3015 1273 3098 [καὶ]
1296 3015 1456 3100 φθείρεται,

189 3120 459 3202 ἐπισκευαζομένων
481 3119 539 3204 (δέ)
560 3121 609 3184 καὶ
632 3121 880 3204 ἀντανισουμένων
902 3125 961 3184 τῶν
983 3117 1205 3204 ἀφαιρουμένων
1229 3119 1320 3189 ἀίδιος
1342 3119 1432 3201 μένει.

232 3223 281 3286 τόν
304 3223 337 3286 δὲ
360 3221 429 3286 θεόν
452 3223 480 3286 οἱ
503 3223 555 3304 μέν
577 3223 629 3288 ἕνα
650 3225 738 3308 φασὶν
760 3224 847 3288 αδτθν
870 3224 960 3286 εἰπεῖν
983 3223 1121 3305 ἀγένητον
1143 3222 1192 3285 καὶ
1218 3221 1384 3307 ἄφθαρτον,
1413 3226 1453 3292 ῶς
1472 3234 1488 3286 6

191 3326 269 3408 λέγει
292 3325 322 3388 έν
344 3327 404 3393 τοῖς
427 3322 551 3406 Νόμοις·
571 3324 603 3388 ‘6
627 3325 680 3407 μὲν
703 3327 739 3410 δὴ
763 3327 842 3402 θεός,
866 3327 965 3408 ῶσπερ
987 3325 1036 3387 καὶ
1059 3325 1075 3388 6
1098 3326 1221 3394 παλαιός
1242 3325 1336 3408 λόγος,
1360 3327 1455 3412 ἀρχήν

191 3449 223 3490 τε
251 3427 300 3490 καὶ
327 3428 462 3511 τελευτὴν
490 3427 537 3490 καὶ
567 3427 642 3509 μέσα
664 3433 722 3491 τῶν
747 3427 836 3492 ὄντων
865 3429 998 3491 ἁπάντων
1027 3424 1136 3512 ἔχων’.
1180 3427 1273 3498 οὕτως
1295 3428 1347 3492 ένα
1369 3428 1457 3492 αὐτόν

860 3583 1051 3592 ...—-—--—-—.-

144 3669 156 3718 l
180 3663 237 3717 θδὲ
256 3661 395 3734 Σωκράτης
414 3661 532 3734 μαθητὴς
545 3663 677 3734 Ἀρχελάου
695 3671 798 3737 τοῦφυ-
851 3676 910 3734 post
928 3663 1034 3716 ἀνείδεον
1054 3667 1129 3716 Cedr.
1145 3661 1159 3733 Η
1175 3675 1235 3717 ποτε
1254 3663 1354 3735 ἀνδράσι
1372 3669 1450 3721 θείνει
1467 3669 1508 3721 ἀν·

140 3756 220 3806 σικοῖι.
252 3751 310 3821 [σχι
328 3751 355 3804 66
373 3754 475 3804 πάντων
492 3757 544 3806 τῶν
563 3750 686 3822 μαθητῶν
705 3753 798 3806 λκανίυ-
851 3751 963 3822 θρώποις
982 3754 1027 3804 ned
1040 3755 1126 3804 statim
1139 3758 1329 3820 εεροτιειιιανΒ
1350 3752 1363 3824 Η
1387 3757 1417 3812 16
1436 3753 1508 3810 odam

141 3857 212 3910 τερον
224 3839 267 3892 τὸν
281 3837 412 3893 Πλάτωνα.
442 3837 514 3898 οὗτος
529 3841 608 3910 ἀρχάς
620 3839 675 3892 κτλ.
695 3845 799 3896 liberius
851 3840 908 3910 ΒΗ
932 3842 962 3894 17
981 3840 1137 3909 πιοτήταςΤ
1158 3839 1171 3908 Η
1193 3843 1226 3894 Ιθ
1244 3840 1422 3913 ταθτηνλίδάι
1442 3863 1508 3898 corr.

141 3947 196 3982 exc.
225 3930 300 3981 Cedr.
336 3927 349 3994 Η
382 3925 399 3980 θ
431 3923 591 3996 μαθημάτων
621 3931 644 3981 Β
678 3929 691 3998 ΙΙ
725 3929 799 3989 αὐτὸς
852 3933 1035 3996 Gottingenm
1054 3931 1084 3980 ci.
1105 3947 1128 3979 v.
1139 3929 1182 3993 21,
1203 3934 1288 3984 omisit
1300 3934 1377 3984 Cedr.
1398 3931 1411 4001 Η
1434 3933 1465 3988 19
1478 3931 1508 3985 διε

141 4016 167 4069 δέ
189 4015 245 4080 ΒΗ
266 4014 329 4084 μηδὲ
347 4017 417 4067 libri:
441 4013 519 4083 μηδλν
539 4017 643 4082 Βοεροτ
662 4015 676 4081 Η
697 4017 713 4070 5
731 4015 798 4069 διαλ-
849 4017 897 4086 γάρ
915 4015 993 4068 αὐτοῦ
1011 4027 1070 4068 ante
1090 4019 1244 4084 Roeperum.
1272 4020 1302 4072 θα
1320 4020 1367 4090 γάρ
1384 4023 1430 4090 τῆς
1448 4016 1509 4090 ὕλης

141 4104 259 4174 λεκτικὴν
282 4106 304 4156 Β
329 4099 343 4169 Η
368 4103 383 4156 6
409 4099 515 4172 ὁρίζεται
538 4103 608 4154 libri:
636 4099 723 4172 όρίζει,
748 4103 799 4156 1στ1
852 4107 928 4157 Οεάτ.
949 4104 962 4172 Η
983 4104 1018 4158 20
1030 4101 1192 4156 ἀκουλουθιῖν
1205 4108 1239 4158 B:
1259 4105 1478 4162 ἀκολουθιϊῦοάτ.
1494 4107 1507 4176 Η

142 4197 245 4260 Roeper
255 4190 268 4260 Η
285 4193 396 4245 9ποῖσαν
415 4191 484 4242 libri:
504 4194 578 4242 πᾶσιν
596 4191 673 4243 (λαός.
691 4201 720 4243 ut
731 4193 799 4245 Boo·
852 4192 884 4244 21
903 4189 996 4258 ταδτην
1015 4195 1037 4243 Τ
1056 4195 1086 4243 σῖ.
1106 4211 1130 4243 v.
1147 4193 1178 4246 18
1197 4191 1212 4261 Η
1232 4193 1265 4245 22
1284 4193 1433 4264 ἀμφοτέρως
1451 4197 1474 4247 Τ
1495 4193 1508 4262 Η

142 4297 187 4346 ρετ
220 4281 402 4332 emendaverat
436 4282 467 4330 ci.
500 4277 567 4330 ⁶201
595 4275 609 4345 Η
642 4277 673 4346 ἣν
701 4276 728 4330 di
756 4277 800 4330 καὶ
852 4278 1101 4348 241πισκιαζομένη
1125 4283 1147 4331 L
1172 4279 1186 4346 Η
1210 4278 1244 4334 25
1268 4281 1313 4349 μὶν
1336 4281 1373 4334 ἀεὶ
1397 4285 1508 4335 Usener:

142 4370 252 4419 uoluuL
275 4368 346 4418 unde
370 4365 400 4434 ἣν
424 4364 455 4433 δὴ
478 4365 521 4416 καί
541 4366 646 4418 volebat
663 4368 766 4432 Roeper
785 4363 799 4433 Η
852 4367 920 4434 μένει
948 4367 1018 4418 iibri=
1050 4366 1096 4434 μέν
1122 4366 1143 4418 εί
1169 4369 1273 4436 Rooper
1302 4366 1316 4438 Η
1343 4371 1387 4422 καὶ
1414 4373 1510 4422 delevit

144 4451 422 4524 11συγκρῶματαΤΗ
443 4452 473 4505 13
485 4451 578 4504 όιάνιαν
590 4453 625 4504 B:
644 4450 751 4506 διάνοιαν
765 4456 799 4506 Οι
853 4457 954 4508 Usener
979 4453 992 4520 Η
1018 4451 1150 4524 φθείροντα
1168 4459 1191 4508 Τ
1211 4453 1226 4526 Η
1246 4456 1279 4512 26
1298 4455 1510 4524 ἀπισκιαζομένων

144 4541 237 4592 όννοιαν
255 4543 332 4593 Cedr.
353 4539 367 4609 Η
387 4538 801 4598 11ίανοεάτ.ί1τοποτ1σειίόίας
852 4545 900 4595 ΒΤ
929 4539 943 4608 Η
972 4539 998 4593 δέ
1024 4553 1085 4594 ante
1114 4542 1157 4593 καὶ
1184 4545 1284 4594 addidit
1310 4545 1413 4610 Roeper
1438 4541 1452 4610 Η
1476 4541 1510 4596 28

142 4631 200 4682 iibri
219 4625 233 4699 Η
251 4627 379 4696 είκόνισμά
392 4645 416 4679 τι
435 4631 524 4680 Οεάτ.ι
543 4627 694 4695 ιίκονίσματι
713 4631 770 4681 iibri
787 4627 800 4698 Η
856 4624 950 4696 Νόμοις
961 4633 1002 4681 1v
1020 4649 1044 4697 p.
1055 4627 1129 4683 7151:
1148 4632 1217 4682 unde
1233 4628 1264 4699 δὴ
1283 4647 1330 4697 pro
1349 4629 1375 4682 δθ
1393 4632 1510 4682 εοάῖεασι

143 4717 274 4789 ᾦεάἀὶάὶ
287 4734 320 4768 ex
334 4717 461 4778 Οεάτειιο,
481 4718 552 4782 quod
561 4719 665 4782 Roeper
677 4725 737 4769 anio
750 4715 801 4769 οίον
854 4727 995 4770 correctum
1017 4715 1031 4786 Η
1054 4715 1088 4770 29
1111 4715 1190 4768 όντων
1213 4719 1289 4770 Cedr.
1316 4721 1350 4771 '1‘2
1376 4735 1426 4769 om.
1450 4719 1471 4768 G
1495 4713 1508 4784 ΙΙ

143 4806 310 4872 suppleverat
323 4798 338 4870 Η
350 4797 371 4871 ᾧ
385 4803 526 4872 προσίχων,
545 4817 628 4872 φησιν,
647 4802 728 4862 όθεός
741 4823 764 4857 τ.
774 4823 800 4858 π.
852 4804 905 4876 ἔχει
917 4822 1003 4858 errore
1017 4807 1109 4856 οεΙειιιί
1118 4807 1228 4871 limpor,
1241 4809 1399 4858 iteraverunt
1408 4806 1510 4857 Gottin-

143 4889 331 4963 έδημιοόργησε.
358 4890 403 4942 καὶ
427 4890 497 4956 [iort.
519 4893 599 4957 mete]
616 4889 660 4944 τόν
678 4891 723 4959 μέν
745 4889 800 4944 κτλ.
852 4909 944 4958 genneo
973 4904 999 4944 σι
1020 4895 1120 4946 Cruice.
1154 4893 1230 4944 Cedr.
1255 4897 1356 4960 plenius
1385 4895 1511 4959 οεοετριῖν

144 4983 220 5034 Geir,
234 4975 247 5046 Η
266 4975 297 5030 15
309 4977 353 5030 καλ
366 4973 494 5047 ἄφθαρτον
505 4981 613 5032 sortasse
628 4995 687 5032 τετε
701 4981 801 5033 ιάἀὶάίο
852 4998 885 5032 ex
903 4981 985 5033 Suida
997 4979 1053 5032 112
1072 4999 1098 5048 p·
1111 4979 1272 5045 299,16sqq.
1291 4980 1314 5031 Β
