3708 5738
519 383 776 436 FRAGMENTUM
796 385 844 434 DE
864 383 1036 436 SENSIBUS
1054 381 1186 446 §nn-30
1467 385 1529 450 507

222 554 337 623 ύόατος·
361 553 405 618 ύιι
420 549 445 616 δ’
467 550 530 636 ἔχει
554 557 611 636 πῦρ
633 554 722 635 δῆλον
743 551 826 628 εἶναι,
849 551 1006 634 πληγέντος
1027 554 1080 637 γὰρ
1103 553 1270 636 ἐκλάμπειν.
1306 556 1375 638 ὁρᾶν
1392 555 1424 617 ὀέ
1439 555 1483 639 τιγῖ

220 653 361 739 στίλβοντι
392 653 441 718 καί
466 655 510 738 τῷ
537 657 684 738 διαφανεῖ,
711 655 778 718 όταν
801 653 970 738 ἀντιφαίνη,
999 656 1047 718 καί
1073 655 1135 741 όσιρ
1163 655 1197 720 ὀίν
1228 657 1432 741 καθαρώτερον
1459 653 1480 738 ᾗ

221 758 341 838 μᾶλλον.
386 757 501 826 ἁπάσας
524 757 629 826 δὲτὰς
651 757 802 840 αἰσθήσεις
829 757 1029 840 συνηρτῆσθαί
1054 781 1117 828 πως
1142 759 1214 844 πρός
1238 759 1288 822 τόν
1313 759 1483 843 ἐγκέφαλον,

220 858 266 920 ὀιό
287 859 336 922 καί
358 857 525 942 πηροῦσθαι
546 859 715 940 κινουμένου
739 859 787 922 καί
811 859 1052 940 μεταλλάττοντος
1073 860 1126 944 τὴν
1142 863 1256 945 χώραν·
1279 861 1483 945 ἐπιλαμβάνειν

190 959 274 1043 εγάρ
295 961 363 1030 τούς
385 959 508 1044 πόρους,
537 958 575 1023 δι’
604 961 644 1023 ὧν
667 961 697 1023 αἰ
725 959 887 1044 αἰσθήσεις.
935 960 999 1044 περί
1026 961 1059 1023 ὀέ
1088 962 1167 1046 ἁφῆς
1193 961 1247 1024 οόκ
1274 960 1387 1046 εἴρηκεν
1416 959 1483 1025 ούτε

224 1065 288 1131 πῶς
311 1058 378 1126 οὔτε
399 1062 452 1126 τίνι
475 1061 590 1142 γίνεται.
635 1059 731 1144 [ἀλλ’]
750 1059 948 1144 Ἀλκμαίων
972 1062 1024 1144 μὲν
1047 1060 1097 1126 ούν
1112 1063 1159 1126 ἐπί
1174 1066 1310 1127 τοσοῦτον
1326 1065 1483 1150 ἀφύρικεν.

317 1159 549 1246 Ἀναξαγόρας
571 1163 604 1226 ὀέ
624 1163 755 1246 γίνεσθαι
778 1165 831 1246 μὲν
852 1168 915 1233 τοῖς
937 1163 1085 1234 ἐναντίοις·
1114 1167 1147 1228 τό
1169 1167 1223 1250 γάρ
1245 1167 1345 1246 όμοιον
1368 1167 1481 1234 ἀπαθὲς
1499 1174 1532 1228 27

221 1265 278 1328 ύπό
309 1268 360 1328 τοῦ
392 1265 503 1347 όμοίου.
548 1263 616 1328 καθ’
651 1265 776 1348 ἑκάστην
810 1263 836 1328 δ’
870 1265 929 1349 ἰόίφ
957 1271 1091 1350 πειρᾶται
1118 1268 1290 1351 διαριθμεῖν.
1334 1269 1404 1350 ύρᾶν
1431 1267 1483 1348 μὲν

220 1367 275 1451 γάρ
297 1363 335 1448 τῇ
354 1367 479 1451 ἐμφάσει
502 1372 554 1452 τῆς
576 1368 680 1452 κόρης,
702 1366 756 1430 οὐκ
779 1367 971 1453 ἐμφαίνεσθαι
994 1369 1027 1431 δὲ
1048 1369 1089 1438 εἰς
1111 1371 1144 1432 τό
1168 1369 1321 1454 όμόχρων,
1351 1366 1414 1431 ἀλλ’
1443 1369 1483 1438 εἰς

187 1493 211 1532 ιο
227 1467 261 1530 τό
284 1469 433 1552 διάφορον.
476 1471 607 1539 καὶτοῖς
634 1469 687 1552 μὲν
713 1470 830 1538 πολλοῖς
857 1467 923 1551 μεθ’
951 1468 1078 1554 ἡμέραν,
1105 1468 1190 1538 ἐνίοις
1213 1471 1246 1532 ὀέ
1272 1470 1384 1554 νύκτωρ
1411 1469 1483 1534 είναι

220 1572 253 1634 τό
280 1571 450 1656 ἀλλόχρων,
481 1573 526 1636 διό
555 1569 695 1641 ὀίυωπεῖν
723 1569 798 1634 τότε.
831 1571 943 1650 ,ἁπλῶς
969 1572 1002 1634 ὀέ
1028 1572 1081 1655 τὴν
1103 1570 1191 1634 νύκτα
1214 1574 1323 1653 μᾶλλον
1346 1573 1483 1657 όμόχρων

220 1671 374 1743 εἶναιτοῖς
397 1673 571 1759 ὀφθαλμοῖς.
615 1672 808 1757 ἐμφαίνεσθαι
831 1673 864 1734 δὲ
886 1670 953 1754 μεθ’
981 1671 1108 1756 ἡμέραν,
1135 1673 1178 1737 ότι
1199 1675 1233 1736 τὸ
1256 1679 1320 1759 φιῖις
1342 1675 1482 1739 συναίτιον

220 1779 272 1858 τῆς
294 1775 463 1860 ἐμφάσεως·
486 1777 539 1860 τὴν
562 1776 595 1839 δέ
617 1774 708 1858 χρόαν
730 1775 784 1858 τὴν
806 1778 967 1858 κρατοῦσαν
990 1776 1099 1855 μᾶλλον
1121 1775 1161 1844 εἰς
1183 1777 1235 1860 τὴν
1258 1777 1358 1861 ἑτέραν
1380 1775 1482 1862 ἐμφαί-

219 1877 320 1942 νεσθαι
351 1877 428 1960 [εἰς].
578 1878 628 1940 τόν
655 1877 743 1940 αότόν
766 1877 799 1940 δὲ
828 1875 933 1960 τρόπον
963 1875 1012 1938 καί
1040 1876 1093 1958 τὴν
1126 1878 1203 1962 ἁφὴν
1230 1878 1278 1940 καί
1306 1879 1358 1962 τὴν
1385 1884 1481 1962 γεῦσιν
1499 1887 1534 1942 28

181 2007 205 2046 n
224 1979 341 2064 κρίνειν·
371 1980 404 2042 τό
432 1979 486 2062 γάρ
516 1977 626 2059 ὁμοίως
649 1979 758 2063 θερμὸν
779 1979 828 2040 καί
851 1978 963 2062 ψυχρόν
994 1975 1062 2040 οὔτε
1090 1976 1254 2062 θερμαίνειν
1286 1977 1353 2043 ούτε
1381 1981 1483 2066 ψύχειν

220 2083 378 2164 πλησιάζον
401 2080 470 2144 ούόἐ
492 2081 528 2163 δὴ
552 2081 586 2142 τό
608 2081 697 2163 γλυκύ
721 2081 768 2146 καί
791 2082 824 2144 τό
848 2079 897 2148 dih
921 2079 958 2143 δι’
979 2080 1076 2143 αὐτῶν
1098 2079 1254 2164 γνωρίζειν,
1277 2083 1353 2146 ἀλλά
1372 2085 1416 2169 τιβ
1432 2085 1483 2166 μὲν

220 2182 324 2267 θερμιγῖ
345 2182 378 2244 τό
402 2181 524 2266 ψυχρόν,
554 2187 597 2266 τῷ
621 2180 646 2245 δ’
675 2184 797 2268 άλμυριβ
817 2184 852 2246 τό
874 2182 1010 2264 πότιμον,
1036 2181 1080 2265 τιβ
1107 2179 1134 2244 δ’
1162 2182 1223 2250 ὀξεῖ
1242 2184 1275 2246 τὸ
1297 2185 1387 2268 γλυκὺ
1409 2186 1483 2248 κατὰ

219 2283 271 2366 τίγν
294 2281 419 2367 ἔλλειψιν
440 2283 493 2367 τὴν
515 2284 654 2348 ἑκάστου·
678 2287 772 2348 πάντα
794 2283 848 2367 γάρ
870 2283 1041 2368 ἐνυπάρχειν
1056 2282 1165 2364 ίέστίν
1180 2286 1210 2348 ἐν
1225 2288 1305 2370 ἡμῖν.
1344 2288 1484 2357 ὡσαύτως

220 2386 253 2449 ὀέ
274 2385 323 2448 καί
356 2385 565 2470 ὀσφραίνεσθαι
598 2388 647 2449 καί
679 2387 793 2450 ἀκούειν
826 2385 860 2448 τό
895 2385 946 2468 μὲν
980 2385 1042 2466 ἅμα
1073 2386 1112 2467 τῇ
1141 2388 1290 2472 ἀναπνοῇ,
1318 2390 1351 2452 τό
1382 2391 1415 2452 δὲ
1440 2391 1484 2474 τιγῖ

181 2515 207 2554 ιο
224 2487 395 2552 διικνεῖσθαι
416 2488 466 2550 τόν
488 2487 582 2572 ψόφον
605 2487 676 2572 ἄχρι
698 2493 749 2551 τοῦ
772 2486 948 2571 ἐγκεφάλου·
978 2487 1011 2549 τὸ
1041 2487 1095 2572 γάρ
1123 2490 1259 2575 περιέχον
1287 2492 1390 2554 ὀστοῦν
1412 2490 1484 2555 εἰναι

220 2593 328 2668 κοῖλον,
350 2590 391 2660 εἰς
414 2591 430 2654 ὀ
453 2589 603 2672 ἐμπίπτειν
625 2591 675 2654 τόν
697 2590 801 2675 ψόφον.
943 2588 1058 2652 ἅπασαν
1081 2589 1107 2654 δ’
1128 2590 1268 2676 αἴσθησιν
1286 2594 1359 2676 μετὰ
1380 2594 1483 2678 λύπης,
1501 2601 1534 2656 29

220 2693 292 2776 ὅπερ
314 2691 348 2756 ἀν
371 2689 476 2760 δόξειεν
499 2691 662 2756 ἀκόλουθον
685 2691 819 2775 εἶναιπῇ
843 2689 997 2756 ὑποθέσει·
1026 2695 1084 2754 πᾶν
1105 2691 1160 2776 γάρ
1182 2695 1216 2756 τό
1239 2695 1373 2778 ἀνόμοιον
1397 2697 1483 2759 ἁπτό-

221 2815 305 2877 μενον
328 2793 415 2857 πόνον
438 2793 572 2878 παρέχει.
616 2796 740 2880 φανερὸν
763 2795 796 2858 ὀέ
817 2797 903 2858 τούτο
924 2794 968 2877 τιβ
992 2796 1096 2856 τετοῦ
1119 2794 1225 2877 χρόνου
1248 2798 1356 2882 πλήθει
1378 2799 1427 2862 καί
1445 2821 1482 2881 τη

220 2898 279 2960 τῶν
301 2895 452 2979 αἰσθητῶν
484 2897 646 2982 ὑπερβολῇ.
688 2899 726 2960 τά
746 2920 778 2960 τε
799 2896 853 2979 γάρ
876 2895 996 2978 λαμπρά
1019 2896 1163 2978 χρώματα
1185 2897 1233 2960 καί
1256 2899 1323 2968 τούς
1346 2900 1485 2985 ὑπερβαλ-

181 3027 205 3066 ιι
222 3000 324 3068 λοντας
346 2998 457 3084 ψόφους
479 2999 572 3082 λύπην
595 2999 724 3080 ἐμποιεῖν
747 2999 796 3063 καί
819 2997 853 3061 οὐ
876 2997 966 3060 πολύν
990 2995 1095 3080 χρόνον
1126 2998 1266 3062 δύνασθαι
1296 3005 1355 3070 τοῖς
1386 3001 1484 3073 αὐτοῖς

219 3099 372 3182 ἐπιμίνειν.
417 3100 651 3184 αἰσθητικιύτερα
673 3102 764 3166 δὲτὰ
787 3099 879 3183 μείζω
902 3103 968 3184 ζῷα
990 3099 1038 3162 καί
1061 3099 1162 3168 ἁπλῶς
1183 3099 1255 3164 εἰναι
1282 3104 1357 3165 κατὰ
1379 3105 1412 3166 τό
1435 3105 1483 3186 μέ-

219 3202 304 3285 γεθος
326 3203 379 3286 τίγν
401 3202 547 3286 αἴσθησιν.
592 3203 648 3268 ὅσα
678 3203 730 3286 μὲν
756 3203 810 3286 γάρ
839 3203 980 3284 μεγαλους
1005 3201 1054 3263 καί
1083 3201 1231 3286 καθαροὺς
1259 3204 1307 3266 καί
1336 3207 1486 3290 λαμπρούς

221 3304 393 3389 ὀφθαλμούς
415 3302 489 3390 ἔχει,
512 3307 623 3388 μεγαλα
645 3330 676 3370 τε
698 3304 746 3368 καί
769 3303 922 3388 πόρρωθεν
945 3305 1025 3386 ύρᾶν,
1048 3303 1103 3366 ύσα
1126 3303 1159 3366 δέ
1181 3306 1316 3388 μικρούς,
1339 3307 1484 3378 ἐναντίως.

222 3408 330 3490 ὁμοίως
352 3407 385 3470 δέ
407 3408 456 3470 καί
478 3408 526 3471 ἐπί
550 3413 602 3492 τῆς
625 3409 725 3490 ἀκοῆς.
769 3406 805 3468 τὰ
828 3405 957 3488 μὲνγὰρ
980 3405 1091 3486 μεγαλα
1117 3409 1175 3468 τιῖιν
1199 3409 1331 3490 μεγάλων
1353 3410 1402 3472 καί
1423 3414 1481 3472 τῶν
1501 3417 1535 3474 30

181 3539 205 3579 ω
222 3509 374 3594 πόρρωθεν
397 3509 527 3588 ἀκούειν,
557 3509 594 3572 τά
615 3506 640 3570 δ’
669 3509 780 3571 ἐλάττω
803 3507 970 3584 λανθάνειν,
998 3507 1035 3569 τά
1057 3508 1090 3570 δὲ
1112 3509 1200 3592 μικρά
1222 3511 1280 3572 τῶν
1303 3514 1413 3593 μικρῶν
1436 3512 1484 3574 καί

219 3617 278 3677 τῶν
304 3611 396 3696 ἐγγύς.
440 3613 489 3676 καί
516 3612 563 3675 ἐπί
591 3615 644 3696 τῆς
670 3611 842 3695 ὀσφρήσεως
870 3609 995 3692 ὁμοίως·
1027 3607 1102 3681 ὄζειν
1133 3610 1185 3692 μὲν
1213 3609 1268 3694 γὰρ
1297 3613 1405 3693 μᾶλλον
1435 3612 1485 3675 τόν

221 3715 325 3779 λεπτὸν
346 3715 435 3800 ἀέρα,
457 3714 683 3800 θερμαινόμενον
713 3713 765 3796 μὲν
791 3712 845 3796 γὰρ
873 3712 922 3774 καί
952 3710 1129 3794 μονούμενον
1160 3711 1244 3785 ὄζειν.
1290 3713 1431 3777 ἀναπνέον
1453 3715 1486 3778 δὲ

220 3821 253 3882 τό
283 3819 335 3901 μὲν
365 3817 440 3902 μέγα
468 3818 545 3903 ζιγῖον
576 3817 637 3900 ἅμα
666 3817 710 3902 τῷ
741 3815 826 3900 μανιγῖ
852 3814 901 3877 καί
930 3816 963 3876 τὸ
990 3814 1097 3876 πυκνόν
1125 3814 1234 3894 ἕλκειν,
1264 3817 1297 3879 τό
1324 3817 1357 3879 δὲ
1384 3815 1485 3899 μικρὸν

287 3949 370 3958 ---.
881 3943 1082 3952 n—n----—-—·

170 4009 187 4062 θ
206 4005 262 4060 όσον
281 4005 311 4060 ἀν
330 4009 389 4060 PF:
407 4022 472 4058 corr.
492 4006 634 4058 Schneider
654 4001 668 4072 Η
687 3999 828 4070 καθαρότα-
881 4006 936 4054 sim.
950 4004 1020 4066 quod
1033 4011 1180 4054 constanter
1192 4007 1280 4070 scripsi
1295 4001 1308 4072 Η
1326 4004 1356 4057 11
1367 4001 1403 4056 ὀιό
1416 4000 1537 4064 ὀξυωπείν

170 4113 215 4148 τον
227 4097 299 4162 ρπίἰ
321 4092 334 4161 Η
356 4091 430 4162 ΗΡΡ
449 4090 465 4162 Η
483 4095 501 4146 4
518 4089 674 4162 πληροῦσθαι
686 4094 743 4144 PF:
763 4107 828 4142 corr.
880 4089 936 4141 τότε
954 4091 1109 4142 Schneider:
1141 4086 1285 4149 ὀιυζυωπιίν
1309 4088 1335 4141 ὀὲ
1358 4093 1416 4142 PF:
1441 4093 1537 4142 delevit

171 4185 258 4248 Corny
277 4177 292 4248 Η
314 4179 487 4249 ἐπιλαμβάνειν
505 4197 542 4232 σε.
559 4179 602 4232 τὸν
616 4176 763 4249 ἰγκίφαλον.
777 4178 828 4229 ἰπι-
881 4179 1033 4242 Philippson
1050 4173 1062 4242 Ι
1080 4175 1111 4228 13
1125 4175 1264 4244 ἰπιφάσεως
1276 4179 1334 4230 PF:
1350 4195 1415 4230 corr.
1430 4179 1537 4230 Schnei-

170 4265 343 4338 λαμβάνεσθαι
354 4272 480 4320 Wimmer
499 4264 513 4334 Η
533 4267 549 4320 5
563 4267 617 4336 περὶ
631 4265 657 4318 δὲ
670 4265 736 4336 ἁφῆς
749 4263 797 4317 ούκ
808 4265 829 4318 εἰ
881 4265 927 4314 der
942 4263 956 4331 Η
981 4263 1012 4315 14
1025 4261 1059 4320 εἰς
1073 4265 1178 4314 seclusit
1190 4265 1343 4331 Philippson
1358 4263 1371 4334 Η
1389 4266 1420 4320 16
1433 4263 1489 4316 chii
1502 4263 1541 4316 ὀτῖ

682 4390 702 4438 μ
880 4353 936 4402 PF:
956 4368 1021 4403 corr.
1036 4351 1181 4416 Stephnnnn
1196 4348 1209 4419 Η
1226 4351 1258 4402 18
1272 4349 1337 4404 ἐστὶν
1350 4355 1411 4404 secl·
1421 4351 1538 4418 Philipp·

171 4445 198 4494 in
218 4445 296 4494 litnrn
313 4458 352 4508 pr.
370 4443 391 4493 P
414 4437 427 4508 Η
448 4443 463 4494 6
483 4437 540 4492 ἀλλ’
561 4441 590 4504 [ί.
610 4459 632 4492 ε.
652 4439 700 4493 ἀλκ
720 4445 746 4494 in
766 4458 828 4492 con·
879 4455 935 4490 eon.
955 4439 1037 4508 πάντη
1049 4441 1149 4490 Usener
1162 4440 1193 4489 ci.
1204 4455 1228 4503 ρ.
1240 4436 1335 4498 502‚13
1347 4433 1361 4504 Η
1376 4437 1410 4490 θθ
1422 4441 1467 4489 τού
1479 4437 1537 4506 χρό-

170 4540 267 4582 textum
284 4530 350 4580 inico
369 4537 508 4593 receptum,
535 4531 606 4580 velut
623 4545 673 4580 ecc.
693 4531 714 4580 Ρ
734 4526 831 4595 ὀλιιμαῐ
879 4541 922 4576 νου
940 4525 1082 4578 Schneider
1095 4523 1250 4588 conl.§32:
1269 4527 1314 4576 τού
1326 4521 1404 4576 ύπνου
1417 4527 1461 4577 PF
1478 4525 1490 4590 Η
1505 4524 1538 4576 27

170 4621 197 4668 in
221 4632 285 4682 nug.
308 4615 387 4666 hebet
410 4617 440 4665 ci.
464 4633 489 4680 ρ.
506 4613 616 4680 499,13]
647 4617 704 4668 PF:
726 4617 829 4666 induxit
880 4608 993 4679 αἴσθησιν
1022 4613 1090 4673 (τῶν
1112 4609 1298 4681 αἰσθητηρίων)
1329 4629 1361 4662 cx
1390 4611 1456 4676 §34
1485 4615 1539 4662 veri

170 4705 318 4769 Stephnnnn
339 4699 351 4767 Η
373 4699 489 4768 ἀκμαίων
501 4704 547 4754 PF
567 4701 581 4768 Η
602 4700 658 4755 Sci
676 4699 829 4770 ὀιαπειρᾶται
880 4701 998 4750 similiter
1016 4701 1118 4764 scripsit
1130 4700 1271 4751 Schneider
1291 4695 1307 4766 Η
1327 4697 1361 4751 28
1380 4697 1484 4766 μικροὺς
1501 4701 1539 4750 cic

170 4791 229 4843 PF:
253 4805 319 4838 corr.
343 4791 468 4840 Winnner
494 4787 507 4854 Η
533 4789 548 4842 9
572 4785 734 4859 ἐμφαίνεσθαι
752 4789 829 4854 ρπίἰ
881 4787 926 4838 PF
951 4783 963 4851 Η
994 4783 1027 4838 θθ
1051 4789 1103 4836 τιῖιν
1126 4783 1242 4853 μεγάλων
1269 4787 1365 4836 hebent
1387 4787 1431 4838 PF
1460 4783 1475 4853 Η
1504 4783 1538 4836 32

170 4879 198 4940 (κ
225 4891 275 4927 nec.
304 4891 337 4925 m.
364 4877 558 4942 cnpcncriptc):
589 4871 749 4945 ἐκφαίνεσθαι
772 4877 793 4927 Ρ
815 4871 828 4942 Η
882 4871 1034 4940 μονούμενον
1052 4877 1089 4926 nic
1102 4875 1146 4925 Ph*
1166 4871 1181 4940 Η
1201 4873 1235 4926 33
1254 4876 1312 4924 sort.
1332 4870 1429 4923 καίτόν
1446 4871 1540 4924 πυκνόν

171 4961 296 5032 ὁμόχρουν
314 4965 364 5016 hoc
383 4963 443 5012 loco
456 4963 509 5024 PF,
528 4965 593 5014 ιιΙίιιε
608 4967 662 5016 iere
676 4960 793 5032 όμόχρων
805 4971 830 5012 ct
882 4964 993 5026 itemque
1008 4959 1116 5028 p.508,1
1131 4958 1206 5012 αότόν
1218 4959 1261 5012 τόν
1274 4956 1351 5028 μανόν
1363 4961 1394 5010 ci.
1408 4977 1432 5026 p.
1443 4957 1539 5024 509,16
