3708 5738
431 397 625 450 nirronrri
646 379 1010 451 rnrnosornrnnnon
1029 399 1141 450 oro-o
1160 400 1247 450 ιιι-ι
1457 399 1520 464 563

203 569 262 630 τοῖν
284 567 398 650 ἄστρων
421 571 479 632 τοῖν
504 569 545 652 μὴ
555 567 836 650 ’καταλαμπομένων
852 568 909 630 ὑπὸ
924 572 976 632 τοὺ
990 569 1084 653 ἡλίου.
1118 570 1185 639 τοὺς
1200 570 1233 633 δὲ
1248 570 1470 654 μεταβαίνοντας

204 671 327 754 ἀστέρας
350 672 421 735 ώσελ
444 672 607 756 σπινθῆρας
629 671 848 755 ἀφαλλομένους
869 671 998 754 γίνεσθαι
1021 672 1054 734 ἐκ
1076 677 1128 756 τῆς
1145 673 1286 756 κινήσεως
1300 676 1351 735 τοῦ
1367 671 1468 736 πόλου.

247 773 371 857 ἀνέμους
398 773 431 836 δὲ
457 773 586 855 γίνεσθαι
616 774 827 855 λεπτυνομένου
854 779 905 837 τοὺ
931 775 1017 859 ἀέρος
1050 775 1107 837 ὑπὸ
1140 779 1192 838 τοῦ
1218 774 1301 858 ἡλίου
1330 775 1378 838 καὶ
1407 777 1465 838 τῶν
1488 785 1516 836 11

204 877 401 958 ἐκκαιομένων
423 877 495 959 πρὸς
517 878 567 939 τόν
589 876 678 940 πόλον
702 876 935 961 ὑποχωρούντων
957 878 1005 941 καὶ
1021 877 1258 962 ἀποφερομένων.
1302 877 1421 962 βροντὰς
1436 878 1469 941 δὲ

173 999 185 1036 υ
203 981 251 1043 καί
274 979 423 1062 ἀστραπὰς
445 979 505 1042 ἀπό
528 979 639 1062 δερμοδ
654 977 784 1060 γίνεσθαι
799 981 989 1062 ἐμπίπτοντος
1003 979 1044 1048 είς
1059 980 1095 1042 τὰ
1110 980 1193 1063 νέφη.
1331 981 1466 1062 σεισμούς
1487 989 1518 1041 12

206 1084 238 1146 δέ
260 1081 390 1166 γίνεσδαι
417 1085 469 1144 τοὺ
491 1081 605 1145 ἀνωθεν
629 1081 714 1166 ἀέρος
739 1083 780 1152 είς
806 1085 856 1146 τόν
885 1084 941 1146 ύπό
967 1087 1021 1166 γῆν
1050 1080 1252 1164 ἐμπίπτοντος·
1283 1083 1386 1146 τούτου
1413 1083 1467 1166 γὰρ

206 1185 376 1267 κινουμένου
406 1183 455 1246 καί
484 1185 537 1267 την
565 1185 729 1270 ὀχουμένην
757 1189 811 1268 γῆν
838 1184 888 1247 ὑπ’
918 1185 1008 1249 αότοὺ
1035 1185 1221 1248 σαλεύεσθαι.
1265 1189 1329 1270 ζῷα
1357 1187 1390 1249 δὲ
1415 1187 1467 1268 τὴν

205 1289 257 1370 μὲν
288 1289 384 1372 ἀρχὴν
412 1287 442 1350 έν
472 1287 551 1372 ὑγρῷ
580 1285 729 1370 γενέσθαι,
757 1287 829 1368 μετὰ
855 1293 947 1350 ταῦτα
974 1288 1007 1350 δέ
1035 1285 1065 1355 ἐξ
1095 1287 1245 1370 ἀλλήλων·
1278 1289 1325 1351 καὶ
1348 1287 1468 1373 ἄρρενας

209 1391 261 1472 μὲν
284 1390 424 1472 γίνεσθαι,
447 1391 517 1454 όταν
538 1390 597 1453 ἀπό
618 1395 677 1452 τῶν
700 1387 799 1458 δεξιών
822 1393 918 1474 μερῶν
941 1389 1099 1473 ἀποκριδέν
1113 1391 1147 1452 τό
1164 1391 1278 1474 σπέρμα
1292 1396 1353 1460 τοῖς
1368 1390 1468 1460 δεξιοῖς

166 1513 187 1551 ιο
206 1492 304 1576 μέρεσι
327 1498 380 1576 τῆς
406 1495 518 1578 μήτρας
544 1491 694 1576 κολληδῆ,
721 1493 757 1556 τὰ
783 1492 816 1555 δὲ
843 1491 937 1575 θήλεα
962 1492 1036 1555 κατὰ
1060 1493 1235 1556 τούναντίον.
1385 1494 1468 1564 οὗτος
1487 1503 1518 1556 13

205 1595 336 1678 ἤκμασεν
359 1593 441 1666 ἔτους
463 1597 579 1679 πρώτου
601 1600 655 1678 τῆς
677 1597 874 1678 ὀγδοηκοστῆς
896 1593 1001 1678 ὀγδόης
1023 1595 1211 1678 ὀλυμπιάδος,
1232 1594 1301 1659 καθ’
1322 1597 1354 1660 ὃν
1369 1599 1468 1681 καιρὸν

204 1700 251 1762 καὶ
276 1697 444 1762 Πλάτωνα
466 1697 581 1782 λέγουσι
603 1697 784 1782 γεγενῆσθαι.
829 1701 930 1760 τοῦτον
958 1695 1072 1778 λέγουσι
1107 1698 1156 1760 καῖ
1189 1699 1402 1782 προγνωστικὸν
1424 1721 1467 1782 γε·

201 1799 322 1884 γονέναι.

288 1905 311 1968 9
343 1901 533 1988 Ἀρχέλαος
553 1903 588 1965 τδ
612 1904 664 1985 μὲν
685 1902 767 1987 γένος
786 1897 950 1986 Ἀθηναῖος,
972 1903 1034 1972 υἱός
1056 1904 1089 1966 δέ
1107 1901 1339 1988 Ἀπολλοδώρου.
1383 1904 1467 1974 οὑτος

165 2025 188 2062 ιι
206 2001 263 2088 ἔφη
279 2007 332 2089 τὴν
349 2005 422 2088 μῖξιν
438 2011 491 2090 τῆς
507 2005 577 2088 ύλης
600 2006 709 2088 ὁμοίως
729 2004 941 2089 Ἀναξαγόρᾳ
963 2007 1014 2076 τοῖς
1034 2029 1067 2070 τε
1088 2007 1183 2090 ἀρχὰς
1205 2007 1360 2076 ὡσαύτως·
1383 2006 1467 2076 οὑτος

204 2109 237 2170 δέ
258 2113 301 2192 τῷ
330 2115 371 2194 νῷ
402 2110 574 2192 ἐνυπάρχειν
600 2131 627 2171 τι
654 2109 767 2178 εόὀέως
793 2112 895 2191 μῖγμα.
1046 2108 1118 2172 εἶναι
1140 2105 1168 2170 δ’
1196 2109 1291 2194 ἀρχὰς
1312 2115 1365 2192 τῆς
1387 2112 1499 2194 κμγ’-α

203 2232 278 2280 σεως
293 2210 312 2251 *
328 2211 535 2294 ἀποκρίνεσθαι
565 2209 617 2274 ἀπ’
645 2213 781 2296 ἀλλήλων
807 2212 841 2274 τό
864 2210 972 2294 ὑερμόν
995 2213 1042 2274 καὶ
1065 2212 1098 2274 τό
1121 2210 1248 2295 ψυχρόν,
1278 2213 1326 2274 καὶ
1353 2215 1387 2276 τό
1415 2215 1467 2295 μέν

204 2313 313 2397 ὀερμόν
336 2313 489 2388 κινεῖσθαι,
511 2315 544 2376 τό
567 2314 600 2377 δὲ
621 2317 733 2400 ψυχρὸν
756 2316 882 2398 ἠρεμεῖν.
927 2313 1088 2396 τηκόμενον
1110 2314 1143 2376 δέ
1164 2315 1197 2377 τό
1221 2315 1299 2398 ύδωρ
1322 2315 1363 2385 εἰς
1378 2316 1466 2398 μέσον

203 2419 277 2502 ρεῖν,
308 2417 338 2480 ἐν
362 2414 387 2500 ᾦ
412 2416 487 2498 [καὶ]
510 2417 738 2498 κατακαιέμενον
765 2417 839 2501 ἀέρα
866 2415 994 2498 γίνεσθαι
1026 2417 1074 2479 καί
1096 2422 1165 2500 γῆν,
1194 2419 1235 2479 ών
1257 2419 1307 2480 τόν
1330 2419 1382 2501 μὲν
1405 2418 1466 2482 ἀνω

163 2541 187 2577 so
204 2519 360 2604 φέρεσθαι,
389 2520 442 2602 τὴν
468 2519 501 2581 δὲ
528 2519 704 2602 ὑφίστασθαι
731 2521 820 2582 κάτω.
973 2521 1025 2602 τἠν
1053 2517 1177 2600 μὲνούν
1199 2525 1252 2603 γῆν
1275 2522 1393 2604 ἠρεμεῖν
1415 2523 1463 2585 καὶ
1482 2530 1499 2583 3

201 2622 336 2705 γενέσθαι
359 2623 406 2684 διὰ
428 2626 529 2698 ταῦτα,
552 2621 666 2684 κεῖσθαι
690 2619 715 2683 δ’
743 2622 773 2684 ἐν
799 2621 881 2706 μέσῳ
904 2621 988 2684 οὐδὲν
1011 2621 1098 2704 μέρος
1113 2620 1212 2698 ούσαν,
1236 2626 1277 2692 ώς
1291 2622 1392 2700 εἰπεῖν,
1414 2629 1466 2687 τοὺ

203 2724 320 2799 παντός,
343 2722 636 2806 ***ἐκδεδομένον
658 2723 692 2785 ἐκ
713 2728 766 2805 τῆς
787 2726 956 2808 πυρώσεως,
979 2722 1030 2809 ἀφ’
1057 2723 1092 2786 οὑ
1115 2730 1229 2808 πρῶτον
1252 2727 1467 2808 ἀποκαιομένου

201 2829 334 2909 τὴντῶν
358 2825 487 2910 ἀστέρων
510 2825 582 2890 εἶναι
605 2825 701 2910 φύσιν,
725 2826 766 2886 ών
790 2826 922 2909 μέγιστον
945 2827 997 2908 μέν
1020 2827 1113 2910 ἥλιον,
1135 2829 1267 2913 δεύτερον
1284 2831 1317 2892 δέ
1332 2832 1466 2914 σελήνην,

205 2933 263 2991 τῶν
290 2929 323 2990 δὲ
348 2927 444 2992 ἀλλων
471 2930 507 2992 τά
535 2930 587 3010 μὲν
614 2929 740 3003 ἐλάττω,
769 2928 806 2991 τά
833 2929 865 2991 δὲ
892 2930 994 3012 μείζω.
1146 2931 1329 3015 ἐπικλιδῆναι
1356 2933 1389 2995 δὲ
1414 2934 1498 2995 τὸν4

164 3051 188 3088 rs
209 3030 330 3114 οὐρανόν
352 3053 435 3116 φησι,
457 3034 505 3096 καὶ
529 3033 621 3101 υύτως
643 3031 692 3094 τόν
714 3032 796 3115 ἥλιον
819 3031 865 3094 ἐπὶ
888 3036 941 3115 τῆς
962 3037 1015 3116 γῆς
1037 3038 1157 3117 ποιῆσαι
1179 3039 1244 3119 φώς
1265 3037 1312 3098 καὶ
1335 3035 1385 3100 τόν
1408 3037 1465 3119 [τε]

201 3133 274 3215 ἀέρα
296 3139 418 3218 ποιῆσαι
441 3137 567 3219 διαφανῆ
590 3135 639 3197 καί
668 3134 720 3217 τὴν
747 3138 801 3216 γῆν
829 3131 926 3217 ξηράν.
971 3135 1073 3218 λίμνην
1101 3136 1155 3219 γὰρ
1182 3135 1254 3199 εἶναι
1281 3138 1315 3200 τὸ
1341 3143 1466 3223 πρῶτον,
1506 3157 1510 3163 ’

202 3236 254 3298 ἀπε
281 3237 381 3320 κύκλιρ
412 3238 465 3320 μέν
496 3235 584 3301 οὖσαν
613 3237 742 3320 ὑψηλήν,
770 3237 857 3318 μέσον
885 3238 919 3300 δὲ
943 3238 1052 3320 κοίλην.
1098 3241 1218 3322 σημεῖον
1245 3239 1279 3301 δέ
1304 3240 1385 3325 φέρει
1412 3249 1464 3326 τῆς

246 3453 351 3461 -ο--ι-
864 3454 943 3464 ...η-ψ-
953 3457 1011 3463 m...-
1029 3458 1033 3462 -
1043 3457 1062 3463 -.

154 3597 164 3647 1
180 3594 444 3666 καταλαμβανομένων
457 3600 557 3663 vulgari
571 3601 634 3648 vitio
648 3595 691 3659 [cl.
704 3597 762 3648 Gsl.
777 3597 808 3645 ll.
861 3602 1061 3652 demonstratum
1083 3609 1122 3651 est
1139 3603 1206 3652 Mus.
1225 3602 1275 3653 Rh.
1293 3603 1386 3654 XXXI
1401 3601 1436 3656 28
1453 3604 1468 3672 Η
1486 3605 1517 3656 14

152 3685 199 3735 Ph.
210 3701 231 3734 c.
242 3683 337 3748 59.70]
352 3687 424 3736 libri:
437 3703 502 3737 corr.
518 3687 666 3736 Gronovius
680 3701 737 3734 cum
751 3685 808 3734 Mc·
861 3685 1101 3745 οίκτος-ώσαὺτως
1123 3705 1179 3740 sxc.
1198 3689 1274 3739 Cedr.
1294 3686 1308 3755 ΙΙ
1329 3689 1361 3742 15
1373 3687 1466 3758 δμοίως
1485 3696 1517 3744 cl.

152 3775 230 3834 nogio
254 3775 284 3822 cf.
304 3775 389 3823 Locri.
408 3775 436 3823 11
455 3774 471 3825 9
494 3773 538 3823 καὶ
556 3771 599 3823 τδν
616 3769 734 3838 γαλαξίαν
752 3769 809 3821 ἀνέ-
861 3777 992 3842 Theophr.
1005 3775 1100 3842 fr.4p.
1114 3776 1192 3840 ⁴80st
1209 3772 1220 3842 Ιί
1239 3777 1269 3830 16
1280 3789 1399 3844 corrupto
1412 3783 1471 3831 loco
1481 3783 1517 3831 its

36 3857 41 3864 '
150 3855 238 3909 κλασιν
256 3857 385 3910 εἶναιτῶν
404 3857 452 3910 ὑπὸ
471 3858 556 3927 φωτός
579 3856 685 3926 ἡλιακοῦ
709 3857 745 3924 μὴ
764 3875 809 3908 κα·
861 3879 1019 3914 succurram:
1037 3861 1098 3914 εῖναι
1116 3861 1141 3914 δέ
1160 3860 1224 3926 (δύο)
1243 3863 1322 3933 ἀρχάς
1339 3868 1385 3934 τῆς
1396 3867 1518 3936 κινῆσεως

152 3943 353 4013 ταλαμπομένων
391 3945 489 4015 ἄστρων
527 3944 539 4011 ΙΙ
573 3944 589 3996 2
621 3943 706 4013 ὥσπερ
738 3947 760 3996 Β
794 3941 808 4010 ll
861 3946 1518 4022 (δς>ἀποκρένισύαισέ.θέομΙΙΙύιἀρχῆντοΙεδεέ

151 4029 323 4099 ἀφαλομένους
351 4036 373 4084 Β
400 4030 412 4102 ll
437 4033 453 4086 3
476 4043 536 4100 post
561 4031 632 4102 ἡλίου
656 4047 743 4082 erroro
769 4049 809 4082 rc·
862 4039 975 4102 Rocpsr:
1004 4035 1186 4104 ἀποκρινόμενοι
1213 4039 1335 4089 Βπεπύίει
1364 4039 1392 4091 τό
1415 4041 1518 4112 ἀποκρέ-

152 4124 215 4184 pstit
233 4137 266 4172 ex
290 4121 342 4172 nl
368 4120 426 4178 τοὺς
449 4119 474 4172 δὲ
499 4139 525 4187 μ.
549 4120 654 4188 ἀστέρας
679 4122 700 4170 Β
724 4122 809 4170 statim
862 4121 946 4176 νισδαι
959 4123 1067 4195 Riltsrll
1084 4125 1114 4178 19
1128 4124 1177 4194 ῥεῖν
1195 4127 1287 4190 vulgo:
1308 4124 1391 4194 ῥηνών
1409 4127 1432 4178 Β
1447 4124 1460 4195 Η
1475 4129 1518 4180 καὶ

153 4211 252 4272 punctis
270 4210 356 4260 deleto
376 4205 390 4276 ΙΙ
410 4210 426 4260 4
446 4207 687 4276 ἀκταποφερομένων
700 4210 754 4258 veri
773 4209 807 4256 si·
863 4214 966 4262 seclusit
983 4213 1086 4279 Rospsr
1104 4209 1117 4281 ΙΙ
1138 4211 1180 4264 τὸν
1199 4213 1244 4280 μέν
1255 4212 1341 4281 -τῆν
1360 4212 1386 4264 δέ
1405 4216 1518 4281 Βοερετι

151 4297 245 4346 militer
267 4298 368 4348 Usener
393 4295 405 4362 ll
437 4296 540 4366 βροντὰς
558 4294 589 4346 ’δέ
611 4298 633 4346 Β
658 4305 687 4346 ut
708 4297 810 4360 Rocpcr
863 4298 892 4350 τό
923 4299 1051 4366 μέν-τό
1085 4298 1112 4351 δέ
1145 4302 1202 4351 libri
1233 4297 1246 4368 ll
1278 4299 1311 4352 20
1340 4301 1384 4352 καὶ
1415 4305 1519 4354 σαλεύει

152 4385 326 4448 flagitaveratr
348 4383 451 4452 βροντάς
468 4401 495 4436 τι
513 4387 534 4436 C
549 4382 561 4450 ll
582 4385 597 4434 5
611 4381 775 4450 ἐμπίπτοντος
788 4383 810 4433 Β
864 4389 967 4454 Rooper
982 4383 996 4454 ΙΙ
1013 4387 1047 4440 22
1057 4392 1177 4441 lacunam
1189 4391 1313 4439 indicavit
1324 4390 1428 4455 Rospcr
1440 4393 1517 4442 inrer-

150 4483 178 4522 ιιι
194 4472 349 4524 Schsubsoh
363 4480 524 4523 correxerat:
544 4469 743 4528 έππίπτοντοςθ
763 4465 809 4536 1Ιό
862 4475 953 4525 cidisse
971 4482 1042 4526 ratus
1060 4474 1103 4527 τόν
1121 4473 1147 4528 δέ
1165 4475 1227 4544 ἀέρα
1238 4475 1360 4545 περιέχειν
1377 4477 1410 4528 τὰ
1429 4479 1518 4529 πάντα.

151 4557 176 4609 έν
186 4557 254 4627 ὑγρῷ
265 4561 296 4610 ci.
307 4562 368 4612 Ait.
379 4561 450 4611 Piso.
460 4561 485 4607 V
497 4559 562 4612 19⁴:
577 4561 686 4612 fortasse
697 4554 723 4616 ἐξ
733 4555 810 4624 ὑγροῦ
861 4559 904 4612 τόν
926 4559 953 4612 δέ
976 4560 1037 4629 ἀέρα
1055 4567 1154 4630 κρατεῖν
1176 4567 1221 4615 τοῦ
1239 4563 1330 4621 παντός
1348 4566 1378 4616 σέ.
1398 4567 1518 4631 Anaxcg.

151 4649 181 4697 σέ.
198 4650 284 4698 Lacrt.
298 4649 314 4696 1.
326 4663 348 4697 c.
367 4645 420 4714 ζῷα
434 4641 547 4713 γενέσθαι
566 4643 591 4704 ἐξ
607 4643 684 4714 ὑγροῦ
696 4642 741 4695 καλ
752 4639 809 4711 ὀαρ-
861 4650 922 4702 ine
941 4651 975 4700 sd
993 4667 1018 4715 ρ.
1032 4648 1091 4712 532,
1104 4649 1136 4701 12
1161 4649 1175 4718 ΙΙ
1200 4650 1234 4703 24
1253 4647 1410 4720 έπικριδῆναι
1427 4663 1519 4719 posteo

151 4736 200 4798 μοῠ
219 4731 394 4800 calceolos,
412 4729 514 4802 ῧῦτῑρθν
530 4731 558 4784 δέ
573 4731 599 4792 ἐξ
612 4729 730 4800 ἀλλήλων
744 4729 756 4796 Η
772 4745 811 4797 γε·
864 4745 1005 4788 conscium
1030 4739 1052 4788 L
1079 4733 1092 4803 ΙΙ
1117 4735 1151 4789 25
1174 4755 1201 4788 τε
1223 4741 1315 4790 seclusi
1344 4736 1357 4806 ΙΙ
1386 4739 1420 4792 27
1443 4739 1518 4807 μέσον

149 4816 279 4872 νέσόαιῦε
292 4815 455 4888 γιννᾶσόαιΒ
470 4818 484 4889 ΙΙ
498 4822 530 4875 10
542 4817 663 4892 ὀῆλιιαΒ
676 4817 689 4887 il
704 4815 810 4874 οὑτος-
863 4825 910 4876 ΒΟ
931 4826 962 4875 σέ.
981 4841 1006 4890 p.
1018 4821 1128 4885 oscis:
1147 4825 1225 4892 μέσου
1243 4827 1264 4876 C
1281 4823 1293 4893 ll
1308 4831 1412 4894 σιιμιῖον
1430 4829 1452 4879 Β
1472 4833 1517 4880 σεδ

152 4903 298 4977 γεγενῆσθαι
308 4909 415 4959 liberius
426 4912 544 4974 repetivit
554 4906 650 4976 ΟοάπΙγ
661 4907 812 4975 11ίγκμασεν
863 4927 879 4979 η
899 4927 976 4977 sopor
994 4923 1030 4961 σιι
1047 4915 1168 4976 positum,
1186 4915 1294 4964 cltsrnm
1313 4930 1333 4964 ει
1352 4918 1378 4966 in
1398 4917 1474 4967 litura

148 4999 224 5048 Cedr.
238 4998 309 5048 libri:
329 4999 392 5046 olim
412 4998 489 5048 luisse
503 4995 647 5066 ἐτελεύτησε
666 4999 708 5048 vel
726 4997 810 5047 similo

1249 5083 1317 5150 τι*
