3768 5736
636 425 737 474 ιιιιι
755 423 857 473 mc.
871 423 910 472 ιν
927 420 957 473 ιο
970 429 1029 468 ι-ι
1048 418 1105 470 201

302 487 1301 583 mammem
1319 517 1354 572 οι
1368 518 1427 582 [ιο]

236 666 299 734 κατ’
327 669 399 732 ἀλλο
425 668 458 731 δὲ
480 668 511 731 αἱ
533 667 693 750 ἐπιμήκεις
731 665 781 728 καὶ
803 664 851 728 ἐπὶ

236 775 293 834 τῶν
306 770 530 834 κοσκινευόντων
546 771 579 832 δὲ
593 769 640 832 ἐπὶ
655 768 688 829 τὸ
704 765 776 830 αὐτὸ
787 785 849 830 συν-

237 872 365 945 αλίζεται
387 873 424 936 τὰ
444 874 676 956 ὁμοιοσχήμονα,
700 869 776 931 ὥστε
791 891 849 953 χω-

238 977 279 1059 ρὶς
294 974 366 1038 εἶναι
385 975 452 1044 τοὺς
466 975 594 1056 κυάμους
609 971 658 1036 καὶ
674 969 848 1055 ἐρεβίνθους.

214 1074 303 1162 ιέχοι
332 1073 357 1139 δ’
384 1076 419 1140 ἀν
444 1100 486 1145 τις
515 1077 587 1160 πρός
608 1072 726 1141 τούτους
747 1072 846 1135 εἰπεῖν·

237 1183 300 1249 πῶς
322 1178 405 1262 όλίγα
426 1179 600 1263 θραύσματα
622 1175 783 1258 πνεύματος
799 1199 848 1257 μυ-

238 1282 367 1366 ρίανδρον
390 1280 531 1364 ἐκπληροῖ
550 1278 687 1363 θέατρον;

282 1381 319 1446 Οἱ
342 1384 374 1446 δὲ
396 1381 546 1446 Στωικοί
566 1401 638 1466 φασι
653 1381 702 1444 τὸν
717 1379 791 1465 ἀέρα
806 1381 847 1465 μὴ
866 1387 883 1438 4

238 1485 405 1568 συγκεῖσθαι
420 1485 454 1549 έκ
469 1485 675 1568 θραυσμάτων,
697 1482 772 1546 ἀλλὰ
787 1503 850 1546 συν-

202 1593 295 1673 ιοεχῆ
318 1584 355 1651 δι’
384 1588 468 1666 όλου,
495 1588 586 1672 μηδὲν
614 1587 697 1650 κενὸν
727 1581 849 1669 ἔχοντα·

239 1688 355 1753 ἐπειδὰν
382 1689 415 1752 δὲ
445 1693 544 1774 πληγῇ
576 1687 731 1770 πνεύματι,
761 1709 849 1768 κυμα-

238 1794 337 1854 τοῦται
352 1792 427 1856 κατὰ
441 1792 565 1860 κύκλους
585 1789 692 1874 ὀρθούς
711 1787 752 1858 εἰς
772 1787 851 1852 ἀπει-

240 1916 303 1978 ρον,
333 1892 390 1963 έιυς
416 1896 560 1978 πληρώσῃ
583 1894 632 1957 τὸν
655 1891 851 1975 περικείμενον

239 1995 327 2080 ἀέρα,
356 1999 397 2065 ώς
418 1995 466 2060 ἐπὶ
488 2001 540 2080 τῆς
562 1991 769 2078 κολυμβήθρας
799 1998 851 2078 τῆς

208 2117 232 2158 ιι
240 2097 398 2182 πληγείσης
423 2098 511 2182 λίθῳ.
547 2097 596 2161 καὶ
623 2095 697 2178 αὕτη
726 2095 778 2177 μὲν
805 2117 851 2158 κυ-

239 2203 346 2270 κλικῶς
368 2203 496 2280 κινεῖται,
520 2203 536 2264 ό
559 2197 584 2262 δ’
605 2199 663 2282 ἀὴρ
682 2200 851 2282 σφαιρικῶς.

276 2300 504 2386 Ἀναξαγόρας
526 2303 579 2386 τήν
600 2300 701 2385 φωνήν
723 2299 851 2382 γίνεσθαι
870 2313 886 2366 5

239 2405 400 2487 πνεύματος
436 2404 636 2472 ἀντιπεσόντος
674 2402 726 2484 μὲν
761 2421 853 2484 στερε-

174 2571 176 2574 .
242 2507 315 2590 μνίιμ
331 2505 405 2590 ἀέρι,
426 2512 464 2588 τῇ
480 2505 505 2569 δ’
527 2504 698 2590 ὑποστροφῇ
713 2507 766 2588 τῆς
781 2505 853 2588 πλή-

205 2629 230 2668 ιο
242 2608 312 2678 Εειυς
324 2607 410 2692 μέχρι
422 2611 479 2671 τῶν
489 2609 587 2673 ἀκοῶν
598 2605 852 2692 προσενεχθέντος·

215 2709 319 2772 ’καθὸ
355 2709 404 2772 καὶ
440 2711 492 2793 τήν
524 2710 680 2794 λεγομένην
713 2711 782 2794 ἠχώ
815 2709 853 2792 γί-

242 2811 353 2876 νεσθοιι.

195 3045 226 3114 ἀ.
259 3047 302 3114 Εἰ
325 3050 515 3134 ἀσώματος
537 3053 556 3135 ἡ
579 3053 679 3136 φωνὴ
703 3053 760 3115 καὶ
782 3057 855 3123 πῶς
1017 3047 1059 3114 Εἰ
1078 3049 1268 3132 ἀσώμαθος
1290 3050 1310 3131 ἡ
1333 3049 1442 3132 φωνή.

326 3154 405 3238 ήχώ
428 3154 572 3236 γίνεται.
616 3161 708 3216 6101

206 3307 230 3346 ιι
285 3285 494 3374 Πυθαγόρας
522 3289 671 3354 Πλάτων
699 3287 883 3374 Ἀριστοι

240 3391 344 3474 τέλης
358 3394 560 3475 ἀσώματον.
587 3391 621 3455 ού
636 3393 690 3478 γὰρ
705 3392 754 3455 τὸν
770 3391 853 3476 ἀέρα,

242 3493 317 3556 ἀλλά
338 3496 371 3558 τὸ
394 3498 498 3580 σχῆμα
518 3495 551 3557 τὸ
566 3496 631 3579 περὶ
646 3497 695 3560 τὸν
710 3495 783 3580 ἀέρα
805 3494 853 3558 καὶ

242 3596 294 3678 τὴν
328 3595 495 3682 ἐπιφάνειαν
530 3597 605 3660 κατὰ
635 3599 719 3662 ποιάν
752 3594 853 3680 πλῆξιν

241 3696 370 3780 γίνεσθαι
398 3701 512 3783 φωνήν·
541 3702 621 3762 πᾶσα
648 3700 681 3763 δὲ
703 3699 855 3782 ἐπιφάνεια

209 3800 415 3883 νοάσώματυς·
442 3805 613 3885 συγκινεῖται
641 3802 693 3884 μὲν
719 3802 773 3886 γὰρ
795 3804 855 3872 τοῖς

243 3905 390 3985 σώμασιν,
413 3903 487 3988 αὐτή
507 3904 539 3967 δὲ
563 3905 719 3987 ἀσώματος
740 3905 855 3974 πάντοις

238 4058 250 4109 1
270 4056 296 4109 αἱ
315 4056 444 4126 ἐπιμήκεις
463 4062 498 4112 O:
518 4077 568 4112 om.
588 4061 637 4112 ΑΒ
655 4065 738 4127 spatio
757 4063 855 4124 relicto,

201 4148 231 4197 cf.
254 4146 349 4198 Sextus
373 4149 432 4198 adv.
451 4150 571 4200 mathem.
589 4149 643 4199 VII
656 4147 707 4200 117
727 4143 741 4216 ΙΙ
762 4145 777 4198 2
796 4161 855 4198 κοσ-

200 4232 366 4300 κινευομένυιν
375 4236 500 4286 tundebat
508 4235 643 4288 Burchard
656 4253 688 4287 ex
698 4235 771 4287 Sexti
784 4231 854 4302 1.ο.ΙΙ

199 4317 226 4372 δὲ
239 4319 279 4372 ἐπὶ
289 4321 323 4372 0:
336 4315 355 4372 θ’
372 4337 422 4372 om.
435 4323 484 4372 ΑΒ
498 4317 510 4390 Η
524 4320 675 4382 συναλίζεται
687 4323 748 4374 Ae:
768 4337 855 4374 συναυ-

199 4405 291 4468 λίζεται
314 4409 336 4459 Β
357 4403 371 4475 ΙΙ
391 4407 407 4461 5
425 4405 527 4466 τούτους
549 4410 583 4461 C:
604 4406 700 4467 τούτοις
713 4411 784 4475 (Α)Β
805 4407 818 4478 ΙΙ
838 4411 854 4462 9

198 4492 351 4563 θραυμάταιν
370 4495 417 4565 (ΞΗ
429 4499 521 4565 συνεχῆ
540 4493 601 4548 εἶναι
619 4499 711 4561 vulgoz
732 4496 791 4548 εἶναι
804 4515 854 4549 om.

201 4585 297 4636 GABO
318 4580 330 4654 ΙΙ
354 4581 384 4635 12
403 4587 560 4652 κυματοῦται
579 4585 664 4638 GAC:
682 4581 855 4651 κυματοῡσθαι

200 4673 287 4736 vulgo,
307 4681 334 4723 at
352 4674 383 4724 of.
408 4691 433 4723 v.
447 4671 492 4724 15:
521 4669 659 4723 κυκλοῦται
679 4672 702 4721 Β
729 4667 742 4740 ΙΙ
766 4668 855 4740 ὀρθοὺς

200 4769 351 4824 suspectum.
376 4775 427 4810 om.
458 4759 532 4812 Ges.
555 4759 634 4824 Diog.
647 4757 763 4810 vu158
783 4755 796 4826 ΙΙ
822 4759 855 4811 13

200 4842 328 4914 πληρώσει
349 4847 372 4896 Β
392 4847 422 4897 οἱ.
442 4847 467 4900 G
485 4844 498 4913 ΙΙ
520 4845 552 4898 1'1
571 4846 768 4898 Anaximandro
790 4848 855 4898 haec
888 4913 891 4918 Ι

200 4933 289 4984 tribuit
307 4935 342 4994 (3,
361 4933 492 4984 Archelao
508 4933 587 4998 Diog.
605 4933 632 4983 11
652 4932 684 4984 17
705 4929 718 5000 ΙΙ
738 4933 771 4986 31
790 4929 854 5004 αὕτη

200 5021 225 5069 Α
246 5015 260 5086 ΙΙ
279 5019 380 5078 πάντως
401 5021 484 5072 ABG:
504 5018 594 5077 παντός
616 5021 695 5085 vulgo

1490 414 1554 478 409
