3708 5732
679 409 955 460 rnousaomuua
1459 409 1500 473 95

139 575 225 660 pidia
247 596 320 642 cum
334 578 532 661 Anaxagora
546 576 740 642 necessitate
756 596 851 659 quarn
867 575 1039 641 arbitraria
1054 580 1140 640 esset
1155 581 1299 640 veterum
1314 578 1502 641 recentium-

138 700 200 761 que
224 679 345 764 opinio,
368 679 475 746 edocti
495 678 846 744 sumusWilamovitzii
868 676 1034 743 Analectis
1055 675 1200 760 Euripid.
1223 698 1254 760 p.
1271 678 1333 742 16⁴2
1345 699 1413 761 sqq.
1443 680 1501 744 sed

137 781 224 848 cavit
246 789 366 866 tamen,
389 788 544 864 quantum
565 780 703 846 Vitrurii
726 780 875 846 uberiore
898 787 1050 862 excerpto
1074 779 1237 862 docemur,
1260 780 1315 861 qui
1337 781 1501 865 Euripidis

137 885 286 951 versibus
313 885 359 950 ita
387 883 524 969 prolusit
551 881 665 948 melius
686 882 780 948 Actio
804 889 837 948 et
859 882 1039 966 Heraclito,
1067 902 1108 948 ue
1131 883 1357 964 neglegentiae
1381 884 1501 949 crimen

137 993 288 1052 mereret.
340 1007 416 1051 narn
444 986 492 1050 illi
519 984 648 1067 quidem
675 985 884 1069 Euripideum
912 985 1096 1069 opinionem
1122 1002 1226 1066 aeque
1252 985 1500 1067 Anaxagoream

136 1089 376 1172 praedicarunt.
420 1109 498 1172 ergo
520 1095 556 1152 ut
578 1086 860 1170 comprehendam,
883 1086 1062 1153 Vitruvio
1085 1086 1278 1152 vetustior
1300 1086 1375 1152 fuit
1405 1089 1501 1154 alle-

137 1191 336 1274 goriarum
357 1191 430 1258 ille
453 1189 630 1257 conditor
652 1189 737 1255 sine
763 1179 877 1254 dubio
901 1189 1116 1254 Stoicorum
1139 1189 1416 1272 philosophiae
1438 1193 1501 1256 ad-

137 1292 290 1378 dictus,
331 1292 395 1376 qui
428 1291 662 1358 Heracleoui
695 1290 943 1373 grammatico
978 1290 1099 1376 (Probo
1133 1290 1246 1376 Sexto)
1280 1291 1499 1378 Heraclito,

136 1394 357 1460 recentiori
379 1393 542 1461 Stohaei
572 1401 608 1460 et
634 1391 895 1458 Plutarcheae
917 1393 1034 1458 Vitae
1056 1392 1153 1458 fonti
1181 1399 1395 1476 promptam
1417 1395 1500 1478 phi-

141 1497 392 1581 losophorum
423 1517 503 1562 cum
530 1496 691 1562 Homero
722 1496 961 1560 oculatorum
990 1495 1192 1560 materiam
1220 1496 1498 1580 suppeditavit.

141 1597 410 1682 philosophorum
432 1598 587 1664 memoria
609 1597 696 1662 unde
710 1596 874 1678 allegoriis
889 1595 1060 1680 affluxerit,
1082 1595 1244 1661 difficilius
1259 1601 1308 1661 cst
1323 1596 1419 1662 dictu.
1442 1600 1501 1664 sed

138 1695 1500 1784 mmmmmmmmfflmmmwmffffiffdpwmmmhmo

134 1800 1499 1886 mmHmmd3pffiffifficmmmmemmwmssmm—fflwm

134 1903 313 1968 accersitus
335 1905 387 1988 sit,
410 1925 504 1986 quem
529 1903 727 1986 coniungunt
748 1923 820 1968 oum
836 1904 973 1970 Thalete
988 1903 1114 1968 Placita
1129 1904 1144 1968 Ι
1160 1903 1180 1967 3
1199 1911 1225 1987 2,
1249 1909 1281 1968 et
1296 1905 1501 1987 Empedoclis

138 2005 421 2089 Xenophauisque
451 2027 565 2074 versus
596 2005 701 2072 eidem
729 2005 764 2069 iu
792 2006 879 2072 Plac.
895 2008 910 2072 Ι
926 2009 946 2072 3
963 2017 1005 2070 2ο.
1032 2005 1416 2090 παραιτησαμένη
1447 2028 1501 2073 ne-

136 2105 368 2174 cessitudinem
389 2109 474 2174 iuter
496 2108 625 2174 Attium
647 2114 680 2174 et
701 2107 875 2189 allegorias
897 2108 1098 2175 intercedere
1119 2128 1185 2172 uon
1206 2107 1351 2189 negabis.
1378 2109 1437 2174 sed
1458 2109 1500 2174 de

137 2209 228 2274 Astii
251 2209 395 2276 fontibus
418 2211 599 2276 scrutandis
621 2209 706 2274 infra
727 2209 903 2274 latissimus
926 2209 1049 2294 patebit
1071 2229 1213 2292 campus.

227 2312 323 2378 Nunc
346 2333 387 2380 ex
410 2312 626 2378 Plutarcheae
649 2312 744 2377 Vitae
776 2311 973 2394 Stohaeique
999 2310 1160 2394 excerptis
1186 2331 1388 2376 communem
1410 2312 1499 2378 illum

139 2414 262 2479 librum
286 2434 480 2499 componere
502 2433 645 2499 pergam.

364 2533 453 2599 Stob.
469 2533 542 2598 122
558 2540 574 2592 2
1021 2535 1105 2599 Plut
1121 2531 1159 2597 V.
1176 2531 1216 2597 Η.
1239 2552 1266 2598 c.
1281 2533 1323 2596 95

129 2634 260 2722 ’Όμηρος
287 2638 336 2700 τὸν
365 2636 470 2719 αἰθέρα
497 2640 548 2699 τοῦ
577 2634 662 2718 ἀέρος
687 2634 794 2718 ὑψηλά·
846 2637 918 2719 ὑπὲρ
941 2637 974 2698 δὲ
995 2643 1048 2720 γῆς
1063 2635 1143 2704 ὄντος
1158 2640 1210 2698 τοῦ
1225 2635 1310 2719 ἀέρος
1328 2637 1376 2698 τὸν
1394 2635 1498 2720 αἰθέρα
1595 2719 1597 2724 ,

134 2761 220 2824 τερον
243 2737 317 2802 εἶναί
338 2759 436 2824 φησιν.
466 2737 564 2822 εἴρηκε
586 2738 619 2799 δὲ
641 2737 750 2806 οὕτως·
817 2748 819 2829 l
845 2739 1021 2822 ὑψηλότερον
1043 2738 1117 2802 εἰναί
1136 2759 1223 2822 φησιν
1246 2737 1347 2805 οὕτως·

181 2841 222 2910 εἰς
244 2841 349 2923 ἐλάτην
372 2841 480 2925 ἀναβὰς
494 2843 686 2924 περιμήκετον
699 2839 719 2922 ἢ
734 2839 792 2902 τότ’
817 2836 819 2927 ἰ
887 2841 927 2910 εἰς
946 2841 1051 2923 ἐλάτην
1072 2841 1180 2925 ἀναβὰς
1200 2840 1423 2923 περιμήκετονή
1440 2839 1497 2902 τότ’

685 2941 714 3004 έν
731 2939 792 3024 Ἴδη
817 2934 819 2997 ἰ
1389 2943 1420 3005 ἐν
1436 2939 1510 3025 Ἴδη.

182 3046 348 3128 μακροτάτη
376 3047 502 3130 πεφυυῖα
529 3043 564 3107 δι’
591 3043 677 3128 ήέρος
699 3043 791 3126 αἰθέρ’
887 3047 1031 3130 ἀκροτάτη
1066 3049 1192 3129 πεφυυῖα
1222 3045 1256 3109 δι’
1287 3044 1373 3128 ήέρος
1406 3044 1498 3127 αἰθέρ’

685 3147 791 3208 ἰκανεν.
1404 3147 1498 3211 ἰκανε·

132 3249 272 3312 ἐπέκεινα
298 3250 331 3311 δὲ
357 3253 409 3312 τοῦ
440 3249 559 3333 αἰθέρος
590 3249 639 3311 τὸν
671 3247 792 3331 οὑρανὺν
843 3253 894 3312 τοὺ
917 3250 951 3312 δὲ
971 3249 1089 3332 αἰθέρος
1111 3250 1249 3335 ἀνωτέρω
1270 3252 1319 3312 τὸν
1343 3250 1482 3334 οἰνρανόν·

133 3353 278 3436 ὑπάρχειν
293 3353 473 3436 ἀπεφήνατο.
495 3351 570 3433 λέγει
586 3351 640 3433 γὰρ
655 3351 791 3412 τοιιῗνσὺε·

181 3454 222 3522 u<
245 3455 271 3516 οἱ
288 3455 339 3535 μὲν
358 3454 500 3536 μάρναντο
523 3455 666 3536 σιδήρειος
681 3451 704 3513 θ’
730 3452 793 3534 ὑρυ-
887 3455 927 3522 tl:
943 3455 969 3516 οἱ
986 3455 1038 3535 μὲν
1054 3455 1209 3538 μάρναντο·
1241 3457 1384 3538 σιδήρειος
1396 3454 1420 3517 δ’
1436 3456 1499 3538 ὀρο-

684 3553 792 3636 μαηδὺς
1389 3557 1499 3638 μαγδὺς

180 3657 307 3740 χαλκεον
323 3659 443 3741 οὐρανὸν
459 3657 514 3741 ήκε
526 3657 561 3719 δι’
577 3657 695 3740 αἰθέρος
711 3657 793 3739 ἀτρυ-
888 3659 1012 3742 galeso
1036 3657 1157 3740 οὐρανὸν
1173 3657 1217 3720 ἰκε
1233 3659 1267 3721 δι’
1284 3657 1401 3742 αἰθέρος
1416 3661 1498 3743 ἀτρυ-

533 3752 535 3757 ’
688 3758 793 3840 ηέτοιο.
1394 3761 1499 3843 γέτοιο.
1550 3815 1560 3831 .

132 3861 186 3923 έπί
208 3864 279 3923 πᾶσι
302 3863 335 3924 δὲ
357 3864 406 3926 τὸν
429 3861 558 3944 ὄλυμπον
574 3861 714 3946 ὑπάρχειν
732 3860 793 3923 κατ’
846 3865 894 3926 καὶ
917 3862 958 3926 ἔτι
982 3862 1128 3947 ἐντούτῳ

132 3962 242 4047 ἐξοχήν
252 3985 313 4027 τινα
325 3965 372 4028 καί
386 3965 533 4046 θειότατα,
547 3964 618 4048 φησί
626 3964 680 4046 γὰρ
691 3963 794 4032 οὑτως·
1379 4009 1385 4018 -

180 4065 265 4149 ήερίη
282 4067 306 4128 δ’
330 4066 419 4151 ἀνέβη
443 4066 532 4150 μέγαν
555 4065 675 4149 οὐρανὸν
691 4063 794 4146 οὑλυμ-
888 4067 972 4150 ήερίη
996 4067 1019 4130 θ’
1036 4067 1125 4152 ἀνέβη
1143 4069 1232 4150 μέγαν
1252 4069 1373 4152 οἰιρανὺν
1396 4067 1499 4150 οὑλυμ-

676 4167 794 4231 πέντε
1391 4171 1446 4234 πάν
1468 4193 1500 4232 τε

134 4271 172 4330 τὸ
203 4269 258 4352 γὰρ
288 4270 436 4333 ἀπωτάτω
467 4275 521 4354 τῆς
553 4277 606 4356 gig
639 4274 687 4336 καί
721 4271 795 4352 μήτε
846 4270 879 4331 τὸ
913 4271 967 4355 γὰρ
997 4273 1201 4356 καθαρώτερον
1234 4276 1285 4335 τοῦ
1314 4272 1399 4356 ἀέρος
1427 4275 1499 4336 ἀνω-

133 4491 202 4524 rum
220 4477 427 4540 inventores,
450 4478 606 4542 praecedunt
628 4477 747 4528 Thales
771 4477 958 4528 Heraclitus
986 4480 1150 4543 Magorum
1173 4481 1373 4530 sacerdotes.
1410 4483 1499 4531 similis

133 4564 216 4612 series
234 4563 262 4612 11
283 4562 295 4612 l
320 4565 438 4616 Thales
461 4565 648 4616 Heraclitus
671 4565 874 4614 Democritus
898 4575 928 4615 st
951 4567 1109 4631 Epicurus
1130 4569 1338 4632 Pythagorei.
1375 4569 1499 4619 Heracliti

133 4665 281 4713 cognomen
296 4658 324 4700 ut
335 4657 438 4717 cognati
450 4656 528 4704 sontis
541 4653 663 4702 indicium
676 4661 777 4716 praeter
786 4653 933 4704 Vitruvium
952 4663 1080 4716 noverunt
1092 4656 1192 4705 Probus
1212 4673 1236 4720 p.
1250 4653 1282 4706 21
1304 4657 1344 4705 ed.
1355 4653 1388 4705 Κ.
1407 4665 1433 4705 et
1445 4659 1497 4706 Hc-

132 4738 219 4786 raelit.
238 4738 314 4800 alleg.
333 4737 367 4790 24
390 4736 404 4789 ὑ
426 4743 484 4807 γοῦν
507 4736 630 4794 σκοτεινὸς
650 4733 808 4806 Ἡράκλειτος
827 4739 911 4809 ἀσαφῆ
937 4741 981 4792 καὶ
1003 4739 1043 4792 tut
1066 4740 1198 4809 συμβόλων
1220 4737 1360 4800 εἰκάζεσθαι
1378 4739 1499 4810 δυνάμενα

131 4819 249 4889 θεολογτῐ
258 4823 291 4874 τὰ
302 4824 396 4892 φυσικά
414 4825 485 4887 (hinc
504 4827 698 4876 Heraclitus
717 4828 825 4877 inditum
845 4835 884 4877 est
903 4830 990 4878 libello
1010 4829 1116 4889 tlmlus).
1147 4838 1280 4894 praeterea
1297 4843 1439 4892 cognomen
1459 4833 1497 4878 in-

135 4915 240 4960 venitur
258 4927 280 4960 s.
300 4927 324 4976 g.
344 4915 482 4966 Ps-Arlst.
502 4916 534 4965 de
559 4913 646 4964 mund.
665 4931 690 4978 p.
704 4911 833 4977 306b20,
857 4918 900 4978 qui
919 4917 984 4965 liber
1002 4917 1122 4966 Vitruvio
1141 4933 1193 4966 non
1213 4919 1292 4966 ruulto
1312 4919 1442 4979 antiquior
1459 4921 1498 4966 vi-

133 4999 212 5048 detur
230 5009 255 5048 et
274 5011 365 5064 postea
383 5004 409 5051 in
422 5002 536 5053 Eusebio
555 5005 585 5053 P.
599 5002 631 5050 Ε.
645 5003 670 5051 X
686 4999 715 5053 ll
736 5010 767 5053 lt.
785 5004 872 5054 Tacta.
891 5018 964 5066 exeg.
984 5005 1059 5053 iliad.
1078 5002 1497 5066 inBachmannischol.1826‚t.
