<?xml version="1.0" encoding="UTF-8"?>
<!DOCTYPE html PUBLIC "-//W3C//DTD XHTML 1.0 Transitional//EN"
    "http://www.w3.org/TR/xhtml1/DTD/xhtml1-transitional.dtd">
<html xmlns="http://www.w3.org/1999/xhtml" xml:lang="en" lang="en">
 <head>
  <title>
</title>
<meta http-equiv="Content-Type" content="text/html;charset=utf-8" />
  <meta name='ocr-system' content='tesseract 3.04.00' />
  <meta name='ocr-capabilities' content='ocr_page ocr_carea ocr_par ocr_line ocrx_word'/>
</head>
<body>
  <div class='ocr_page' id='page_1' title='image "./doxographigraec01dielgoog/doxographigraec01dielgoog_0166.png"; bbox 0 0 3708 5732; ppageno 0'>
   <div class='ocr_carea' id='block_1_1' title="bbox 704 385 1518 450">
    <p class='ocr_par' dir='ltr' id='par_1_1' title="bbox 704 385 1518 450">
     <span class='ocr_line' id='line_1_1' title="bbox 704 385 1518 450; baseline 0.012 -12"><span class='ocrx_word' id='word_1_1' title='bbox 704 386 981 438; x_wconf 76' lang='lat' dir='ltr'><strong>ruonueomurss</strong></span> <span class='ocrx_word' id='word_1_2' title='bbox 1457 385 1518 450; x_wconf 78' lang='grc'><strong>151</strong></span> 
     </span>
    </p>
   </div>
   <div class='ocr_carea' id='block_1_2' title="bbox 158 549 1520 846">
    <p class='ocr_par' dir='ltr' id='par_1_2' title="bbox 158 549 1520 846">
     <span class='ocr_line' id='line_1_2' title="bbox 159 549 1520 639; baseline -0.001 -19"><span class='ocrx_word' id='word_1_3' title='bbox 159 576 206 638; x_wconf 79' lang='lat' dir='ltr'><strong>gr.</strong></span> <span class='ocrx_word' id='word_1_4' title='bbox 230 555 267 620; x_wconf 87' lang='lat' dir='ltr'><strong>L.</strong></span> <span class='ocrx_word' id='word_1_5' title='bbox 280 554 318 619; x_wconf 92' lang='lat' dir='ltr'><strong>B.</strong></span> <span class='ocrx_word' id='word_1_6' title='bbox 336 554 419 620; x_wconf 86' lang='grc'><strong>1843</strong></span> <span class='ocrx_word' id='word_1_7' title='bbox 441 575 472 638; x_wconf 96' lang='lat' dir='ltr'><strong>p.</strong></span> <span class='ocrx_word' id='word_1_8' title='bbox 489 549 645 639; x_wconf 80' lang='lat' dir='ltr'><strong>268sqq.]</strong></span> <span class='ocrx_word' id='word_1_9' title='bbox 668 560 796 620; x_wconf 88' lang='lat' dir='ltr'><strong>secutus</strong></span> <span class='ocrx_word' id='word_1_10' title='bbox 818 554 859 618; x_wconf 91' lang='lat' dir='ltr'><strong>de</strong></span> <span class='ocrx_word' id='word_1_11' title='bbox 881 553 1070 638; x_wconf 76' lang='lat' dir='ltr'>Pythagora</span> <span class='ocrx_word' id='word_1_12' title='bbox 1094 553 1259 619; x_wconf 90' lang='lat' dir='ltr'><strong>minimum</strong></span> <span class='ocrx_word' id='word_1_13' title='bbox 1282 553 1408 620; x_wconf 86' lang='lat' dir='ltr'><strong>duobus</strong></span> <span class='ocrx_word' id='word_1_14' title='bbox 1429 552 1520 618; x_wconf 92' lang='lat' dir='ltr'><strong>libris</strong></span> 
     </span>
     <span class='ocr_line' id='line_1_3' title="bbox 159 653 1518 744; baseline -0.002 -22"><span class='ocrx_word' id='word_1_15' title='bbox 159 656 289 741; x_wconf 81' lang='lat' dir='ltr'><strong>scripsit</strong></span> <span class='ocrx_word' id='word_1_16' title='bbox 311 653 359 742; x_wconf 82' lang='lat' dir='ltr'><strong>[P.</strong></span> <span class='ocrx_word' id='word_1_17' title='bbox 375 658 414 724; x_wconf 88' lang='lat' dir='ltr'><strong>H</strong></span> <span class='ocrx_word' id='word_1_18' title='bbox 432 656 471 722; x_wconf 80' lang='grc'><strong>0.</strong></span> <span class='ocrx_word' id='word_1_19' title='bbox 487 657 536 722; x_wconf 88' lang='grc' dir='ltr'><strong>ΠΙ</strong></span> <span class='ocrx_word' id='word_1_20' title='bbox 558 677 590 740; x_wconf 89' lang='lat' dir='ltr'><strong>p.</strong></span> <span class='ocrx_word' id='word_1_21' title='bbox 605 656 645 720; x_wconf 90' lang='grc'><strong>41</strong></span> <span class='ocrx_word' id='word_1_22' title='bbox 669 655 707 722; x_wconf 88' lang='lat' dir='ltr'><strong>fr.</strong></span> <span class='ocrx_word' id='word_1_23' title='bbox 723 654 872 744; x_wconf 81' lang='lat'><strong>21-24].</strong></span> <span class='ocrx_word' id='word_1_24' title='bbox 907 677 988 740; x_wconf 92' lang='lat' dir='ltr'><strong>qnos</strong></span> <span class='ocrx_word' id='word_1_25' title='bbox 1009 655 1123 722; x_wconf 90' lang='lat' dir='ltr'><strong>laudat</strong></span> <span class='ocrx_word' id='word_1_26' title='bbox 1144 656 1304 741; x_wconf 77' lang='lat' dir='ltr'>Iosephus</span> <span class='ocrx_word' id='word_1_27' title='bbox 1326 675 1353 722; x_wconf 93' lang='lat' dir='ltr'><strong>c.</strong></span> <span class='ocrx_word' id='word_1_28' title='bbox 1368 653 1430 738; x_wconf 83' lang='lat' dir='ltr'><strong>Ap.</strong></span> <span class='ocrx_word' id='word_1_29' title='bbox 1446 655 1462 719; x_wconf 95' lang='lat' dir='ltr'><strong>l</strong></span> <span class='ocrx_word' id='word_1_30' title='bbox 1477 656 1518 720; x_wconf 80' lang='lat'><strong>22</strong></span> 
     </span>
     <span class='ocr_line' id='line_1_4' title="bbox 158 754 1518 846; baseline 0.001 -22"><span class='ocrx_word' id='word_1_31' title='bbox 158 759 555 844; x_wconf 55' lang='lat' dir='ltr'><strong>miserescentem</strong></span> <span class='ocrx_word' id='word_1_32' title='bbox 579 761 773 843; x_wconf 82' lang='grc' dir='ltr'>ἱστορήκασιν,</span> <span class='ocrx_word' id='word_1_33' title='bbox 795 761 844 824; x_wconf 82' lang='grc' dir='ltr'><strong>καὶ</strong></span> <span class='ocrx_word' id='word_1_34' title='bbox 866 761 975 825; x_wconf 81' lang='grc' dir='ltr'>τούτων</span> <span class='ocrx_word' id='word_1_35' title='bbox 999 761 1211 846; x_wconf 78' lang='grc' dir='ltr'>ἐπισημότατός</span> <span class='ocrx_word' id='word_1_36' title='bbox 1233 759 1309 824; x_wconf 83' lang='grc' dir='ltr'>ἐστιν</span> <span class='ocrx_word' id='word_1_37' title='bbox 1326 754 1518 842; x_wconf 78' lang='grc' dir='ltr'>Ἕρμιππος</span> 
     </span>
    </p>
   </div>
   <div class='ocr_carea' id='block_1_3' title="bbox 146 857 1518 4132">
    <p class='ocr_par' dir='ltr' id='par_1_3' title="bbox 146 857 1518 3414">
     <span class='ocr_line' id='line_1_5' title="bbox 158 857 1518 947; baseline -0.002 -21"><span class='ocrx_word' id='word_1_38' title='bbox 158 863 232 947; x_wconf 82' lang='grc' dir='ltr'>ἀνὴρ</span> <span class='ocrx_word' id='word_1_39' title='bbox 255 863 320 947; x_wconf 75' lang='grc' dir='ltr'>περὶ</span> <span class='ocrx_word' id='word_1_40' title='bbox 343 865 438 926; x_wconf 81' lang='grc' dir='ltr'>πᾶσαν</span> <span class='ocrx_word' id='word_1_41' title='bbox 461 861 586 946; x_wconf 78' lang='grc' dir='ltr'>ἱστορίαν</span> <span class='ocrx_word' id='word_1_42' title='bbox 609 861 758 947; x_wconf 75' lang='grc' dir='ltr'>ἐπιμελής,</span> <span class='ocrx_word' id='word_1_43' title='bbox 780 862 832 926; x_wconf 87' lang='lat' dir='ltr'><strong>eui</strong></span> <span class='ocrx_word' id='word_1_44' title='bbox 853 863 972 930; x_wconf 90' lang='lat' dir='ltr'><strong>iudicio</strong></span> <span class='ocrx_word' id='word_1_45' title='bbox 995 865 1032 930; x_wconf 85' lang='grc' dir='ltr'><strong>Ε.</strong></span> <span class='ocrx_word' id='word_1_46' title='bbox 1047 864 1201 930; x_wconf 87' lang='lat' dir='ltr'><strong>Rohdeus</strong></span> <span class='ocrx_word' id='word_1_47' title='bbox 1222 859 1399 927; x_wconf 88' lang='lat' dir='ltr'><strong>rectissime</strong></span> <span class='ocrx_word' id='word_1_48' title='bbox 1420 857 1518 925; x_wconf 87' lang='lat' dir='ltr'><strong>refra-</strong></span> 
     </span>
     <span class='ocr_line' id='line_1_6' title="bbox 156 960 1518 1049; baseline -0.006 -19"><span class='ocrx_word' id='word_1_49' title='bbox 156 970 263 1049; x_wconf 68' lang='lat' dir='ltr'><strong>gutur,</strong></span> <span class='ocrx_word' id='word_1_50' title='bbox 283 963 337 1048; x_wconf 90' lang='lat' dir='ltr'><strong>qui</strong></span> <span class='ocrx_word' id='word_1_51' title='bbox 359 969 471 1030; x_wconf 85' lang='lat' dir='ltr'><strong>eontra</strong></span> <span class='ocrx_word' id='word_1_52' title='bbox 493 964 535 1030; x_wconf 90' lang='lat' dir='ltr'><strong>de</strong></span> <span class='ocrx_word' id='word_1_53' title='bbox 553 983 593 1030; x_wconf 91' lang='lat' dir='ltr'><strong>eo</strong></span> <span class='ocrx_word' id='word_1_54' title='bbox 607 963 759 1030; x_wconf 61' lang='lat' dir='ltr'><strong>oleseh.</strong></span> <span class='ocrx_word' id='word_1_55' title='bbox 771 965 882 1030; x_wconf 88' lang='lat' dir='ltr'>XXVI</span> <span class='ocrx_word' id='word_1_56' title='bbox 896 967 972 1032; x_wconf 77' lang='lat'>562:</span> <span class='ocrx_word' id='word_1_57' title='bbox 993 987 1061 1032; x_wconf 81' lang='lat' dir='ltr'><strong>was</strong></span> <span class='ocrx_word' id='word_1_58' title='bbox 1076 969 1127 1030; x_wconf 82' lang='lat' dir='ltr'><strong>die</strong></span> <span class='ocrx_word' id='word_1_59' title='bbox 1141 967 1303 1048; x_wconf 70' lang='lat' dir='ltr'><strong>Spectans,</strong></span> <span class='ocrx_word' id='word_1_60' title='bbox 1321 960 1434 1046; x_wconf 84' lang='lat' dir='ltr'><strong>inquit,</strong></span> <span class='ocrx_word' id='word_1_61' title='bbox 1456 962 1518 1024; x_wconf 86' lang='lat' dir='ltr'><strong>ihm</strong></span> 
     </span>
     <span class='ocr_line' id='line_1_7' title="bbox 157 1068 1517 1152; baseline -0.003 -22"><span class='ocrx_word' id='word_1_62' title='bbox 157 1069 331 1150; x_wconf 66' lang='lat' dir='ltr'><strong>nutersip</strong></span> <span class='ocrx_word' id='word_1_63' title='bbox 352 1068 592 1132; x_wconf 75' lang='grc' dir='ltr'>οοολοσλνόιόοο</span> <span class='ocrx_word' id='word_1_64' title='bbox 613 1085 682 1131; x_wconf 83' lang='lat' dir='ltr'><strong>rear</strong></span> <span class='ocrx_word' id='word_1_65' title='bbox 703 1069 802 1132; x_wconf 80' lang='grc' dir='ltr'>οιόλιο</span> <span class='ocrx_word' id='word_1_66' title='bbox 824 1071 957 1151; x_wconf 80' lang='lat' dir='ltr'><strong>werriyer</strong></span> <span class='ocrx_word' id='word_1_67' title='bbox 976 1072 1025 1134; x_wconf 83' lang='lat' dir='ltr'><strong>alr</strong></span> <span class='ocrx_word' id='word_1_68' title='bbox 1046 1072 1276 1152; x_wconf 78' lang='lat' dir='ltr'><strong>erastqemeinte</strong></span> <span class='ocrx_word' id='word_1_69' title='bbox 1292 1069 1517 1146; x_wconf 79' lang='lat' dir='ltr'><strong>Litterarrrrye-</strong></span> 
     </span>
     <span class='ocr_line' id='line_1_8' title="bbox 155 1168 1516 1256; baseline 0 -22"><span class='ocrx_word' id='word_1_70' title='bbox 155 1171 299 1252; x_wconf 71' lang='lat' dir='ltr'><strong>reticete,</strong></span> <span class='ocrx_word' id='word_1_71' title='bbox 314 1171 451 1236; x_wconf 77' lang='lat' dir='ltr'><strong>eoadem</strong></span> <span class='ocrx_word' id='word_1_72' title='bbox 465 1173 533 1234; x_wconf 82' lang='lat' dir='ltr'><strong>cirre</strong></span> <span class='ocrx_word' id='word_1_73' title='bbox 546 1173 677 1252; x_wconf 71' lang='lat' dir='ltr'><strong>pistiye</strong></span> <span class='ocrx_word' id='word_1_74' title='bbox 692 1173 817 1234; x_wconf 82' lang='lat' dir='ltr'><strong>Sattre</strong></span> <span class='ocrx_word' id='word_1_75' title='bbox 833 1173 894 1253; x_wconf 78' lang='lat' dir='ltr'><strong>aas</strong></span> <span class='ocrx_word' id='word_1_76' title='bbox 903 1173 1105 1256; x_wconf 82' lang='lat' dir='ltr'><strong>Pythayoros.</strong></span> <span class='ocrx_word' id='word_1_77' title='bbox 1129 1172 1274 1238; x_wconf 91' lang='lat' dir='ltr'><strong>eiusdem</strong></span> <span class='ocrx_word' id='word_1_78' title='bbox 1289 1168 1417 1253; x_wconf 81' lang='lat' dir='ltr'><strong>genesis</strong></span> <span class='ocrx_word' id='word_1_79' title='bbox 1433 1187 1516 1250; x_wconf 88' lang='lat' dir='ltr'><strong>esse,</strong></span> 
     </span>
     <span class='ocr_line' id='line_1_9' title="bbox 156 1271 1516 1360; baseline -0.003 -20"><span class='ocrx_word' id='word_1_80' title='bbox 156 1293 242 1358; x_wconf 85' lang='lat' dir='ltr'><strong>quae</strong></span> <span class='ocrx_word' id='word_1_81' title='bbox 261 1274 304 1341; x_wconf 90' lang='lat' dir='ltr'><strong>de</strong></span> <span class='ocrx_word' id='word_1_82' title='bbox 318 1275 461 1340; x_wconf 83' lang='lat' dir='ltr'><strong>virerum</strong></span> <span class='ocrx_word' id='word_1_83' title='bbox 475 1274 690 1341; x_wconf 85' lang='lat' dir='ltr'><strong>litteratorum</strong></span> <span class='ocrx_word' id='word_1_84' title='bbox 705 1273 861 1338; x_wconf 89' lang='lat' dir='ltr'><strong>mortibus</strong></span> <span class='ocrx_word' id='word_1_85' title='bbox 876 1275 986 1360; x_wconf 82' lang='lat' dir='ltr'><strong>tradit,</strong></span> <span class='ocrx_word' id='word_1_86' title='bbox 1008 1275 1086 1340; x_wconf 92' lang='lat' dir='ltr'><strong>mihi</strong></span> <span class='ocrx_word' id='word_1_87' title='bbox 1108 1280 1244 1341; x_wconf 86' lang='lat' dir='ltr'><strong>constat.</strong></span> <span class='ocrx_word' id='word_1_88' title='bbox 1280 1272 1408 1339; x_wconf 88' lang='lat' dir='ltr'><strong>aceedit</strong></span> <span class='ocrx_word' id='word_1_89' title='bbox 1429 1271 1516 1354; x_wconf 89' lang='lat' dir='ltr'><strong>quod</strong></span> 
     </span>
     <span class='ocr_line' id='line_1_10' title="bbox 154 1373 1516 1463; baseline -0.004 -21"><span class='ocrx_word' id='word_1_90' title='bbox 154 1376 307 1443; x_wconf 75' lang='lat' dir='ltr'><strong>Laertius</strong></span> <span class='ocrx_word' id='word_1_91' title='bbox 331 1378 353 1442; x_wconf 96' lang='lat' dir='ltr'><strong>l.</strong></span> <span class='ocrx_word' id='word_1_92' title='bbox 376 1397 402 1442; x_wconf 88' lang='lat' dir='ltr'><strong>e</strong></span> <span class='ocrx_word' id='word_1_93' title='bbox 429 1376 464 1442; x_wconf 92' lang='lat' dir='ltr'><strong>in</strong></span> <span class='ocrx_word' id='word_1_94' title='bbox 493 1373 629 1442; x_wconf 90' lang='lat' dir='ltr'><strong>subditis</strong></span> <span class='ocrx_word' id='word_1_95' title='bbox 662 1374 753 1440; x_wconf 93' lang='lat' dir='ltr'><strong>lihris</strong></span> <span class='ocrx_word' id='word_1_96' title='bbox 784 1377 930 1442; x_wconf 80' lang='lat' dir='ltr'><strong>meminit</strong></span> <span class='ocrx_word' id='word_1_97' title='bbox 960 1383 1097 1460; x_wconf 81' lang='grc' dir='ltr'>μυστικοῦ</span> <span class='ocrx_word' id='word_1_98' title='bbox 1124 1379 1227 1463; x_wconf 83' lang='grc' dir='ltr'>λόγου,</span> <span class='ocrx_word' id='word_1_99' title='bbox 1259 1395 1355 1460; x_wconf 88' lang='lat' dir='ltr'><strong>quem</strong></span> <span class='ocrx_word' id='word_1_100' title='bbox 1377 1373 1516 1438; x_wconf 82' lang='grc' dir='ltr'>Ἱππάσου</span> 
     </span>
     <span class='ocr_line' id='line_1_11' title="bbox 154 1478 1516 1566; baseline 0 -22"><span class='ocrx_word' id='word_1_101' title='bbox 154 1479 338 1566; x_wconf 66' lang='lat' dir='ltr'><strong>castratam</strong></span> <span class='ocrx_word' id='word_1_102' title='bbox 362 1480 557 1564; x_wconf 77' lang='grc' dir='ltr'>γεγραμμένον</span> <span class='ocrx_word' id='word_1_103' title='bbox 579 1479 635 1544; x_wconf 82' lang='grc' dir='ltr'><strong>ἐπὶ</strong></span> <span class='ocrx_word' id='word_1_104' title='bbox 658 1480 805 1564; x_wconf 77' lang='grc' dir='ltr'>διαβολῇ</span> <span class='ocrx_word' id='word_1_105' title='bbox 828 1479 1045 1564; x_wconf 78' lang='grc' dir='ltr'>Πυθαγόρου.</span> <span class='ocrx_word' id='word_1_106' title='bbox 1080 1499 1201 1564; x_wconf 82' lang='lat' dir='ltr'><strong>ergone</strong></span> <span class='ocrx_word' id='word_1_107' title='bbox 1222 1478 1433 1563; x_wconf 82' lang='lat' dir='ltr'><strong>Hermippum</strong></span> <span class='ocrx_word' id='word_1_108' title='bbox 1454 1479 1516 1544; x_wconf 89' lang='lat' dir='ltr'><strong>He·</strong></span> 
     </span>
     <span class='ocr_line' id='line_1_12' title="bbox 154 1580 1514 1666; baseline -0.001 -19"><span class='ocrx_word' id='word_1_109' title='bbox 154 1581 287 1648; x_wconf 77' lang='lat' dir='ltr'><strong>melidis</strong></span> <span class='ocrx_word' id='word_1_110' title='bbox 307 1583 380 1649; x_wconf 91' lang='lat' dir='ltr'><strong>loeo</strong></span> <span class='ocrx_word' id='word_1_111' title='bbox 401 1580 526 1646; x_wconf 86' lang='lat' dir='ltr'><strong>fraudis</strong></span> <span class='ocrx_word' id='word_1_112' title='bbox 548 1581 729 1647; x_wconf 87' lang='lat' dir='ltr'><strong>convictum</strong></span> <span class='ocrx_word' id='word_1_113' title='bbox 752 1581 930 1648; x_wconf 81' lang='lat' dir='ltr'><strong>habemus?</strong></span> <span class='ocrx_word' id='word_1_114' title='bbox 954 1603 997 1648; x_wconf 92' lang='lat' dir='ltr'><strong>ne</strong></span> <span class='ocrx_word' id='word_1_115' title='bbox 1018 1582 1104 1648; x_wconf 91' lang='lat' dir='ltr'><strong>hune</strong></span> <span class='ocrx_word' id='word_1_116' title='bbox 1126 1582 1265 1666; x_wconf 88' lang='lat' dir='ltr'><strong>quidem,</strong></span> <span class='ocrx_word' id='word_1_117' title='bbox 1288 1581 1315 1646; x_wconf 91' lang='lat' dir='ltr'><strong>si</strong></span> <span class='ocrx_word' id='word_1_118' title='bbox 1337 1601 1389 1646; x_wconf 92' lang='lat' dir='ltr'><strong>me</strong></span> <span class='ocrx_word' id='word_1_119' title='bbox 1410 1580 1514 1646; x_wconf 88' lang='lat' dir='ltr'><strong>audis.</strong></span> 
     </span>
     <span class='ocr_line' id='line_1_13' title="bbox 153 1682 1516 1770; baseline -0.001 -19"><span class='ocrx_word' id='word_1_120' title='bbox 153 1703 232 1751; x_wconf 84' lang='lat' dir='ltr'><strong>nam</strong></span> <span class='ocrx_word' id='word_1_121' title='bbox 253 1684 413 1770; x_wconf 77' lang='lat' dir='ltr'><strong>Iosephus</strong></span> <span class='ocrx_word' id='word_1_122' title='bbox 434 1685 454 1750; x_wconf 92' lang='grc'><strong>1.</strong></span> <span class='ocrx_word' id='word_1_123' title='bbox 471 1703 499 1750; x_wconf 92' lang='lat' dir='ltr'><strong>e.</strong></span> <span class='ocrx_word' id='word_1_124' title='bbox 521 1690 695 1768; x_wconf 86' lang='lat' dir='ltr'><strong>autequam</strong></span> <span class='ocrx_word' id='word_1_125' title='bbox 717 1683 928 1769; x_wconf 87' lang='lat' dir='ltr'><strong>Hermippum</strong></span> <span class='ocrx_word' id='word_1_126' title='bbox 951 1685 1042 1770; x_wconf 87' lang='lat' dir='ltr'><strong>citat,</strong></span> <span class='ocrx_word' id='word_1_127' title='bbox 1070 1685 1159 1750; x_wconf 69' lang='grc' dir='ltr'>αὐτοῦ</span> <span class='ocrx_word' id='word_1_128' title='bbox 1183 1685 1235 1768; x_wconf 68' lang='grc' dir='ltr'><strong>μὲν</strong></span> <span class='ocrx_word' id='word_1_129' title='bbox 1256 1682 1322 1764; x_wconf 85' lang='grc' dir='ltr'>οόν,</span> <span class='ocrx_word' id='word_1_130' title='bbox 1349 1682 1452 1766; x_wconf 82' lang='lat' dir='ltr'><strong>iuquit</strong></span> <span class='ocrx_word' id='word_1_131' title='bbox 1473 1682 1516 1749; x_wconf 88' lang='lat' dir='ltr'><strong>de</strong></span> 
     </span>
     <span class='ocr_line' id='line_1_14' title="bbox 152 1783 1514 1874; baseline -0.001 -22"><span class='ocrx_word' id='word_1_132' title='bbox 152 1786 359 1874; x_wconf 78' lang='lat' dir='ltr'><strong>Pythagora,</strong></span> <span class='ocrx_word' id='word_1_133' title='bbox 386 1787 469 1852; x_wconf 79' lang='grc' dir='ltr'>οὐδὲν</span> <span class='ocrx_word' id='word_1_134' title='bbox 502 1789 683 1871; x_wconf 74' lang='grc' dir='ltr'>ὁμολογεῖται</span> <span class='ocrx_word' id='word_1_135' title='bbox 709 1789 891 1874; x_wconf 79' lang='grc' dir='ltr'>σύγγραμμα.</span> <span class='ocrx_word' id='word_1_136' title='bbox 934 1794 1032 1872; x_wconf 84' lang='lat' dir='ltr'><strong>atque</strong></span> <span class='ocrx_word' id='word_1_137' title='bbox 1056 1787 1186 1853; x_wconf 85' lang='lat' dir='ltr'><strong>omuino</strong></span> <span class='ocrx_word' id='word_1_138' title='bbox 1209 1785 1342 1852; x_wconf 82' lang='lat' dir='ltr'><strong>vacillet</strong></span> <span class='ocrx_word' id='word_1_139' title='bbox 1364 1805 1459 1851; x_wconf 87' lang='lat' dir='ltr'><strong>omne</strong></span> <span class='ocrx_word' id='word_1_140' title='bbox 1480 1783 1514 1850; x_wconf 86' lang='lat' dir='ltr'><strong>in</strong></span> 
     </span>
     <span class='ocr_line' id='line_1_15' title="bbox 152 1886 1515 1975; baseline -0.003 -19"><span class='ocrx_word' id='word_1_141' title='bbox 152 1896 248 1956; x_wconf 88' lang='lat' dir='ltr'><strong>tanta</strong></span> <span class='ocrx_word' id='word_1_142' title='bbox 267 1889 419 1958; x_wconf 72' lang='lat' dir='ltr'><strong>fallaciae</strong></span> <span class='ocrx_word' id='word_1_143' title='bbox 441 1889 663 1956; x_wconf 89' lang='lat' dir='ltr'><strong>coniuratione</strong></span> <span class='ocrx_word' id='word_1_144' title='bbox 684 1890 856 1958; x_wconf 76' lang='lat' dir='ltr'><strong>discrimen</strong></span> <span class='ocrx_word' id='word_1_145' title='bbox 877 1910 983 1975; x_wconf 89' lang='lat' dir='ltr'><strong>neque</strong></span> <span class='ocrx_word' id='word_1_146' title='bbox 1003 1890 1074 1974; x_wconf 92' lang='lat' dir='ltr'><strong>quis</strong></span> <span class='ocrx_word' id='word_1_147' title='bbox 1092 1888 1195 1955; x_wconf 88' lang='lat' dir='ltr'><strong>falsus</strong></span> <span class='ocrx_word' id='word_1_148' title='bbox 1215 1889 1257 1954; x_wconf 91' lang='lat' dir='ltr'><strong>sit</strong></span> <span class='ocrx_word' id='word_1_149' title='bbox 1279 1888 1350 1972; x_wconf 89' lang='lat' dir='ltr'><strong>quis</strong></span> <span class='ocrx_word' id='word_1_150' title='bbox 1364 1886 1515 1955; x_wconf 77' lang='lat' dir='ltr'><strong>fefellerit</strong></span> 
     </span>
     <span class='ocr_line' id='line_1_16' title="bbox 150 1989 1514 2078; baseline -0.001 -21"><span class='ocrx_word' id='word_1_151' title='bbox 150 1993 235 2078; x_wconf 83' lang='lat' dir='ltr'><strong>ipse,</strong></span> <span class='ocrx_word' id='word_1_152' title='bbox 250 1991 347 2060; x_wconf 88' lang='lat' dir='ltr'><strong>facile</strong></span> <span class='ocrx_word' id='word_1_153' title='bbox 361 1991 478 2076; x_wconf 89' lang='lat' dir='ltr'><strong>aliquis</strong></span> <span class='ocrx_word' id='word_1_154' title='bbox 493 1989 619 2058; x_wconf 81' lang='lat' dir='ltr'><strong>dixerit.</strong></span> <span class='ocrx_word' id='word_1_155' title='bbox 643 1991 742 2076; x_wconf 77' lang='lat' dir='ltr'><strong>quid?</strong></span> <span class='ocrx_word' id='word_1_156' title='bbox 762 1993 966 2060; x_wconf 85' lang='lat' dir='ltr'><strong>Aristobnlus</strong></span> <span class='ocrx_word' id='word_1_157' title='bbox 981 1992 1210 2060; x_wconf 89' lang='lat' dir='ltr'><strong>Philometoris</strong></span> <span class='ocrx_word' id='word_1_158' title='bbox 1223 1989 1403 2076; x_wconf 82' lang='lat' dir='ltr'><strong>familiaris,</strong></span> <span class='ocrx_word' id='word_1_159' title='bbox 1418 2009 1514 2074; x_wconf 89' lang='lat' dir='ltr'><strong>quem</strong></span> 
     </span>
     <span class='ocr_line' id='line_1_17' title="bbox 152 2092 1512 2181; baseline -0.001 -20"><span class='ocrx_word' id='word_1_160' title='bbox 152 2095 324 2179; x_wconf 83' lang='lat' dir='ltr'><strong>exemplar</strong></span> <span class='ocrx_word' id='word_1_161' title='bbox 344 2092 439 2159; x_wconf 86' lang='lat' dir='ltr'><strong>istius</strong></span> <span class='ocrx_word' id='word_1_162' title='bbox 459 2097 570 2160; x_wconf 86' lang='lat' dir='ltr'><strong>sectae</strong></span> <span class='ocrx_word' id='word_1_163' title='bbox 592 2094 841 2181; x_wconf 84' lang='lat' dir='ltr'><strong>credideramus,</strong></span> <span class='ocrx_word' id='word_1_164' title='bbox 864 2097 1001 2180; x_wconf 80' lang='lat' dir='ltr'><strong>turpiter</strong></span> <span class='ocrx_word' id='word_1_165' title='bbox 1022 2097 1093 2180; x_wconf 92' lang='lat' dir='ltr'><strong>ipse</strong></span> <span class='ocrx_word' id='word_1_166' title='bbox 1114 2095 1270 2178; x_wconf 86' lang='lat' dir='ltr'><strong>deeeptus</strong></span> <span class='ocrx_word' id='word_1_167' title='bbox 1292 2101 1351 2178; x_wconf 86' lang='lat' dir='ltr'><strong>est,</strong></span> <span class='ocrx_word' id='word_1_168' title='bbox 1373 2093 1512 2160; x_wconf 90' lang='lat' dir='ltr'><strong>simodo</strong></span> 
     </span>
     <span class='ocr_line' id='line_1_18' title="bbox 151 2195 1512 2284; baseline -0.001 -21"><span class='ocrx_word' id='word_1_169' title='bbox 151 2195 399 2263; x_wconf 68' lang='lat' dir='ltr'><strong>Frendeuthalii</strong></span> <span class='ocrx_word' id='word_1_170' title='bbox 414 2195 628 2280; x_wconf 86' lang='lat' dir='ltr'><strong>patrocinium</strong></span> <span class='ocrx_word' id='word_1_171' title='bbox 644 2195 739 2284; x_wconf 91' lang='lat' dir='ltr'><strong>[Hell.</strong></span> <span class='ocrx_word' id='word_1_172' title='bbox 756 2198 847 2264; x_wconf 85' lang='lat' dir='ltr'><strong>Stud.</strong></span> <span class='ocrx_word' id='word_1_173' title='bbox 863 2219 894 2283; x_wconf 91' lang='lat' dir='ltr'><strong>p.</strong></span> <span class='ocrx_word' id='word_1_174' title='bbox 908 2199 984 2281; x_wconf 90' lang='grc'><strong>167]</strong></span> <span class='ocrx_word' id='word_1_175' title='bbox 1006 2204 1094 2264; x_wconf 87' lang='lat' dir='ltr'><strong>recto</strong></span> <span class='ocrx_word' id='word_1_176' title='bbox 1109 2198 1177 2264; x_wconf 89' lang='lat' dir='ltr'><strong>talo</strong></span> <span class='ocrx_word' id='word_1_177' title='bbox 1193 2203 1280 2264; x_wconf 86' lang='lat' dir='ltr'><strong>stare</strong></span> <span class='ocrx_word' id='word_1_178' title='bbox 1297 2195 1512 2262; x_wconf 88' lang='lat' dir='ltr'><strong>concedimus.</strong></span> 
     </span>
     <span class='ocr_line' id='line_1_19' title="bbox 151 2297 1513 2386; baseline 0.002 -23"><span class='ocrx_word' id='word_1_179' title='bbox 151 2297 365 2382; x_wconf 85' lang='lat' dir='ltr'><strong>Hermippum</strong></span> <span class='ocrx_word' id='word_1_180' title='bbox 387 2305 495 2365; x_wconf 88' lang='lat' dir='ltr'><strong>autem</strong></span> <span class='ocrx_word' id='word_1_181' title='bbox 517 2319 583 2365; x_wconf 92' lang='lat' dir='ltr'><strong>uon</strong></span> <span class='ocrx_word' id='word_1_182' title='bbox 605 2299 669 2366; x_wconf 89' lang='lat' dir='ltr'><strong>cito</strong></span> <span class='ocrx_word' id='word_1_183' title='bbox 691 2300 850 2386; x_wconf 83' lang='lat' dir='ltr'><strong>quispiam</strong></span> <span class='ocrx_word' id='word_1_184' title='bbox 876 2301 1027 2368; x_wconf 86' lang='lat' dir='ltr'><strong>fallaciae</strong></span> <span class='ocrx_word' id='word_1_185' title='bbox 1054 2300 1226 2385; x_wconf 86' lang='lat' dir='ltr'><strong>accusarit,</strong></span> <span class='ocrx_word' id='word_1_186' title='bbox 1254 2299 1307 2383; x_wconf 93' lang='lat' dir='ltr'><strong>qui</strong></span> <span class='ocrx_word' id='word_1_187' title='bbox 1330 2299 1513 2366; x_wconf 79' lang='lat' dir='ltr'><strong>Aristotelis</strong></span> 
     </span>
     <span class='ocr_line' id='line_1_20' title="bbox 151 2399 1513 2486; baseline 0.001 -20"><span class='ocrx_word' id='word_1_188' title='bbox 151 2399 435 2484; x_wconf 78' lang='lat' dir='ltr'><strong>Theophrastique</strong></span> <span class='ocrx_word' id='word_1_189' title='bbox 446 2400 570 2468; x_wconf 88' lang='lat' dir='ltr'><strong>indices</strong></span> <span class='ocrx_word' id='word_1_190' title='bbox 581 2421 653 2468; x_wconf 90' lang='lat' dir='ltr'><strong>cum</strong></span> <span class='ocrx_word' id='word_1_191' title='bbox 664 2402 741 2468; x_wconf 81' lang='lat' dir='ltr'><strong>vitis</strong></span> <span class='ocrx_word' id='word_1_192' title='bbox 752 2403 925 2486; x_wconf 84' lang='lat' dir='ltr'><strong>diligenter</strong></span> <span class='ocrx_word' id='word_1_193' title='bbox 938 2409 1109 2486; x_wconf 85' lang='lat' dir='ltr'><strong>excerptos</strong></span> <span class='ocrx_word' id='word_1_194' title='bbox 1120 2403 1163 2470; x_wconf 90' lang='lat' dir='ltr'><strong>ab</strong></span> <span class='ocrx_word' id='word_1_195' title='bbox 1174 2402 1230 2469; x_wconf 91' lang='lat' dir='ltr'><strong>illo</strong></span> <span class='ocrx_word' id='word_1_196' title='bbox 1246 2423 1319 2470; x_wconf 86' lang='lat' dir='ltr'><strong>esse</strong></span> <span class='ocrx_word' id='word_1_197' title='bbox 1333 2403 1513 2470; x_wconf 87' lang='lat' dir='ltr'><strong>meminerit</strong></span> 
     </span>
     <span class='ocr_line' id='line_1_21' title="bbox 150 2501 1512 2590; baseline 0.002 -23"><span class='ocrx_word' id='word_1_198' title='bbox 150 2501 206 2586; x_wconf 90' lang='lat' dir='ltr'><strong>[ef.</strong></span> <span class='ocrx_word' id='word_1_199' title='bbox 222 2502 349 2570; x_wconf 86' lang='lat' dir='ltr'><strong>Usener</strong></span> <span class='ocrx_word' id='word_1_200' title='bbox 368 2502 463 2568; x_wconf 87' lang='lat' dir='ltr'><strong>Aual.</strong></span> <span class='ocrx_word' id='word_1_201' title='bbox 480 2503 642 2588; x_wconf 87' lang='lat' dir='ltr'><strong>Theophr.</strong></span> <span class='ocrx_word' id='word_1_202' title='bbox 666 2527 697 2590; x_wconf 93' lang='lat' dir='ltr'><strong>p.</strong></span> <span class='ocrx_word' id='word_1_203' title='bbox 714 2507 778 2589; x_wconf 82' lang='grc'><strong>24].</strong></span> <span class='ocrx_word' id='word_1_204' title='bbox 813 2505 847 2570; x_wconf 94' lang='lat' dir='ltr'><strong>in</strong></span> <span class='ocrx_word' id='word_1_205' title='bbox 869 2505 943 2570; x_wconf 91' lang='lat' dir='ltr'><strong>illos</strong></span> <span class='ocrx_word' id='word_1_206' title='bbox 964 2504 1060 2588; x_wconf 78' lang='lat' dir='ltr'><strong>igitur</strong></span> <span class='ocrx_word' id='word_1_207' title='bbox 1075 2505 1183 2589; x_wconf 86' lang='lat' dir='ltr'><strong>potius</strong></span> <span class='ocrx_word' id='word_1_208' title='bbox 1197 2505 1416 2572; x_wconf 88' lang='lat' dir='ltr'><strong>Heracliteum</strong></span> <span class='ocrx_word' id='word_1_209' title='bbox 1431 2504 1512 2570; x_wconf 90' lang='lat' dir='ltr'><strong>illud</strong></span> 
     </span>
     <span class='ocr_line' id='line_1_22' title="bbox 149 2605 1510 2692; baseline 0.002 -21"><span class='ocrx_word' id='word_1_210' title='bbox 149 2605 240 2671; x_wconf 85' lang='lat' dir='ltr'><strong>cadit</strong></span> <span class='ocrx_word' id='word_1_211' title='bbox 259 2605 429 2689; x_wconf 77' lang='lat' dir='ltr'><strong>rclepatis&#39;q</strong></span> <span class='ocrx_word' id='word_1_212' title='bbox 452 2607 518 2670; x_wconf 84' lang='grc' dir='ltr'>νόον</span> <span class='ocrx_word' id='word_1_213' title='bbox 541 2607 575 2672; x_wconf 81' lang='grc' dir='ltr'><strong>οὐ</strong></span> <span class='ocrx_word' id='word_1_214' title='bbox 598 2609 737 2673; x_wconf 79' lang='grc' dir='ltr'>διδάσκει.</span> <span class='ocrx_word' id='word_1_215' title='bbox 770 2607 966 2692; x_wconf 86' lang='lat' dir='ltr'><strong>Hermippus</strong></span> <span class='ocrx_word' id='word_1_216' title='bbox 987 2605 1127 2692; x_wconf 84' lang='lat' dir='ltr'><strong>quidem,</strong></span> <span class='ocrx_word' id='word_1_217' title='bbox 1151 2607 1178 2674; x_wconf 89' lang='lat' dir='ltr'><strong>si</strong></span> <span class='ocrx_word' id='word_1_218' title='bbox 1201 2607 1340 2672; x_wconf 89' lang='lat' dir='ltr'><strong>Plinium</strong></span> <span class='ocrx_word' id='word_1_219' title='bbox 1361 2607 1455 2674; x_wconf 90' lang='lat' dir='ltr'><strong>audis</strong></span> <span class='ocrx_word' id='word_1_220' title='bbox 1470 2608 1510 2674; x_wconf 91' lang='lat' dir='ltr'><strong>H.</strong></span> 
     </span>
     <span class='ocr_line' id='line_1_23' title="bbox 147 2707 1510 2796; baseline 0.002 -23"><span class='ocrx_word' id='word_1_221' title='bbox 147 2707 191 2774; x_wconf 85' lang='lat' dir='ltr'><strong>N.</strong></span> <span class='ocrx_word' id='word_1_222' title='bbox 206 2707 304 2774; x_wconf 87' lang='lat' dir='ltr'><strong>XXX</strong></span> <span class='ocrx_word' id='word_1_223' title='bbox 317 2711 348 2794; x_wconf 85' lang='lat'><strong>4,</strong></span> <span class='ocrx_word' id='word_1_224' title='bbox 365 2709 403 2772; x_wconf 81' lang='lat' dir='ltr'><strong>de</strong></span> <span class='ocrx_word' id='word_1_225' title='bbox 417 2719 482 2772; x_wconf 79' lang='lat' dir='ltr'><strong>lora</strong></span> <span class='ocrx_word' id='word_1_226' title='bbox 494 2721 561 2774; x_wconf 79' lang='lat' dir='ltr'><strong>erre</strong></span> <span class='ocrx_word' id='word_1_227' title='bbox 575 2731 614 2774; x_wconf 86' lang='lat' dir='ltr'><strong>eo</strong></span> <span class='ocrx_word' id='word_1_228' title='bbox 629 2708 767 2796; x_wconf 82' lang='lat' dir='ltr'><strong>[magica</strong></span> <span class='ocrx_word' id='word_1_229' title='bbox 782 2711 822 2777; x_wconf 87' lang='lat' dir='ltr'><strong>cf.</strong></span> <span class='ocrx_word' id='word_1_230' title='bbox 837 2711 945 2777; x_wconf 89' lang='lat' dir='ltr'><strong>Laert.</strong></span> <span class='ocrx_word' id='word_1_231' title='bbox 961 2711 978 2775; x_wconf 97' lang='lat' dir='ltr'>I</span> <span class='ocrx_word' id='word_1_232' title='bbox 999 2729 1140 2794; x_wconf 91' lang='lat' dir='ltr'><strong>prooem.</strong></span> <span class='ocrx_word' id='word_1_233' title='bbox 1157 2712 1178 2776; x_wconf 88' lang='grc'>8</span> <span class='ocrx_word' id='word_1_234' title='bbox 1194 2707 1363 2795; x_wconf 80' lang='grc' dir='ltr'>Ἕρμιππος</span> <span class='ocrx_word' id='word_1_235' title='bbox 1379 2711 1409 2776; x_wconf 78' lang='grc' dir='ltr'><strong>ἐν</strong></span> <span class='ocrx_word' id='word_1_236' title='bbox 1424 2715 1467 2796; x_wconf 79' lang='grc' dir='ltr'><strong>τῷ</strong></span> <span class='ocrx_word' id='word_1_237' title='bbox 1484 2714 1510 2776; x_wconf 72' lang='grc' dir='ltr'>α</span> 
     </span>
     <span class='ocr_line' id='line_1_24' title="bbox 149 2810 1510 2900; baseline 0.005 -27"><span class='ocrx_word' id='word_1_238' title='bbox 149 2813 217 2896; x_wconf 82' lang='grc' dir='ltr'>περὶ</span> <span class='ocrx_word' id='word_1_239' title='bbox 234 2813 344 2896; x_wconf 78' lang='grc' dir='ltr'>μάγον,</span> <span class='ocrx_word' id='word_1_240' title='bbox 366 2811 487 2878; x_wconf 84' lang='lat' dir='ltr'><strong>Arnob.</strong></span> <span class='ocrx_word' id='word_1_241' title='bbox 502 2813 584 2897; x_wconf 78' lang='grc'><strong>152,</strong></span> <span class='ocrx_word' id='word_1_242' title='bbox 603 2813 721 2879; x_wconf 85' lang='lat' dir='ltr'><strong>Athen.</strong></span> <span class='ocrx_word' id='word_1_243' title='bbox 733 2813 781 2879; x_wconf 90' lang='lat' dir='ltr'><strong>Xl</strong></span> <span class='ocrx_word' id='word_1_244' title='bbox 796 2835 828 2898; x_wconf 92' lang='lat' dir='ltr'><strong>p.</strong></span> <span class='ocrx_word' id='word_1_245' title='bbox 840 2810 941 2900; x_wconf 77' lang='grc'><strong>4781]</strong></span> <span class='ocrx_word' id='word_1_246' title='bbox 964 2814 1196 2896; x_wconf 77' lang='lat' dir='ltr'><strong>diliqcntisss&#39;mc</strong></span> <span class='ocrx_word' id='word_1_247' title='bbox 1210 2817 1337 2896; x_wconf 81' lang='lat' dir='ltr'><strong>scripsit</strong></span> <span class='ocrx_word' id='word_1_248' title='bbox 1351 2823 1380 2878; x_wconf 85' lang='lat' dir='ltr'><strong>et</strong></span> <span class='ocrx_word' id='word_1_249' title='bbox 1394 2817 1510 2880; x_wconf 75' lang='grc' dir='ltr'>οἰοόοιιυ</span> 
     </span>
     <span class='ocr_line' id='line_1_25' title="bbox 148 2915 1509 3000; baseline 0.004 -22"><span class='ocrx_word' id='word_1_250' title='bbox 148 2923 271 2978; x_wconf 73' lang='lat' dir='ltr'><strong>melers</strong></span> <span class='ocrx_word' id='word_1_251' title='bbox 285 2917 373 2980; x_wconf 78' lang='lat' dir='ltr'><strong>milia</strong></span> <span class='ocrx_word' id='word_1_252' title='bbox 386 2936 529 2980; x_wconf 66' lang='lat' dir='ltr'><strong>ceruam</strong></span> <span class='ocrx_word' id='word_1_253' title='bbox 544 2935 565 2979; x_wconf 90' lang='grc' dir='ltr'>ο</span> <span class='ocrx_word' id='word_1_254' title='bbox 579 2917 750 2982; x_wconf 78' lang='lat' dir='ltr'><strong>Zoroastre</strong></span> <span class='ocrx_word' id='word_1_255' title='bbox 772 2917 899 2982; x_wconf 77' lang='lat' dir='ltr'><strong>condita</strong></span> <span class='ocrx_word' id='word_1_256' title='bbox 920 2915 1074 2980; x_wconf 80' lang='lat' dir='ltr'><strong>indicibus</strong></span> <span class='ocrx_word' id='word_1_257' title='bbox 1098 2937 1217 3000; x_wconf 81' lang='lat' dir='ltr'><strong>quoque</strong></span> <span class='ocrx_word' id='word_1_258' title='bbox 1237 2919 1426 2982; x_wconf 78' lang='lat' dir='ltr'><strong>uoluminum</strong></span> <span class='ocrx_word' id='word_1_259' title='bbox 1442 2921 1509 2984; x_wconf 80' lang='lat' dir='ltr'><strong>etas</strong></span> 
     </span>
     <span class='ocr_line' id='line_1_26' title="bbox 146 3015 1511 3106; baseline 0.003 -24"><span class='ocrx_word' id='word_1_260' title='bbox 146 3021 262 3100; x_wconf 77' lang='lat' dir='ltr'><strong>positia</strong></span> <span class='ocrx_word' id='word_1_261' title='bbox 283 3021 454 3101; x_wconf 71' lang='lat' dir='ltr'><strong>explicavit</strong></span> <span class='ocrx_word' id='word_1_262' title='bbox 475 3017 525 3106; x_wconf 87' lang='lat' dir='ltr'><strong>[cf.</strong></span> <span class='ocrx_word' id='word_1_263' title='bbox 548 3020 677 3105; x_wconf 90' lang='lat' dir='ltr'><strong>Roeper</strong></span> <span class='ocrx_word' id='word_1_264' title='bbox 699 3019 816 3086; x_wconf 91' lang='lat' dir='ltr'><strong>Philol.</strong></span> <span class='ocrx_word' id='word_1_265' title='bbox 832 3019 929 3084; x_wconf 85' lang='lat' dir='ltr'><strong>XXX</strong></span> <span class='ocrx_word' id='word_1_266' title='bbox 948 3015 1033 3103; x_wconf 82' lang='grc'><strong>559]</strong></span> <span class='ocrx_word' id='word_1_267' title='bbox 1056 3017 1148 3086; x_wconf 82' lang='lat' dir='ltr'><strong>vides</strong></span> <span class='ocrx_word' id='word_1_268' title='bbox 1170 3019 1404 3105; x_wconf 84' lang='lat' dir='ltr'><strong>pinaeographi</strong></span> <span class='ocrx_word' id='word_1_269' title='bbox 1419 3040 1511 3088; x_wconf 87' lang='lat' dir='ltr'><strong>aecu-</strong></span> 
     </span>
     <span class='ocr_line' id='line_1_27' title="bbox 147 3121 1511 3208; baseline 0.004 -22"><span class='ocrx_word' id='word_1_270' title='bbox 147 3121 310 3188; x_wconf 90' lang='lat' dir='ltr'><strong>ratiouem</strong></span> <span class='ocrx_word' id='word_1_271' title='bbox 325 3121 576 3207; x_wconf 88' lang='lat' dir='ltr'><strong>turpississimae</strong></span> <span class='ocrx_word' id='word_1_272' title='bbox 591 3121 812 3208; x_wconf 89' lang='lat' dir='ltr'><strong>superstitioni</strong></span> <span class='ocrx_word' id='word_1_273' title='bbox 826 3121 835 3152; x_wconf 89' lang='lat'>¹</span> <span class='ocrx_word' id='word_1_274' title='bbox 858 3121 1071 3206; x_wconf 86' lang='lat' dir='ltr'><strong>coniunctam,</strong></span> <span class='ocrx_word' id='word_1_275' title='bbox 1087 3123 1174 3190; x_wconf 89' lang='lat' dir='ltr'><strong>unde</strong></span> <span class='ocrx_word' id='word_1_276' title='bbox 1188 3123 1345 3207; x_wconf 88' lang='lat' dir='ltr'><strong>reliquam</strong></span> <span class='ocrx_word' id='word_1_277' title='bbox 1361 3123 1430 3190; x_wconf 88' lang='lat' dir='ltr'><strong>eius</strong></span> <span class='ocrx_word' id='word_1_278' title='bbox 1445 3143 1511 3192; x_wconf 84' lang='lat' dir='ltr'><strong>ere</strong></span> 
     </span>
     <span class='ocr_line' id='line_1_28' title="bbox 147 3223 1510 3311; baseline 0.004 -24"><span class='ocrx_word' id='word_1_279' title='bbox 147 3223 320 3290; x_wconf 89' lang='lat' dir='ltr'><strong>dulitatem</strong></span> <span class='ocrx_word' id='word_1_280' title='bbox 335 3231 369 3292; x_wconf 89' lang='lat' dir='ltr'><strong>et</strong></span> <span class='ocrx_word' id='word_1_281' title='bbox 383 3225 579 3310; x_wconf 84' lang='lat' dir='ltr'><strong>explicatam</strong></span> <span class='ocrx_word' id='word_1_282' title='bbox 595 3226 693 3293; x_wconf 84' lang='lat' dir='ltr'><strong>velim</strong></span> <span class='ocrx_word' id='word_1_283' title='bbox 716 3233 750 3292; x_wconf 91' lang='lat' dir='ltr'><strong>et</strong></span> <span class='ocrx_word' id='word_1_284' title='bbox 772 3230 971 3291; x_wconf 83' lang='lat' dir='ltr'><strong>excusatam.</strong></span> <span class='ocrx_word' id='word_1_285' title='bbox 1005 3223 1064 3290; x_wconf 90' lang='lat' dir='ltr'><strong>sed</strong></span> <span class='ocrx_word' id='word_1_286' title='bbox 1078 3224 1120 3292; x_wconf 91' lang='lat' dir='ltr'><strong>de</strong></span> <span class='ocrx_word' id='word_1_287' title='bbox 1135 3225 1312 3311; x_wconf 89' lang='lat' dir='ltr'><strong>Hermippo</strong></span> <span class='ocrx_word' id='word_1_288' title='bbox 1328 3226 1510 3293; x_wconf 91' lang='lat' dir='ltr'><strong>accuratius</strong></span> 
     </span>
     <span class='ocr_line' id='line_1_29' title="bbox 147 3327 977 3414; baseline 0 -20"><span class='ocrx_word' id='word_1_289' title='bbox 147 3327 211 3394; x_wconf 87' lang='lat' dir='ltr'><strong>erit</strong></span> <span class='ocrx_word' id='word_1_290' title='bbox 232 3328 316 3394; x_wconf 85' lang='lat' dir='ltr'><strong>alias</strong></span> <span class='ocrx_word' id='word_1_291' title='bbox 337 3327 579 3414; x_wconf 87' lang='lat' dir='ltr'><strong>disputandum.</strong></span> <span class='ocrx_word' id='word_1_292' title='bbox 622 3328 764 3396; x_wconf 85' lang='lat' dir='ltr'><strong>inviam</strong></span> <span class='ocrx_word' id='word_1_293' title='bbox 789 3328 899 3395; x_wconf 91' lang='lat' dir='ltr'><strong>redeo.</strong></span> <span class='ocrx_word' id='word_1_294' title='bbox 973 3389 977 3394; x_wconf 88' lang='lat'><strong>.</strong></span> 
     </span>
    </p>

    <p class='ocr_par' dir='ltr' id='par_1_4' title="bbox 146 3429 1512 4132">
     <span class='ocr_line' id='line_1_30' title="bbox 235 3429 1510 3516; baseline 0.002 -21"><span class='ocrx_word' id='word_1_295' title='bbox 235 3429 426 3497; x_wconf 75' lang='lat' dir='ltr'><strong>Heraclides</strong></span> <span class='ocrx_word' id='word_1_296' title='bbox 448 3431 546 3515; x_wconf 83' lang='lat' dir='ltr'><strong>igitur</strong></span> <span class='ocrx_word' id='word_1_297' title='bbox 568 3431 603 3497; x_wconf 91' lang='lat' dir='ltr'><strong>in</strong></span> <span class='ocrx_word' id='word_1_298' title='bbox 624 3429 739 3515; x_wconf 77' lang='lat' dir='ltr'><strong>viginti</strong></span> <span class='ocrx_word' id='word_1_299' title='bbox 760 3429 951 3512; x_wconf 81' lang='lat' dir='ltr'><strong>fragmentis</strong></span> <span class='ocrx_word' id='word_1_300' title='bbox 966 3433 1015 3494; x_wconf 88' lang='lat' dir='ltr'><strong>ter</strong></span> <span class='ocrx_word' id='word_1_301' title='bbox 1029 3429 1239 3514; x_wconf 82' lang='lat' dir='ltr'><strong>Pythagorea</strong></span> <span class='ocrx_word' id='word_1_302' title='bbox 1253 3430 1384 3515; x_wconf 77' lang='lat' dir='ltr'><strong>tetigit·</strong></span> <span class='ocrx_word' id='word_1_303' title='bbox 1405 3451 1510 3516; x_wconf 87' lang='lat' dir='ltr'><strong>nequo</strong></span> 
     </span>
     <span class='ocr_line' id='line_1_31' title="bbox 147 3531 1511 3620; baseline 0.001 -21"><span class='ocrx_word' id='word_1_304' title='bbox 147 3531 327 3617; x_wconf 86' lang='lat' dir='ltr'><strong>praecipuo</strong></span> <span class='ocrx_word' id='word_1_305' title='bbox 348 3533 477 3600; x_wconf 90' lang='lat' dir='ltr'><strong>illorum</strong></span> <span class='ocrx_word' id='word_1_306' title='bbox 500 3533 608 3600; x_wconf 91' lang='lat' dir='ltr'><strong>studio</strong></span> <span class='ocrx_word' id='word_1_307' title='bbox 631 3533 824 3618; x_wconf 89' lang='lat' dir='ltr'><strong>conspicuus</strong></span> <span class='ocrx_word' id='word_1_308' title='bbox 847 3538 905 3599; x_wconf 88' lang='lat' dir='ltr'><strong>est.</strong></span> <span class='ocrx_word' id='word_1_309' title='bbox 934 3537 970 3596; x_wconf 91' lang='lat' dir='ltr'><strong>ut</strong></span> <span class='ocrx_word' id='word_1_310' title='bbox 991 3551 1033 3598; x_wconf 89' lang='lat' dir='ltr'><strong>ne</strong></span> <span class='ocrx_word' id='word_1_311' title='bbox 1054 3531 1131 3598; x_wconf 89' lang='lat' dir='ltr'><strong>hine</strong></span> <span class='ocrx_word' id='word_1_312' title='bbox 1153 3532 1293 3617; x_wconf 87' lang='lat' dir='ltr'><strong>quidem,</strong></span> <span class='ocrx_word' id='word_1_313' title='bbox 1316 3553 1371 3599; x_wconf 92' lang='lat' dir='ltr'><strong>eur</strong></span> <span class='ocrx_word' id='word_1_314' title='bbox 1391 3534 1511 3620; x_wconf 90' lang='lat' dir='ltr'><strong>Pytha-</strong></span> 
     </span>
     <span class='ocr_line' id='line_1_32' title="bbox 146 3633 1509 3724; baseline 0.006 -26"><span class='ocrx_word' id='word_1_315' title='bbox 146 3633 342 3716; x_wconf 81' lang='lat' dir='ltr'><strong>thagoreum</strong></span> <span class='ocrx_word' id='word_1_316' title='bbox 356 3635 574 3702; x_wconf 83' lang='lat' dir='ltr'><strong>nominaverit</strong></span> <span class='ocrx_word' id='word_1_317' title='bbox 589 3637 749 3722; x_wconf 89' lang='lat' dir='ltr'><strong>Ioseppus</strong></span> <span class='ocrx_word' id='word_1_318' title='bbox 765 3640 887 3721; x_wconf 89' lang='lat' dir='ltr'><strong>pateat.</strong></span> <span class='ocrx_word' id='word_1_319' title='bbox 914 3652 1014 3718; x_wconf 87' lang='lat' dir='ltr'><strong>quare</strong></span> <span class='ocrx_word' id='word_1_320' title='bbox 1035 3633 1155 3700; x_wconf 85' lang='lat' dir='ltr'><strong>frustra</strong></span> <span class='ocrx_word' id='word_1_321' title='bbox 1169 3634 1322 3702; x_wconf 86' lang='lat' dir='ltr'><strong>Rohdeus</strong></span> <span class='ocrx_word' id='word_1_322' title='bbox 1345 3635 1402 3724; x_wconf 86' lang='lat' dir='ltr'><strong>[gr.</strong></span> <span class='ocrx_word' id='word_1_323' title='bbox 1417 3638 1509 3706; x_wconf 87' lang='lat' dir='ltr'><strong>Rom.</strong></span> 
     </span>
     <span class='ocr_line' id='line_1_33' title="bbox 146 3735 1511 3825; baseline 0.004 -22"><span class='ocrx_word' id='word_1_324' title='bbox 146 3758 180 3822; x_wconf 90' lang='lat' dir='ltr'><strong>p.</strong></span> <span class='ocrx_word' id='word_1_325' title='bbox 197 3738 259 3803; x_wconf 76' lang='grc'><strong>257</strong></span> <span class='ocrx_word' id='word_1_326' title='bbox 273 3735 293 3824; x_wconf 95' lang='grc' dir='ltr'><strong>Ι]</strong></span> <span class='ocrx_word' id='word_1_327' title='bbox 320 3737 401 3824; x_wconf 84' lang='lat' dir='ltr'><strong>Lyci</strong></span> <span class='ocrx_word' id='word_1_328' title='bbox 424 3738 476 3804; x_wconf 79' lang='lat' dir='ltr'><strong>vel</strong></span> <span class='ocrx_word' id='word_1_329' title='bbox 502 3738 643 3824; x_wconf 87' lang='lat' dir='ltr'><strong>Lyconis</strong></span> <span class='ocrx_word' id='word_1_330' title='bbox 668 3738 812 3806; x_wconf 85' lang='lat' dir='ltr'><strong>Iasensis</strong></span> <span class='ocrx_word' id='word_1_331' title='bbox 838 3737 1034 3805; x_wconf 90' lang='lat' dir='ltr'><strong>mentionem</strong></span> <span class='ocrx_word' id='word_1_332' title='bbox 1055 3735 1166 3804; x_wconf 90' lang='lat' dir='ltr'><strong>iniecit</strong></span> <span class='ocrx_word' id='word_1_333' title='bbox 1200 3737 1254 3821; x_wconf 88' lang='lat' dir='ltr'><strong>qui</strong></span> <span class='ocrx_word' id='word_1_334' title='bbox 1285 3739 1511 3825; x_wconf 78' lang='lat' dir='ltr'><strong>Pythagoreus</strong></span> 
     </span>
     <span class='ocr_line' id='line_1_34' title="bbox 146 3837 1510 3927; baseline 0.002 -22"><span class='ocrx_word' id='word_1_335' title='bbox 146 3839 335 3906; x_wconf 89' lang='lat' dir='ltr'><strong>nominatur</strong></span> <span class='ocrx_word' id='word_1_336' title='bbox 356 3841 537 3924; x_wconf 87' lang='lat' dir='ltr'><strong>librumque</strong></span> <span class='ocrx_word' id='word_1_337' title='bbox 558 3841 601 3908; x_wconf 91' lang='lat' dir='ltr'><strong>de</strong></span> <span class='ocrx_word' id='word_1_338' title='bbox 616 3841 806 3927; x_wconf 78' lang='lat' dir='ltr'><strong>Pythagora</strong></span> <span class='ocrx_word' id='word_1_339' title='bbox 828 3839 1018 3924; x_wconf 88' lang='lat' dir='ltr'><strong>conseripsit</strong></span> <span class='ocrx_word' id='word_1_340' title='bbox 1037 3837 1166 3926; x_wconf 81' lang='lat' dir='ltr'><strong>[Athen.</strong></span> <span class='ocrx_word' id='word_1_341' title='bbox 1181 3842 1213 3907; x_wconf 88' lang='lat' dir='ltr'>X</span> <span class='ocrx_word' id='word_1_342' title='bbox 1227 3842 1316 3908; x_wconf 75' lang='lat' dir='ltr'><strong>sees</strong></span> <span class='ocrx_word' id='word_1_343' title='bbox 1338 3840 1510 3908; x_wconf 77' lang='grc' dir='ltr'><strong>ο1Π47ι</strong></span> 
     </span>
     <span class='ocr_line' id='line_1_35' title="bbox 147 3939 1511 4029; baseline 0.002 -21"><span class='ocrx_word' id='word_1_344' title='bbox 147 3939 239 4029; x_wconf 64' lang='grc'><strong>691]</strong></span> <span class='ocrx_word' id='word_1_345' title='bbox 284 3941 364 4010; x_wconf 90' lang='lat' dir='ltr'><strong>talia</strong></span> <span class='ocrx_word' id='word_1_346' title='bbox 385 3943 483 4026; x_wconf 68' lang='lat' dir='ltr'><strong>igitur</strong></span> <span class='ocrx_word' id='word_1_347' title='bbox 505 3963 570 4009; x_wconf 93' lang='lat' dir='ltr'><strong>non</strong></span> <span class='ocrx_word' id='word_1_348' title='bbox 593 3941 765 4028; x_wconf 88' lang='lat' dir='ltr'><strong>sufficiunt,</strong></span> <span class='ocrx_word' id='word_1_349' title='bbox 787 3949 823 4009; x_wconf 87' lang='lat' dir='ltr'><strong>ut</strong></span> <span class='ocrx_word' id='word_1_350' title='bbox 841 3941 972 4028; x_wconf 90' lang='lat' dir='ltr'><strong>loseppi</strong></span> <span class='ocrx_word' id='word_1_351' title='bbox 995 3941 1183 4010; x_wconf 89' lang='lat' dir='ltr'><strong>memoriam</strong></span> <span class='ocrx_word' id='word_1_352' title='bbox 1199 3942 1285 4009; x_wconf 91' lang='lat' dir='ltr'><strong>omni</strong></span> <span class='ocrx_word' id='word_1_353' title='bbox 1300 3943 1511 4011; x_wconf 88' lang='lat' dir='ltr'><strong>dubitationis</strong></span> 
     </span>
     <span class='ocr_line' id='line_1_36' title="bbox 148 4043 1512 4132; baseline 0.003 -23"><span class='ocrx_word' id='word_1_354' title='bbox 148 4044 246 4110; x_wconf 89' lang='lat' dir='ltr'><strong>aleae</strong></span> <span class='ocrx_word' id='word_1_355' title='bbox 269 4043 422 4112; x_wconf 82' lang='lat' dir='ltr'><strong>eximant.</strong></span> <span class='ocrx_word' id='word_1_356' title='bbox 458 4051 491 4112; x_wconf 91' lang='lat' dir='ltr'><strong>et</strong></span> <span class='ocrx_word' id='word_1_357' title='bbox 513 4051 607 4113; x_wconf 84' lang='lat' dir='ltr'><strong>emat</strong></span> <span class='ocrx_word' id='word_1_358' title='bbox 628 4045 744 4130; x_wconf 88' lang='lat' dir='ltr'><strong>quibus</strong></span> <span class='ocrx_word' id='word_1_359' title='bbox 765 4046 832 4112; x_wconf 89' lang='lat' dir='ltr'><strong>alia</strong></span> <span class='ocrx_word' id='word_1_360' title='bbox 854 4044 1038 4130; x_wconf 83' lang='lat' dir='ltr'><strong>explicandi</strong></span> <span class='ocrx_word' id='word_1_361' title='bbox 1052 4045 1107 4112; x_wconf 89' lang='lat' dir='ltr'><strong>via</strong></span> <span class='ocrx_word' id='word_1_362' title='bbox 1128 4044 1293 4130; x_wconf 76' lang='lat' dir='ltr'><strong>placeat·</strong></span> <span class='ocrx_word' id='word_1_363' title='bbox 1325 4045 1393 4112; x_wconf 90' lang='lat' dir='ltr'><strong>ficri</strong></span> <span class='ocrx_word' id='word_1_364' title='bbox 1414 4067 1512 4132; x_wconf 88' lang='lat' dir='ltr'><strong>posse</strong></span> 
     </span>
    </p>
   </div>
   <div class='ocr_carea' id='block_1_4' title="bbox 146 4217 1510 5080">
    <p class='ocr_par' dir='ltr' id='par_1_5' title="bbox 146 4217 1510 4637">
     <span class='ocr_line' id='line_1_37' title="bbox 221 4217 1510 4284; baseline -0.001 -14"><span class='ocrx_word' id='word_1_365' title='bbox 221 4217 230 4248; x_wconf 87' lang='lat'>¹</span> <span class='ocrx_word' id='word_1_366' title='bbox 254 4235 321 4284; x_wconf 88' lang='lat' dir='ltr'><strong>quae</strong></span> <span class='ocrx_word' id='word_1_367' title='bbox 345 4221 390 4270; x_wconf 85' lang='lat' dir='ltr'><strong>alii</strong></span> <span class='ocrx_word' id='word_1_368' title='bbox 413 4219 446 4271; x_wconf 87' lang='lat' dir='ltr'><strong>de</strong></span> <span class='ocrx_word' id='word_1_369' title='bbox 469 4219 563 4272; x_wconf 86' lang='lat' dir='ltr'><strong>Zarata</strong></span> <span class='ocrx_word' id='word_1_370' title='bbox 580 4221 597 4270; x_wconf 88' lang='lat' dir='ltr'><strong>t.</strong></span> <span class='ocrx_word' id='word_1_371' title='bbox 621 4235 644 4271; x_wconf 87' lang='lat' dir='ltr'><strong>e.</strong></span> <span class='ocrx_word' id='word_1_372' title='bbox 668 4219 804 4270; x_wconf 84' lang='lat' dir='ltr'><strong>Zoroastre</strong></span> <span class='ocrx_word' id='word_1_373' title='bbox 831 4219 979 4271; x_wconf 84' lang='lat' dir='ltr'><strong>fabulantur</strong></span> <span class='ocrx_word' id='word_1_374' title='bbox 1005 4222 1076 4271; x_wconf 84' lang='lat' dir='ltr'><strong>velut</strong></span> <span class='ocrx_word' id='word_1_375' title='bbox 1102 4219 1223 4271; x_wconf 84' lang='lat' dir='ltr'><strong>Xanthus</strong></span> <span class='ocrx_word' id='word_1_376' title='bbox 1245 4227 1398 4284; x_wconf 85' lang='lat' dir='ltr'><strong>personatus</strong></span> <span class='ocrx_word' id='word_1_377' title='bbox 1424 4222 1510 4272; x_wconf 86' lang='lat' dir='ltr'><strong>Laert.</strong></span> 
     </span>
     <span class='ocr_line' id='line_1_38' title="bbox 148 4303 1510 4373; baseline 0.002 -15"><span class='ocrx_word' id='word_1_378' title='bbox 148 4321 265 4373; x_wconf 87' lang='lat' dir='ltr'><strong>prooem.</strong></span> <span class='ocrx_word' id='word_1_379' title='bbox 284 4303 309 4370; x_wconf 70' lang='grc'><strong>0,</strong></span> <span class='ocrx_word' id='word_1_380' title='bbox 328 4308 479 4358; x_wconf 83' lang='lat' dir='ltr'><strong>Alexander</strong></span> <span class='ocrx_word' id='word_1_381' title='bbox 496 4307 646 4373; x_wconf 87' lang='lat' dir='ltr'><strong>Polyhistor</strong></span> <span class='ocrx_word' id='word_1_382' title='bbox 665 4307 698 4372; x_wconf 92' lang='lat'><strong>[1.</strong></span> <span class='ocrx_word' id='word_1_383' title='bbox 717 4307 891 4359; x_wconf 79' lang='lat' dir='ltr'><strong>Freudcnthal</strong></span> <span class='ocrx_word' id='word_1_384' title='bbox 911 4309 978 4360; x_wconf 85' lang='lat' dir='ltr'><strong>Hell.</strong></span> <span class='ocrx_word' id='word_1_385' title='bbox 998 4305 1176 4372; x_wconf 76' lang='lat' dir='ltr'><strong>Stnd.123],</strong></span> <span class='ocrx_word' id='word_1_386' title='bbox 1195 4307 1351 4372; x_wconf 83' lang='lat' dir='ltr'><strong>Hippolytus</strong></span> <span class='ocrx_word' id='word_1_387' title='bbox 1369 4309 1383 4359; x_wconf 96' lang='lat' dir='ltr'>I</span> <span class='ocrx_word' id='word_1_388' title='bbox 1402 4307 1418 4359; x_wconf 78' lang='lat'><strong>2</strong></span> <span class='ocrx_word' id='word_1_389' title='bbox 1436 4318 1459 4358; x_wconf 81' lang='grc' dir='ltr'><strong>ιν</strong></span> <span class='ocrx_word' id='word_1_390' title='bbox 1477 4327 1510 4361; x_wconf 85' lang='lat' dir='ltr'><strong>ex</strong></span> 
     </span>
     <span class='ocr_line' id='line_1_39' title="bbox 147 4393 1510 4461; baseline 0.003 -17"><span class='ocrx_word' id='word_1_391' title='bbox 147 4393 275 4444; x_wconf 85' lang='lat' dir='ltr'><strong>similibus</strong></span> <span class='ocrx_word' id='word_1_392' title='bbox 293 4393 531 4445; x_wconf 81' lang='lat' dir='ltr'><strong>Alexandrinorum</strong></span> <span class='ocrx_word' id='word_1_393' title='bbox 549 4395 639 4446; x_wconf 82' lang='lat' dir='ltr'><strong>smdiis</strong></span> <span class='ocrx_word' id='word_1_394' title='bbox 658 4397 782 4448; x_wconf 85' lang='lat' dir='ltr'><strong>oriuntur.</strong></span> <span class='ocrx_word' id='word_1_395' title='bbox 811 4411 920 4461; x_wconf 87' lang='lat' dir='ltr'><strong>quorum</strong></span> <span class='ocrx_word' id='word_1_396' title='bbox 939 4397 1070 4447; x_wconf 85' lang='lat' dir='ltr'><strong>fraudibus</strong></span> <span class='ocrx_word' id='word_1_397' title='bbox 1088 4396 1212 4461; x_wconf 86' lang='lat' dir='ltr'><strong>plurimas</strong></span> <span class='ocrx_word' id='word_1_398' title='bbox 1229 4397 1276 4445; x_wconf 86' lang='lat' dir='ltr'><strong>uiti</strong></span> <span class='ocrx_word' id='word_1_399' title='bbox 1294 4396 1326 4445; x_wconf 91' lang='lat' dir='ltr'><strong>de</strong></span> <span class='ocrx_word' id='word_1_400' title='bbox 1343 4396 1510 4448; x_wconf 86' lang='lat' dir='ltr'><strong>barbarorum</strong></span> 
     </span>
     <span class='ocr_line' id='line_1_40' title="bbox 146 4479 1510 4550; baseline 0.002 -19"><span class='ocrx_word' id='word_1_401' title='bbox 146 4481 314 4547; x_wconf 87' lang='lat' dir='ltr'><strong>philosophia</strong></span> <span class='ocrx_word' id='word_1_402' title='bbox 335 4483 472 4532; x_wconf 85' lang='lat' dir='ltr'><strong>memorias</strong></span> <span class='ocrx_word' id='word_1_403' title='bbox 496 4482 590 4532; x_wconf 78' lang='lat' dir='ltr'><strong>frustm</strong></span> <span class='ocrx_word' id='word_1_404' title='bbox 607 4489 686 4548; x_wconf 77' lang='lat' dir='ltr'><strong>negat</strong></span> <span class='ocrx_word' id='word_1_405' title='bbox 707 4483 736 4534; x_wconf 83' lang='lat' dir='ltr'><strong>F.</strong></span> <span class='ocrx_word' id='word_1_406' title='bbox 755 4483 877 4535; x_wconf 88' lang='lat' dir='ltr'><strong>Schaefcr</strong></span> <span class='ocrx_word' id='word_1_407' title='bbox 895 4481 960 4550; x_wconf 79' lang='lat' dir='ltr'><strong>quiri</strong></span> <span class='ocrx_word' id='word_1_408' title='bbox 979 4479 1077 4534; x_wconf 68' lang='lat' dir='ltr'><strong>masei</strong></span> <span class='ocrx_word' id='word_1_409' title='bbox 1097 4481 1130 4533; x_wconf 80' lang='lat' dir='ltr'><strong>de</strong></span> <span class='ocrx_word' id='word_1_410' title='bbox 1149 4481 1251 4548; x_wconf 79' lang='lat' dir='ltr'><strong>oriyiae</strong></span> <span class='ocrx_word' id='word_1_411' title='bbox 1265 4479 1333 4550; x_wconf 81' lang='lat' dir='ltr'><strong>phil.</strong></span> <span class='ocrx_word' id='word_1_412' title='bbox 1352 4498 1370 4531; x_wconf 87' lang='grc' dir='ltr'>σ</span> <span class='ocrx_word' id='word_1_413' title='bbox 1387 4481 1510 4534; x_wconf 82' lang='lat' dir='ltr'><strong>barbaris</strong></span> 
     </span>
     <span class='ocr_line' id='line_1_41' title="bbox 147 4566 1386 4637; baseline 0.002 -19"><span class='ocrx_word' id='word_1_414' title='bbox 147 4566 273 4619; x_wconf 68' lang='lat' dir='ltr'><strong>dwendo</strong></span> <span class='ocrx_word' id='word_1_415' title='bbox 289 4567 363 4620; x_wconf 73' lang='lat' dir='ltr'><strong>erist.</strong></span> <span class='ocrx_word' id='word_1_416' title='bbox 391 4569 462 4635; x_wconf 83' lang='lat' dir='ltr'><strong>Lips.</strong></span> <span class='ocrx_word' id='word_1_417' title='bbox 483 4567 549 4622; x_wconf 88' lang='grc'><strong>1877</strong></span> <span class='ocrx_word' id='word_1_418' title='bbox 569 4571 663 4633; x_wconf 89' lang='lat' dir='ltr'><strong>quide</strong></span> <span class='ocrx_word' id='word_1_419' title='bbox 674 4567 781 4636; x_wconf 76' lang='lat' dir='ltr'><strong>fabulis</strong></span> <span class='ocrx_word' id='word_1_420' title='bbox 794 4567 964 4637; x_wconf 80' lang='lat' dir='ltr'><strong>philosophia</strong></span> <span class='ocrx_word' id='word_1_421' title='bbox 983 4586 1043 4621; x_wconf 87' lang='lat' dir='ltr'><strong>vere</strong></span> <span class='ocrx_word' id='word_1_422' title='bbox 1062 4573 1116 4636; x_wconf 88' lang='lat' dir='ltr'><strong>ipse</strong></span> <span class='ocrx_word' id='word_1_423' title='bbox 1135 4571 1231 4621; x_wconf 87' lang='lat' dir='ltr'><strong>iudicat</strong></span> <span class='ocrx_word' id='word_1_424' title='bbox 1249 4587 1274 4635; x_wconf 91' lang='lat' dir='ltr'><strong>p.</strong></span> <span class='ocrx_word' id='word_1_425' title='bbox 1290 4567 1386 4633; x_wconf 84' lang='lat' dir='ltr'><strong>l&#39;lsqq.</strong></span> 
     </span>
    </p>

    <p class='ocr_par' dir='ltr' id='par_1_6' title="bbox 219 4651 1386 4710">
     <span class='ocr_line' id='line_1_42' title="bbox 219 4651 1386 4710; baseline -0.002 -2"><span class='ocrx_word' id='word_1_426' title='bbox 219 4651 232 4686; x_wconf 79' lang='lat'>²</span> <span class='ocrx_word' id='word_1_427' title='bbox 248 4657 393 4708; x_wconf 77' lang='lat' dir='ltr'><strong>Muellerus</strong></span> <span class='ocrx_word' id='word_1_428' title='bbox 411 4657 467 4708; x_wconf 85' lang='lat' dir='ltr'><strong>PH</strong></span> <span class='ocrx_word' id='word_1_429' title='bbox 478 4655 501 4709; x_wconf 82' lang='grc'><strong>0</strong></span> <span class='ocrx_word' id='word_1_430' title='bbox 520 4659 537 4707; x_wconf 93' lang='lat' dir='ltr'><strong>l.</strong></span> <span class='ocrx_word' id='word_1_431' title='bbox 558 4673 580 4708; x_wconf 92' lang='lat' dir='ltr'><strong>c.</strong></span> <span class='ocrx_word' id='word_1_432' title='bbox 598 4659 673 4708; x_wconf 87' lang='lat' dir='ltr'><strong>aliter</strong></span> <span class='ocrx_word' id='word_1_433' title='bbox 692 4665 810 4710; x_wconf 87' lang='lat' dir='ltr'><strong>numerat</strong></span> <span class='ocrx_word' id='word_1_434' title='bbox 828 4665 854 4708; x_wconf 88' lang='lat' dir='ltr'><strong>et</strong></span> <span class='ocrx_word' id='word_1_435' title='bbox 871 4657 922 4709; x_wconf 91' lang='lat' dir='ltr'><strong>duo</strong></span> <span class='ocrx_word' id='word_1_436' title='bbox 941 4659 972 4709; x_wconf 83' lang='lat' dir='ltr'><strong>fr.</strong></span> <span class='ocrx_word' id='word_1_437' title='bbox 992 4659 1077 4709; x_wconf 83' lang='lat' dir='ltr'><strong>emisit</strong></span> <span class='ocrx_word' id='word_1_438' title='bbox 1095 4659 1181 4710; x_wconf 86' lang='lat' dir='ltr'><strong>Laert</strong></span> <span class='ocrx_word' id='word_1_439' title='bbox 1199 4657 1228 4708; x_wconf 93' lang='lat'><strong>11</strong></span> <span class='ocrx_word' id='word_1_440' title='bbox 1248 4655 1305 4710; x_wconf 87' lang='grc'><strong>136.</strong></span> <span class='ocrx_word' id='word_1_441' title='bbox 1328 4654 1386 4708; x_wconf 88' lang='grc'><strong>144.</strong></span> 
     </span>
    </p>

    <p class='ocr_par' dir='ltr' id='par_1_7' title="bbox 147 4739 1509 5080">
     <span class='ocr_line' id='line_1_43' title="bbox 221 4739 1509 4811; baseline -0.002 -17"><span class='ocrx_word' id='word_1_442' title='bbox 221 4742 232 4776; x_wconf 84' lang='lat'>⁸</span> <span class='ocrx_word' id='word_1_443' title='bbox 249 4745 348 4795; x_wconf 86' lang='lat' dir='ltr'><strong>Lembo</strong></span> <span class='ocrx_word' id='word_1_444' title='bbox 361 4753 447 4810; x_wconf 85' lang='lat' dir='ltr'><strong>spreto</strong></span> <span class='ocrx_word' id='word_1_445' title='bbox 461 4760 615 4810; x_wconf 83' lang='lat' dir='ltr'><strong>quemquam</strong></span> <span class='ocrx_word' id='word_1_446' title='bbox 628 4747 661 4796; x_wconf 93' lang='lat' dir='ltr'><strong>ad</strong></span> <span class='ocrx_word' id='word_1_447' title='bbox 674 4745 837 4796; x_wconf 83' lang='lat' dir='ltr'><strong>Heraclidem</strong></span> <span class='ocrx_word' id='word_1_448' title='bbox 849 4745 955 4811; x_wconf 84' lang='lat' dir='ltr'><strong>Didymi</strong></span> <span class='ocrx_word' id='word_1_449' title='bbox 966 4746 1122 4811; x_wconf 81' lang='lat' dir='ltr'><strong>Pythagorei</strong></span> <span class='ocrx_word' id='word_1_450' title='bbox 1135 4743 1180 4808; x_wconf 83' lang='lat' dir='ltr'><strong>[cf.</strong></span> <span class='ocrx_word' id='word_1_451' title='bbox 1193 4759 1271 4810; x_wconf 87' lang='lat' dir='ltr'><strong>supra</strong></span> <span class='ocrx_word' id='word_1_452' title='bbox 1283 4761 1307 4808; x_wconf 95' lang='lat' dir='ltr'><strong>p.</strong></span> <span class='ocrx_word' id='word_1_453' title='bbox 1319 4739 1354 4794; x_wconf 89' lang='grc'><strong>80</strong></span> <span class='ocrx_word' id='word_1_454' title='bbox 1366 4741 1438 4793; x_wconf 91' lang='lat' dir='ltr'><strong>Snid.</strong></span> <span class='ocrx_word' id='word_1_455' title='bbox 1452 4759 1472 4792; x_wconf 88' lang='lat' dir='ltr'><strong>s.</strong></span> <span class='ocrx_word' id='word_1_456' title='bbox 1485 4761 1509 4792; x_wconf 84' lang='lat' dir='ltr'><strong>v.</strong></span> 
     </span>
     <span class='ocr_line' id='line_1_44' title="bbox 147 4826 1509 4897; baseline -0.001 -15"><span class='ocrx_word' id='word_1_457' title='bbox 147 4826 264 4896; x_wconf 69' lang='lat' dir='ltr'><strong>deusne,</strong></span> <span class='ocrx_word' id='word_1_458' title='bbox 276 4832 373 4897; x_wconf 91' lang='lat' dir='ltr'><strong>Porph.</strong></span> <span class='ocrx_word' id='word_1_459' title='bbox 386 4835 413 4883; x_wconf 90' lang='lat' dir='ltr'><strong>in</strong></span> <span class='ocrx_word' id='word_1_460' title='bbox 426 4833 536 4885; x_wconf 87' lang='lat' dir='ltr'><strong>Ptolem.</strong></span> <span class='ocrx_word' id='word_1_461' title='bbox 550 4833 667 4883; x_wconf 81' lang='lat' dir='ltr'><strong>hermen.</strong></span> <span class='ocrx_word' id='word_1_462' title='bbox 681 4849 706 4897; x_wconf 91' lang='lat' dir='ltr'><strong>p.</strong></span> <span class='ocrx_word' id='word_1_463' title='bbox 721 4831 779 4884; x_wconf 89' lang='grc'><strong>191.</strong></span> <span class='ocrx_word' id='word_1_464' title='bbox 795 4829 988 4885; x_wconf 66' lang='lat' dir='ltr'><strong>secalonia</strong></span> <span class='ocrx_word' id='word_1_465' title='bbox 1001 4833 1044 4884; x_wconf 90' lang='lat' dir='ltr'><strong>W.</strong></span> <span class='ocrx_word' id='word_1_466' title='bbox 1058 4831 1174 4883; x_wconf 88' lang='lat' dir='ltr'><strong>Schmidt</strong></span> <span class='ocrx_word' id='word_1_467' title='bbox 1189 4833 1294 4897; x_wconf 89' lang='lat' dir='ltr'><strong>Didym.</strong></span> <span class='ocrx_word' id='word_1_468' title='bbox 1307 4831 1337 4880; x_wconf 91' lang='lat' dir='ltr'><strong>fr.</strong></span> <span class='ocrx_word' id='word_1_469' title='bbox 1352 4847 1377 4894; x_wconf 89' lang='lat' dir='ltr'><strong>p.</strong></span> <span class='ocrx_word' id='word_1_470' title='bbox 1387 4827 1451 4893; x_wconf 86' lang='grc'><strong>380]</strong></span> <span class='ocrx_word' id='word_1_471' title='bbox 1463 4846 1509 4894; x_wconf 89' lang='lat' dir='ltr'><strong>pa·</strong></span> 
     </span>
     <span class='ocr_line' id='line_1_45' title="bbox 148 4919 1509 4984; baseline -0.001 -15"><span class='ocrx_word' id='word_1_472' title='bbox 148 4929 212 4970; x_wconf 77' lang='lat' dir='ltr'><strong>uem</strong></span> <span class='ocrx_word' id='word_1_473' title='bbox 231 4919 371 4982; x_wconf 76' lang='lat' dir='ltr'><strong>confugere</strong></span> <span class='ocrx_word' id='word_1_474' title='bbox 389 4927 457 4970; x_wconf 81' lang='lat' dir='ltr'><strong>veto.</strong></span> <span class='ocrx_word' id='word_1_475' title='bbox 494 4935 555 4971; x_wconf 90' lang='lat' dir='ltr'><strong>nam</strong></span> <span class='ocrx_word' id='word_1_476' title='bbox 573 4921 605 4970; x_wconf 90' lang='lat' dir='ltr'><strong>de</strong></span> <span class='ocrx_word' id='word_1_477' title='bbox 625 4921 724 4970; x_wconf 85' lang='lat' dir='ltr'><strong>hocne</strong></span> <span class='ocrx_word' id='word_1_478' title='bbox 742 4921 768 4969; x_wconf 90' lang='lat' dir='ltr'><strong>id</strong></span> <span class='ocrx_word' id='word_1_479' title='bbox 788 4919 892 4984; x_wconf 91' lang='lat' dir='ltr'><strong>quidem</strong></span> <span class='ocrx_word' id='word_1_480' title='bbox 911 4927 1012 4971; x_wconf 84' lang='lat' dir='ltr'><strong>constat</strong></span> <span class='ocrx_word' id='word_1_481' title='bbox 1034 4935 1095 4970; x_wconf 87' lang='lat' dir='ltr'><strong>num</strong></span> <span class='ocrx_word' id='word_1_482' title='bbox 1113 4919 1191 4970; x_wconf 86' lang='lat' dir='ltr'><strong>libros</strong></span> <span class='ocrx_word' id='word_1_483' title='bbox 1210 4920 1352 4984; x_wconf 86' lang='lat' dir='ltr'><strong>scripserit,</strong></span> <span class='ocrx_word' id='word_1_484' title='bbox 1375 4919 1426 4968; x_wconf 91' lang='lat' dir='ltr'><strong>uisi</strong></span> <span class='ocrx_word' id='word_1_485' title='bbox 1443 4919 1509 4968; x_wconf 86' lang='lat' dir='ltr'><strong>forte</strong></span> 
     </span>
     <span class='ocr_line' id='line_1_46' title="bbox 148 5000 1509 5080; baseline -0.002 -22"><span class='ocrx_word' id='word_1_486' title='bbox 148 5008 217 5060; x_wconf 88' lang='lat' dir='ltr'><strong>idem</strong></span> <span class='ocrx_word' id='word_1_487' title='bbox 235 5015 275 5058; x_wconf 84' lang='lat' dir='ltr'><strong>cat</strong></span> <span class='ocrx_word' id='word_1_488' title='bbox 288 5000 450 5077; x_wconf 76' lang='grc' dir='ltr'>Ἡρακλείδης</span> <span class='ocrx_word' id='word_1_489' title='bbox 462 5006 488 5060; x_wconf 73' lang='grc' dir='ltr'><strong>όν</strong></span> <span class='ocrx_word' id='word_1_490' title='bbox 502 5013 534 5080; x_wconf 74' lang='grc' dir='ltr'><strong>τῇ</strong></span> <span class='ocrx_word' id='word_1_491' title='bbox 547 5011 655 5079; x_wconf 74' lang='grc' dir='ltr'>μουσικῇ</span> <span class='ocrx_word' id='word_1_492' title='bbox 669 5005 802 5078; x_wconf 71' lang='grc' dir='ltr'>εἰσαγωγῇ,</span> <span class='ocrx_word' id='word_1_493' title='bbox 821 5008 941 5072; x_wconf 86' lang='lat' dir='ltr'><strong>quamde</strong></span> <span class='ocrx_word' id='word_1_494' title='bbox 955 5009 1101 5060; x_wconf 84' lang='lat' dir='ltr'><strong>Xenocrate</strong></span> <span class='ocrx_word' id='word_1_495' title='bbox 1114 5007 1280 5075; x_wconf 79' lang='lat' dir='ltr'><strong>Pythagorae</strong></span> <span class='ocrx_word' id='word_1_496' title='bbox 1293 5008 1448 5057; x_wconf 86' lang='lat' dir='ltr'><strong>musicorum</strong></span> <span class='ocrx_word' id='word_1_497' title='bbox 1462 5023 1509 5059; x_wconf 89' lang='lat' dir='ltr'><strong>nu-</strong></span> 
     </span>
    </p>
   </div>
   <div class='ocr_carea' id='block_1_5' title="bbox 0 0 1858 5732">
    <p class='ocr_par' dir='ltr' id='par_1_8' title="bbox 0 0 1858 5732">
     <span class='ocr_line' id='line_1_47' title="bbox 0 0 1858 5732; baseline 0 3"><span class='ocrx_word' id='word_1_498' title='bbox 0 0 1858 5732; x_wconf 95' lang='lat' dir='ltr'><strong> </strong></span> 
     </span>
    </p>
   </div>
  </div>
 </body>
</html>
