3708 5732
327 393 370 456 90
692 397 730 444 VI
766 395 815 444 Die
835 395 1043 446 PLU'PARCffl
1064 395 1151 446 VITA
1170 395 1314 447 HOMERI

328 563 378 628 his
397 563 478 628 locis
500 562 697 646 comparatis
720 571 848 628 corruat
869 581 1003 628 necesse
1024 571 1075 630 est
1098 563 1246 631 Krischei
1271 563 1389 648 opinio.
1418 583 1493 628 uam
1510 563 1686 630 Stobaeum

327 685 411 748 quae
430 666 472 731 de
487 663 660 730 Homerico
676 664 759 729 hide
774 665 861 730 dicta
876 672 969 731 eraut
983 666 1027 732 ad
1042 665 1249 752 Empedoclis
1263 665 1413 731 Aidonea
1427 665 1631 732 transtulisse
1652 665 1688 730 in

327 769 498 852 propatulo
523 772 581 833 est.
627 787 721 850 quem
744 788 885 834 errorem
909 775 1015 834 utrum
1042 769 1114 854 ipse
1136 767 1332 835 commiserit
1353 767 1484 833 dubium
1508 775 1558 834 est
1579 787 1622 832 an
1645 787 1687 833 ex

327 892 385 936 suo
407 857 635 954 allegoriarum
650 871 799 953 exemplo
816 873 1026 938 transtulerit.
1062 872 1143 938 nihil
1156 871 1245 938 enim
1260 869 1379 934 certius
1394 875 1444 935 est
1458 869 1546 953 quod
1560 870 1686 954 pridem

327 973 465 1038 lectores
493 972 694 1038 intellexisse
725 972 841 1056 opinor
873 993 969 1056 quam
999 995 1039 1041 ex
1067 971 1226 1040 communi
1257 970 1485 1037 commentario
1513 971 1688 1038 Homerica

327 1075 504 1158 allegoriae
527 1073 653 1140 ratione
676 1074 860 1158 explicante
883 1077 1047 1142 Plutarchi
1071 1075 1236 1160 personati
1259 1073 1366 1138 Vitam
1389 1073 1631 1158 Stobaeumque
1653 1081 1689 1140 et

327 1177 450 1243 maiore
472 1176 603 1242 licentia
626 1176 825 1242 Heraclitum
848 1177 1005 1244 hausisse.
1051 1179 1126 1244 hinc
1148 1199 1225 1245 vero
1247 1211 1290 1222 -
1312 1183 1347 1240 ut
1369 1175 1411 1240 ad
1434 1175 1687 1260 Empedoclcum

327 1279 431 1343 locum
462 1279 592 1344 redeam
616 1315 656 1324 -
681 1280 761 1344 mira
783 1280 841 1344 illa
863 1280 981 1345 erroris
1004 1280 1186 1346 constantie
1208 1279 1403 1362 explicatur,
1430 1297 1495 1361 qua
1520 1277 1572 1342 isti
1589 1275 1686 1362 Ἥρην

326 1381 476 1465 φερέσβιον
500 1387 642 1446 terram
665 1381 926 1465 interpretantur.
972 1403 1047 1448 nam
1073 1403 1145 1448 oum
1172 1381 1344 1448 Homerica
1366 1379 1467 1445 cuivis
1490 1379 1687 1464 philosopho

326 1482 509 1549 substructa
527 1484 746 1568 opinarentur,
770 1485 907 1550 eundem
924 1487 1039 1569 lusum,
1062 1506 1126 1568 quo
1141 1483 1253 1550 Iliadis
1268 1483 1373 1548 locum
1388 1483 1431 1548 ad
1453 1483 1687 1548 elementorum

325 1583 505 1650 doctrinam
522 1587 821 1670 accommodabant,
844 1587 876 1652 iu
892 1587 1112 1671 Empedoclea
1127 1587 1370 1652 transtulerunt.
1403 1584 1530 1650 accedit
1548 1590 1614 1668 γαῖα
1636 1609 1687 1669 τρε-

326 1687 439 1769 ρέσβιος
455 1687 589 1752 Hesiodi
614 1687 747 1774 [Theog.
763 1687 836 1776 693]
861 1695 893 1754 et
917 1689 1108 1772 hymnorum
1131 1689 1170 1755 cf.
1187 1711 1218 1774 p.
1235 1691 1285 1754 22.
1319 1687 1385 1752 noli
1401 1687 1498 1769 igitur
1513 1687 1632 1772 mirari,
1655 1689 1684 1752 si

326 1787 440 1852 eadem
458 1791 656 1871 perversitas
677 1813 743 1856 non
758 1793 861 1857 solum
882 1792 915 1855 in
930 1791 1093 1856 Heraclito
1110 1790 1274 1856 Plutarchi
1287 1790 1361 1855 Vita
1376 1789 1530 1872 Stobaeo,
1554 1789 1607 1873 qui
1624 1811 1684 1873 pro

328 1909 391 1954 uuo
407 1889 500 1955 nobis
516 1900 590 1958 sunt
606 1893 699 1976 libro,
722 1895 779 1960 sed
802 1894 900 1959 etiam
922 1893 956 1958 in
978 1891 1051 1958 aliis
1073 1893 1282 1978 scriptoribus
1304 1891 1476 1976 invenitur,
1499 1892 1554 1974 qui
1567 1892 1685 1958 Home

328 1990 401 2054 ricis
417 1991 582 2073 allegoriis
605 1996 652 2060 usi
676 2003 759 2060 sunt.
775 1996 781 2026 ¹
812 1996 902 2061 uelut
916 1995 1143 2077 Athenagoras
1165 2017 1192 2060 c.
1208 1995 1249 2060 22
1271 1993 1354 2063 ’Ζεὺς
1376 1996 1465 2078 ἀργὴς
1481 2033 1521 2042 -
1538 1995 1687 2080 petreae!

326 2093 351 2154 εἰ
373 2095 465 2156 τοίνυν
487 2094 560 2164 Ζεὺς
588 2099 640 2178 μὲν
669 2101 703 2160 τὸ
730 2103 803 2180 πῦρ,
825 2095 908 2182 ἭροιΙ
925 2099 958 2160 δὲ
981 2101 999 2181 ἡ
1023 2105 1059 2181 γῆ
1088 2099 1136 2160 καὶ
1166 2101 1182 2161 ὁ
1210 2099 1268 2180 ἀὴρ
1294 2095 1455 2166 Ἀιδωνεὺς
1478 2097 1525 2160 καὶ
1548 2097 1581 2159 τό
1605 2098 1687 2186 ὅᾷωρ

329 2194 453 2278 Νῆστις,
475 2205 604 2283 στοιχεῖα
632 2201 777 2262 δὲταῦτα
804 2201 850 2281 [τὸ
873 2205 930 2284 πῦρ
952 2202 985 2262 τὸ
1009 2203 1086 2284 ὕδωρ
1109 2204 1125 2264 ό
1148 2203 1206 2284 ἀήρ
1221 2197 1253 2284 Ἰ,
1282 2199 1374 2268 οὐδεὶς
1401 2199 1497 2262 αὐτῶν
1526 2199 1594 2268 θεός
1622 2201 1686 2260 κτλ.

328 2295 436 2360 omnia
481 2299 652 2366 coniuncta
696 2307 728 2366 et
772 2301 933 2368 uberrime
967 2304 1144 2386 explanata
1179 2300 1281 2366 habes
1318 2300 1406 2384 apud
1443 2300 1605 2365 Probum
1641 2300 1687 2366 ad

329 2399 505 2480 Vergilium

412 2523 442 2584 p.
454 2504 503 2584 11,
517 2503 615 2586 4sqq.
636 2505 761 2588 τέσσαρσι
775 2544 808 2551 --
826 2509 953 2591 βρότειον
970 2507 989 2584 ³,
1013 2518 1045 2569 at
1061 2510 1253 2587 accipiamur
1268 2503 1340 2574 Ζεὺς
1356 2507 1446 2589 ἀργὴς
1462 2508 1561 2586 iguem
1576 2509 1628 2587 qai
1642 2509 1686 2569 sit

326 2603 401 2674 ζέων
417 2615 445 2666 et
461 2607 608 2682 euadere,
631 2611 714 2688 quod
728 2611 809 2688 ipris
824 2620 869 2672 est
884 2614 1056 2690 proprium,
1079 2611 1117 2672 de
1133 2629 1192 2690 quo
1208 2608 1375 2687 Euripides
1396 2605 1475 2690 ’ὁρᾶς
1491 2609 1539 2670 τόν
1555 2609 1629 2691 ὑψοῦ
1645 2646 1680 2653 -

325 2704 415 2788 Ζῆνα’
432 2718 459 2769 ct
475 2710 596 2770 Ennius
611 2707 751 2790 ‘aspice
768 2758 796 2774 ..
812 2763 818 2778 .
836 2714 953 2774 lovem
973 2711 1023 2798 [cf.
1042 2711 1107 2776 Cic.
1120 2710 1151 2774 d.
1164 2710 1195 2774 d.
1211 2715 1277 2774 nat.
1289 2709 1320 2774 ΙΙ
1337 2711 1378 2773 25
1391 2707 1446 2795 etl.
1476 2711 1566 2794 ἀργής
1582 2721 1687 2774 cutem

326 2811 357 2870 id
373 2819 418 2872 eat
432 2812 563 2894 locuple
579 2813 626 2874 καὶ
642 2814 743 2897 τοιχός.
777 2835 849 2878 cam
864 2825 892 2876 et
907 2817 1057 2878 Homerus
1078 2813 1135 2878 ‘aul
1159 2813 1245 2882 κύνας
1268 2811 1379 2894 ἀργοός’
1406 2857 1413 2872 .
1431 2858 1437 2872 .
1456 2857 1463 2873 .
1481 2808 1560 2896 Ἥρη
1582 2823 1688 2876 uatem

326 2913 477 2996 φερέσβιος
501 2926 614 2977 terrum
637 2917 733 2978 trudit
756 2937 835 2998 qaue
857 2920 968 2979 uictam
989 2919 1082 2997 seret,
1105 2919 1143 2980 rie
1165 2935 1227 2997 quc
1241 2915 1392 2978 uomens
1414 2914 1550 2998 ζείδωρος
1564 2915 1688 2999 ἄρουρα,

326 3015 407 3076 urrde
423 3017 474 3098 rip
485 3013 577 3100 Ἥραν
594 3020 719 3100 quidum
734 3018 802 3103 ἔροιν
818 3022 1025 3100 appelloneut.
1054 3019 1095 3104 ἠδ’
1113 3018 1288 3087 ’artearte
1312 3018 1412 3079 Ditem
1429 3017 1551 3097 quidem
1564 3027 1688 3098 putrem

325 3119 430 3196 pluero
445 3121 609 3200 eiprrtficot,
631 3122 687 3184 ced
707 3125 849 3202 occipere
872 3125 1014 3186 debemus
1036 3143 1123 3198 ocra,
1146 3143 1233 3204 quem
1250 3120 1416 3199 Euripides
1431 3121 1463 3180 in
1480 3121 1596 3182 Cadmo
1611 3123 1688 3203 χάος

326 3222 496 3300 appellauit
520 3268 574 3284 ...
600 3227 675 3304 quic
697 3224 880 3304 quibusdam
902 3227 1023 3287 videtur
1046 3245 1123 3286 ocra
1145 3225 1198 3306 qai
1220 3233 1247 3284 ct
1269 3241 1388 3284 ττττνττντττ
1410 3223 1556 3284 montium
1578 3231 1608 3284 et
1622 3225 1689 3284 ima

324 3331 478 3384 terrorum
499 3329 625 3405 saepius
649 3328 743 3388 lateat
765 3329 885 3410 reliquo
908 3331 960 3409 qui
983 3329 1115 3408 desuper
1139 3327 1265 3389 iactabat
1288 3345 1353 3388 eece
1381 3325 1567 3390 clamorem
1594 3335 1689 3406 atque

324 3425 369 3486 ito
390 3427 486 3487 vicem
509 3429 680 3506 ireserorcm
702 3429 839 3493 obtinere
863 3479 868 3492 .
888 3477 894 3492 .
912 3477 919 3492 .
937 3431 1047 3513 Νῆστις
1069 3449 1183 3510 apuam
1203 3429 1358 3509 sipuiticct
1380 3447 1459 3508 quae
1480 3429 1597 3491 scilicet
1617 3431 1686 3491 aia-

325 3547 395 3588 cero
411 3529 516 3590 lubitu
532 3541 643 3592 canoto
666 3534 831 3612 confirmet.
863 3553 935 3596 acm
962 3535 1099 3595 creditur
1121 3533 1155 3594 id
1177 3533 1304 3594 eoadem
1326 3531 1461 3594 ameum
1484 3551 1571 3611 quem
1594 3552 1688 3594 acce-

323 3633 405 3709 perit
426 3651 564 3693 servare.
597 3637 664 3696 tum
687 3641 840 3717 excerpto
864 3634 1020 3700 Cicerone
1042 3633 1084 3698 de
1106 3633 1195 3698 deor.
1215 3639 1281 3698 nat.
1302 3633 1334 3696 Π
1361 3633 1437 3712 §66
1460 3632 1566 3714 pergit
1588 3655 1619 3716 p.
1634 3635 1687 3716 12,

325 3731 379 3794 23:
413 3733 499 3793 Idem
525 3735 583 3796 boc
610 3735 762 3798 Horaerue
790 3738 949 3817 cipnisicot
976 3741 1023 3800 etc
1050 3739 1084 3820 [0
1107 3736 1297 3817 181-193]
1404 3735 1487 3816 quod
1512 3735 1555 3798 cd
1581 3737 1687 3798 locem

325 3833 429 3894 aether
450 3837 613 3912 pertineat,
641 3855 726 3898 mure
753 3839 795 3900 od
820 3839 1003 3918 Neptunum,
1026 3844 1154 3915 [terra]
1176 3840 1219 3902 ud
1242 3840 1323 3902 Ditis
1348 3839 1490 3916 imperio,
1519 3841 1568 3914 [τ’ττ
1591 3845 1687 3914 aere]

399 4022 405 4052 ¹
425 4041 570 4088 perversam
590 4028 824 4090 interpretationem
844 4037 945 4092 praetor
963 4029 1143 4090 allegoriarum
1163 4029 1299 4092 scriptores
1318 4029 1413 4092 profert
1430 4030 1547 4078 Laertius
1561 4029 1628 4078 VIII
1642 4027 1686 4080 76.

325 4113 356 4160 ότι
376 4113 477 4161 Achille
501 4129 578 4177 supra
597 4131 621 4178 p.
636 4111 669 4162 2⁸2
692 4116 754 4165 dixi.
779 4133 866 4164 rerum
885 4117 1011 4165 intellexit
1035 4123 1136 4178 praeter
1159 4117 1263 4164 Aetium
1288 4115 1432 4165 Menander
1455 4118 1481 4164 in
1504 4117 1599 4164 Walzii
1619 4117 1685 4165 rhet.

325 4199 363 4246 IX
385 4197 429 4248 141
453 4198 495 4248 uui
515 4199 569 4266 περὶ
583 4195 673 4266 Ἥρας
691 4197 737 4250 ότι
756 4201 813 4268 ἀὴρ
832 4201 875 4252 καὶ
894 4197 957 4260 Ζεὺς
975 4199 1003 4250 τὸ
1022 4198 1152 4269 θερμόν..
1167 4200 1230 4250 ,καὶ
1248 4203 1359 4268 χρῶνται
1376 4197 1403 4252 ct
1421 4205 1457 4268 τῷ
1476 4199 1581 4269 τοτοὺτιρ
1599 4201 1687 4270 τρόπιρ

326 4279 479 4353 Παρμενίδης
497 4303 524 4336 τε
543 4287 585 4338 καὶ
602 4283 810 4355 Ἐμπεδοκλῆς
829 4287 947 4355 ἀκριβῶς.

399 4369 552 4424 ²scholium
571 4379 694 4440 expunxi.
714 4377 789 4424 aliter
809 4373 825 4440 ἡ
845 4377 876 4441 γῆ
895 4376 1039 4425 addendum
1059 4387 1121 4425 erat.
1142 4383 1244 4439 praeter
1262 4375 1329 4425 hauc
1348 4377 1498 4440 allegoriam
1516 4379 1589 4426 norit
1607 4379 1687 4426 aliam

324 4461 505 4524 Athenagorae
524 4465 585 4513 ibid.
605 4459 668 4519 Ζεὺς
690 4459 706 4528 ἡ
726 4459 814 4518 ζέοντα
833 4459 903 4511 obelet
922 4461 987 4512 κατὰ
1005 4461 1062 4517 τοὺς
1081 4456 1208 4518 Στωικοὺς
1222 4457 1286 4528 Ἥρα
1304 4458 1317 4510 ὁ
1336 4459 1384 4528 ἀὴρ
1403 4461 1446 4512 καὶ
1463 4465 1509 4512 τοῦ
1526 4459 1647 4528 ὀνόματος
1665 4465 1690 4515 εἰ

324 4545 473 4615 ebroniensi
492 4547 679 4599 ἐπτσννάπτοττο
698 4547 829 4609 [nimirum
849 4551 978 4616 αηρατρρ]
998 4548 1242 4616 συνεκφωνουρόνου,
1264 4545 1389 4600 Ποσειδῶν
1401 4547 1417 4614 τ’,
1437 4546 1513 4606 πόσις.
1542 4567 1573 4601 cx
1593 4553 1688 4602 eodem

323 4637 446 4700 scriptore
461 4637 523 4696 (uon
538 4637 701 4700 Apollodoro
721 4642 748 4683 ut
768 4634 848 4682 credit
861 4637 948 4685 Hirzei
967 4637 1070 4686 Uutere.
1090 4637 1180 4696 1216)
1205 4637 1296 4686 Cicero
1315 4652 1362 4686 sua
1379 4640 1469 4702 petivit
1488 4639 1520 4686 de
1539 4639 1610 4690 deor.
1631 4655 1685 4688 nat.

324 4724 350 4771 II
370 4721 403 4774 26
422 4733 453 4772 tto.
485 4725 528 4784 qui
548 4724 619 4771 locus
638 4724 714 4770 etiam
734 4722 866 4784 Euripidis
886 4739 986 4772 versum
1005 4723 1090 4773 habet.
1121 4739 1197 4786 quem
1215 4739 1247 4774 cx
1266 4723 1357 4772 codem
1375 4725 1684 4776 iontenoreruntrhtbe-

326 4825 436 4870 nagtrrcs
456 4807 506 4859 cb
536 4810 658 4857 Heraclit.
679 4826 700 4856 c.
720 4807 761 4858 23.
793 4810 900 4872 insignis
919 4819 958 4858 est
976 4812 1048 4860 locus
1067 4809 1149 4860 Probi
1167 4811 1200 4859 ad
1220 4812 1297 4872 Verg.
1321 4808 1434 4870 11,7K.
1463 4811 1494 4860 cl.
1514 4827 1598 4876 supra.

394 4895 404 4926 ³
423 4895 526 4945 additur
544 4905 659 4944 extremo
680 4897 805 4944 versiculo
824 4895 901 4962 γένος,
938 4899 1000 4946 latet
1017 4895 1087 4962 γόνος
1106 4899 1122 4946 i.
1142 4913 1165 4945 e.
1185 4894 1290 4962 σπέρμα,
1311 4897 1379 4960 quod
1400 4906 1438 4946 cst
1456 4900 1589 4965 antiquum
1607 4901 1684 4948 scho-

321 4987 383 5037 lium
403 4986 435 5032 ed
455 4979 590 5050 κροόντιιμα
610 4981 719 5050 βρότειον
739 4985 770 5032 ci.
785 4985 854 5034 Plan.
873 5001 951 5050 supra
970 5001 994 5050 ρ.
1006 4983 1049 5036 88.
