3750 5746
329 401 392 464 364
675 403 775 451 κωκυ
794 400 896 451 me.
909 401 936 450 11
950 396 983 449 ου
996 407 1055 446 ι-ι
1072 400 1114 448 111
1132 359 1252 472 ριοωιιι.
1269 397 1280 448 1
1296 406 1339 447 ι.ι

362 505 569 556 Ρκυυκυουι
583 465 1414 557 mmmm
1428 501 1440 550 1
1453 499 1470 551 s
1482 509 1506 548 ω
1524 497 1557 550 ντ
1570 508 1580 546 1

1035 640 1262 724 Πυθαγόρας·
1292 639 1319 702 οἱ
1340 638 1365 702 δ’
1388 638 1418 702 ἐν
1440 642 1477 720 τῇ
1501 637 1642 720 λεγομένη

1033 744 1148 830 κεφαλῇ
1174 746 1226 806 τοῦ
1256 739 1385 826 Κρόνου·
1424 739 1499 822 αύτη
1526 735 1550 802 δ’
1584 737 1644 802 ἐστὶ

1033 849 1091 908 τῶν
1113 845 1187 909 ἑπτὰ
1205 847 1360 929 πλανητῶν
1376 841 1423 906 ἐπὶ
1439 840 1532 924 ταύτῇ
1548 840 1644 924 ὴμέρφ

1033 953 1085 1032 τῆς
1106 945 1136 1017 ἐξ
1158 945 1264 1032 ἄρκτου
1285 949 1378 1032 φορᾶς
1398 943 1548 1012 ἐπάνοδος.

411 1051 635 1136 Ἡράκλειτος
662 1052 696 1115 ἐκ
719 1051 827 1135 μυρίων
855 1052 1019 1115 δκτακισ-3
1076 1048 1302 1134 Ἡράκλειτος
1324 1049 1358 1114 ἐκ
1381 1047 1490 1131 μυρίων
1513 1047 1677 1110 ὀκτακιστ

374 1155 476 1239 χιλίων
499 1157 638 1237 ήλιακῶν.
1036 1153 1138 1238 χιλίων
1161 1152 1300 1218 ἐνιαυτῶν
1323 1153 1464 1236 ἡλιακῶν.

415 1257 589 1340 Διογένης
612 1257 645 1320 ἐκ
667 1257 752 1320 πέντε
773 1257 821 1319 καὶ
845 1253 983 1338 ἑξήκοντα
1001 1269 1018 1320 4
1079 1254 1248 1339 Διογένης
1271 1253 1431 1322 όΣτωικδς
1451 1250 1485 1314 ἐκ
1499 1251 1585 1315 πέντε
1598 1251 1647 1314 καὶ

372 1359 420 1421 καὶ
453 1359 625 1442 τριακοσίων
659 1361 797 1423 ἐνιαυτῶν
828 1356 983 1434 τοσούτων,
1034 1355 1173 1441 ἑξήκοντα
1195 1359 1243 1421 καὶ
1264 1355 1434 1442 τριακοσίων
1449 1353 1587 1417 ἐνιαυτῶν
1602 1375 1646 1416 το-

349 1461 449 1525 ῡόσων
473 1463 488 1524 ό
508 1462 582 1523 κατὰ
592 1459 822 1544 Ἡράκλειτον
844 1459 982 1527 ἐνιαυτός.
1035 1460 1161 1538 τούτων,
1184 1459 1252 1529 όσος
1274 1457 1310 1544 ὴν
1333 1459 1349 1522 δ
1372 1455 1442 1521 καθ’
1465 1455 1646 1541 Ἡράκλει·

1034 1584 1092 1625 τον
1114 1561 1253 1630 ἐνιαυτός.
1654 1577 1679 1614 ιο

409 1660 506 1728 Ἄλλοι
529 1666 561 1729 δὲ
583 1665 631 1728 διὰ
652 1664 877 1748 ἑπτακισχιλίων
899 1665 982 1727 ἑπτα·
1002 1680 1018 1735 5

373 1767 479 1830 κοσίων
503 1767 703 1852 ἑβδομήκοντα
725 1767 808 1830 ἑπτά.

510 2051 653 2110 ΒΙΒΛΙθΝ
672 2051 801 2110 ΤΡΠῸΝ

417 2195 625 2279 Περιωδευκὼς
651 2194 681 2258 ἐν
703 2197 762 2263 τοῖς
783 2195 933 2279 προτέροις
955 2195 985 2258 ἐν

343 2299 500 2380 ιοέπιτομή
523 2299 572 2360 τὸν
593 2297 657 2380 περὶ
671 2301 729 2360 τῶν
745 2297 885 2381 οὐρανίων
900 2297 985 2378 λόγον

374 2397 494 2484 (σελήνη
510 2397 531 2462 δ’
548 2399 645 2463 αὐτῶν
660 2400 694 2461 τδ
710 2397 871 2484 μεθόριον),
886 2398 985 2482 τρέψο-

376 2525 426 2583 μαι
451 2501 481 2564 ἐν
504 2507 546 2586 τῷ
569 2502 656 2585 τρίτῳ
678 2502 749 2584 πρδς
771 2501 807 2564 τὰ
830 2501 984 2584 μετάρσια·

374 2609 464 2666 ταῦτα
485 2603 506 2666 δ’
534 2604 594 2666 ἐστὶ
617 2604 653 2666 τὰ
670 2604 794 2666 ἀπὸτοῦ
810 2602 916 2665 κύκλου
932 2605 986 2684 τῆς

374 2709 497 2790 σελήνης
524 2705 692 2788 καθήκοντα
720 2703 807 2789 μέχρι
833 2705 904 2788 πρδς
933 2705 985 2788 τὴν

344 2830 366 2868 ιε
376 2810 457 2872 θέσιν
479 2813 531 2891 τῆς
553 2813 621 2891 γῆς,
650 2808 749 2890 ἥντινα
770 2806 888 2890 κέντρου
909 2805 986 2874 τοὶξιν

375 2910 491 2994 ἐπέχειν
513 2913 550 2990 τῇ
566 2914 692 2993 περιοχὴ
707 2913 760 2993 τῆς
774 2909 898 2994 σφαίρας
912 2931 986 2972 νενο-

376 3014 501 3096 μίκασιν.
535 3009 656 3094 ἄρξομαι
679 3009 700 3074 δ’
727 3011 871 3075 ἐντεῦθεν.

333 3182 362 3232 ᾱ.
394 3169 477 3253 Περὶ
493 3172 552 3230 τοῦ
568 3165 732 3249 γαλαξίου
748 3167 885 3230 κύκλου.
917 3175 987 3228 (374
1222 3168 1310 3252 Περὶ
1332 3170 1518 3250 γάλακτος.

417 3286 532 3355 Κύκλος
554 3285 614 3348 ἐστὶ
633 3287 815 3370 νεφελοειδὴς
830 3285 860 3349 ἐν
876 3287 928 3368 μὲν
943 3291 985 3369 τῷ
1008 3299 1019 3349 l
1084 3285 1198 3356 Κύκλος
1213 3287 1274 3350 ἐστὶ
1290 3288 1472 3371 νεφελοειδὴς
1486 3287 1516 3349 ἐν
1537 3285 1588 3367 μὲν
1609 3289 1651 3368 τῷ

344 3412 367 3448 κο
377 3391 440 3474 ἀέρι
452 3391 500 3454 διά
511 3389 617 3458 παντὸς
628 3387 809 3472 φαινόμενος,
825 3389 873 3453 διὰ
888 3389 921 3452 δέ
934 3389 987 3472 τὴν
1041 3389 1103 3473 ἀέρι
1119 3389 1167 3453 διά
1178 3390 1284 3458 παντὸς
1295 3388 1477 3472 φαινόμενος,
1492 3390 1540 3451 διὰ
1554 3389 1587 3451 δέ
1600 3387 1652 3471 τὴν

374 3492 564 3577 λευκόχροιαν
587 3489 722 3574 γαλαξίας
744 3490 967 3572 ὀνομαζόμενος.
1040 3493 1229 3576 λευκόχροιαν
1252 3491 1464 3572 ὀνομαζόμενος
1486 3489 1631 3572 γαλαξίας.

418 3593 485 3658 Τῶν
508 3593 766 3676 Πυθαγορείων
793 3595 820 3656 οἱ
844 3593 896 3674 μὲν
919 3589 1022 3674 ἔφα-κ
1084 3591 1159 3656 Τῶν
1182 3593 1434 3676 Πυθαγορείων
1457 3593 1485 3654 οἱ
1508 3593 1560 3672 μὲν
1582 3589 1683 3676 ἐφαιε

376 3708 428 3761 σαν
450 3695 570 3780 ἀστέρος
592 3694 664 3758 εἶναι
687 3695 835 3759 διάκαυσιν
855 3693 988 3758 ἐκπεσόν·
1040 3716 1092 3759 σαν
1115 3695 1235 3780 ἀστέρος
1257 3695 1329 3759 είναι
1349 3695 1497 3759 διάκαυσιν
1519 3694 1653 3760 ἐκπεσόν-

376 3823 423 3872 τος
446 3799 498 3880 μὲν
521 3798 580 3860 ἀπὸ
602 3801 654 3881 τῆς
678 3797 750 3866 ἰδίας
773 3797 873 3882 ἕδρας,
895 3795 926 3860 δί
954 3796 988 3859 ού
1040 3821 1088 3867 τος
1112 3799 1163 3880 μέν
1185 3798 1243 3861 ἀπὸ
1265 3803 1318 3882 τὴς
1340 3797 1413 3867 ἰδίας
1435 3797 1535 3880 ἕδρας,
1558 3795 1589 3859 δι’
1617 3798 1652 3862 ού

345 3921 368 3958 ιο
378 3902 410 3964 δὲ
422 3901 594 3986 περιέδραμε
605 3900 716 3985 χωρίου
728 3901 908 3982 κυκλοτερῶς
918 3897 989 3962 αὐτὸ
1041 3901 1074 3964 δὲ
1113 3900 1287 3984 περιέδραμε
1327 3899 1438 3984 χωρίου
1475 3901 1654 3983 κυκλοτερῶς

377 4002 605 4086 καταφλέξαντος
617 4002 663 4064 ἐπὶ
680 4005 731 4063 τοῦ
748 4001 821 4063 κατὰ
833 3999 991 4063 Φαέθοντα
1041 4003 1112 4067 αὐτὸ
1153 4000 1372 4086 περιφλέξαντος
1408 4001 1456 4065 ἐπὶ
1492 4005 1543 4064 τού
1579 4004 1653 4067 κατὰ

368 4159 385 4209 4
404 4157 469 4209 ἐτῶν
482 4160 502 4208 Β
517 4153 531 4224 ὴ
546 4159 562 4211 5
579 4157 592 4210 ό
610 4168 668 4210 ante
682 4155 790 4215 ἐνιαυτός
803 4161 826 4207 Ε
847 4155 860 4223 Η
881 4158 897 4210 6
915 4157 989 4208 ἐπτα-
1078 4159 1094 4212 3
1112 4156 1204 4216 ταύτας
1224 4160 1260 4209 λι
1281 4175 1347 4210 σοῐτ.
1365 4161 1469 4210 Ηεετειι
1488 4161 1519 4210 σι’.
1533 4161 1587 4210 Cic.
1597 4163 1622 4210 d.
1636 4178 1659 4210 n.
1670 4163 1696 4210 d.

334 4243 463 4314 κισχιλίων
487 4263 537 4297 om.
561 4243 615 4312 ΕΗ
637 4246 669 4299 18
691 4248 736 4296 τού
760 4248 822 4298 GA:
847 4245 955 4294 om.BC
976 4239 989 4310 ὴ
1041 4249 1069 4298 II
1088 4245 1158 4298 20⁵1
1176 4248 1262 4296 Alcin.
1282 4249 1343 4311 epit.
1363 4264 1384 4297 ο.
1401 4245 1432 4299 14

334 4331 367 4384 ‘24
385 4334 432 4400 τῆς
444 4331 570 4390 οίκείαςΒ
587 4329 599 4400 ὴ
615 4333 648 4385 25
661 4331 807 4401 περιέδραμε
820 4334 856 4383 G:
869 4327 992 4398 ἐπέδραμε
1080 4332 1110 4384 11
1130 4331 1185 4400 περὶ
1203 4331 1326 4400 γάλακτος
1344 4336 1382 4385 A:
1407 4337 1484 4400 vulgo
1508 4335 1563 4402 περὶ
1580 4333 1697 4402 γαλαξίου

333 4421 427 4483 (ΑλΒΟ
443 4417 455 4486 Ιί
477 4418 510 4472 ’25
530 4418 655 4489 φαέθοντα
668 4421 726 4471 BG:
739 4416 876 4487 φαέθοντος
889 4419 914 4467 Α
1043 4424 1088 4473 sed
1107 4425 1138 4473 ef.
1158 4425 1211 4474 ind.
1230 4438 1308 4488 snpra
1327 4439 1351 4487 ρ.
1365 4419 1415 4474 271

334 4550 562 4601 TESTIMONIA
581 4549 791 4602 PLUTAROHI

363 4634 379 4688 l
391 4635 407 4687 ‘2
419 4633 656 4692 Pseudo-Ariam-
670 4625 852 4702 οιοτυορυυτίκ.
864 4635 908 4698 [cs.
920 4639 990 4686 Ptol.

333 4743 358 4790 ρ.
371 4723 418 4788 31]
441 4722 501 4774 εἶναι
525 4721 550 4773 δὲ
569 4723 640 4774 κάτω
660 4723 715 4792 περὶ
733 4721 779 4790 τὴν
796 4719 991 4790 [κατοπτρικὴν]

334 4811 469 4878 φαντασίαν
488 4808 501 4860 ό
520 4807 588 4877 ὴλιος
601 4807 677 4878 αύγάς
690 4809 749 4878 πρὸς
762 4807 804 4859 τὸν
818 4807 921 4877 ούρανδν
933 4809 990 4860 ἀνα-

334 4896 446 4955 κλῶντος
470 4895 554 4964 ῶσπερ
581 4897 622 4949 ἐπὶ
643 4901 688 4966 τῆς
713 4895 786 4965 ἴριδος
809 4897 852 4947 καὶ
874 4896 914 4948 ἐπὶ
938 4902 990 4947 τῶν

334 4981 444 5054 νεφελῶν
464 4983 590 5054 συμβαίνει
610 4989 640 5037 cf.
660 5004 685 5052 p.
699 4984 767 5038 365ι
779 4983 857 5039 3-6.
