3708 5732
697 415 974 466 PROLEGOMENA
1453 411 1513 476 107

149 581 240 648 nitzii
256 601 369 646 eomm.
385 580 429 646 ad
443 580 588 666 Metaph.
602 581 672 666 Ab,
687 583 771 648 99011
785 581 817 670 9]
839 583 941 649 multa
964 581 1137 649 obstabant
1156 603 1199 650 ne
1213 583 1351 650 amioum
1367 583 1517 649 eundem-

149 704 214 768 que
237 683 400 750 aemulum
425 683 579 750 laederet.
614 683 831 768 Theophrasti
854 692 963 751 antem
986 684 1062 769 qnid
1083 685 1229 751 interfuit
1250 705 1370 752 norum
1392 684 1426 750 in
1449 685 1517 770 phi·

149 785 269 870 sophia
291 785 452 852 hominem
474 792 507 852 et
523 785 710 854 Crateteum
732 791 768 852 nt
782 785 1046 854 honorifieentius
1068 787 1278 872 palparetnr?
1304 787 1517 870 gravissimae

153 889 298 972 deniqne
312 887 360 954 rei
375 893 408 954 et
422 908 480 971 per
502 907 538 955 se
559 907 626 953 non
649 887 820 972 unierdque
842 887 1020 972 probabilis
1042 889 1268 956 desiderantur
1289 909 1410 974 magna
1431 890 1518 957 testi·

148 991 270 1058 monia
316 989 375 1056 sed
397 989 493 1056 silent
516 989 734 1076 Theophrasti
756 991 929 1076 reliquiae,
956 991 1053 1058 silent
1074 992 1285 1078 interpretes,
1312 993 1386 1060 silet
1413 993 1517 1060 omnis

150 1092 343 1176 antiquitas.
388 1098 501 1160 eontra
529 1092 669 1160 affirmat
695 1113 778 1159 unus
799 1091 947 1158 Philonis
973 1093 1056 1160 liber
1077 1093 1168 1160 euius
1189 1115 1232 1161 ne
1254 1095 1365 1162 titulus
1387 1096 1517 1181 quidem

150 1194 314 1261 mendacii
338 1213 454 1278 expers
476 1201 536 1262 est.
570 1195 653 1261 tanti
675 1195 773 1278 igitur
793 1195 894 1278 ignoti
917 1194 1056 1262 hominis
1076 1195 1178 1263 faoies
1200 1199 1439 1282 austeritatem,
1462 1199 1517 1283 qui

152 1303 311 1380 quantum
333 1317 373 1363 ox
397 1296 544 1363 eradens
566 1297 746 1364 indioamns
768 1296 830 1362 fuit
849 1297 946 1363 home
969 1299 1049 1364 satis
1063 1298 1191 1382 ineptus
1206 1299 1349 1385 undique
1364 1299 1518 1383 phaleras

151 1404 334 1484 aucupatus
361 1397 595 1483 Philonemque
621 1399 823 1484 potissimum
848 1399 993 1466 imitatus
1012 1401 1036 1484 ¹,
1064 1399 1155 1466 libris
1180 1407 1289 1468 amen
1317 1401 1446 1486 optimis
1472 1401 1518 1467 in·

150 1511 310 1590 strnotns,
338 1502 397 1568 sed
426 1522 492 1568 non
520 1509 569 1567 tot
598 1509 676 1586 quot
702 1501 841 1568 simulat.
885 1503 1091 1570 Aristotelem
1121 1503 1251 1588 quidem
1277 1524 1373 1588 quem
1401 1503 1518 1589 puerili

154 1607 345 1675 adulatione
371 1603 471 1669 affieit
496 1624 564 1669 non
590 1601 709 1687 legit'
757 1609 869 1669 oontm
899 1605 1038 1672 molesta
1061 1607 1222 1690 gravitate
1249 1604 1351 1672 Ooelli
1378 1606 1517 1672 futtilem

153 1710 196 1776 de
219 1715 340 1776 natura
360 1727 468 1774 rerum
491 1705 606 1772 librum
629 1706 733 1792 ipsum
756 1725 792 1771 se
814 1705 933 1789 legisse
954 1705 1129 1798 affirmat³
1163 1707 1237 1774 hine
1260 1708 1288 1774 si
1310 1707 1518 1793 suspicabare

149 1813 297 1879 Coellnm
329 1813 362 1876 in
390 1831 483 1877 usum
515 1815 666 1876 rosatum
695 1828 784 1888 esse,
816 1807 940 1873 falleris
966 1809 1106 1892 egregie.
1141 1810 1301 1876 Boethum
1324 1810 1516 1876 Panaetium

150 1915 333 1999 Diogenem
358 1911 575 1997 Chrysippum
601 1911 644 1977 ab
671 1911 741 1996 ipso
771 1910 914 1976 adseitos
944 1931 1010 1976 non
1033 1913 1140 1978 oredo.
1172 1913 1352 1979 Stoioorum
1380 1910 1517 1977 materia

151 2039 173 2084 a
198 2014 376 2083 Posidonio
399 2014 537 2079 eolleeta
558 2013 646 2080 haud
669 2013 737 2080 seio
759 2033 802 2078 an
825 2011 1004 2098 promptior
1025 2012 1130 2080 fuerit.
1164 2015 1307 2099 itemque
1329 2011 1518 2097 Peripateti-

151 2141 264 2186 eornm
286 2116 548 2184 adversariorum
570 2117 640 2184 reri
663 2116 766 2182 simile
789 2122 839 2182 est
854 2135 952 2180 unum
967 2114 1084 2180 librum
1099 2117 1207 2182 omnia
1222 2116 1516 2201 eomprehendisse.

148 2221 228 2306 quid
249 2219 367 2305 igitur?
389 2219 415 2284 si
431 2218 616 2285 Aristotelis
636 2219 713 2285 inde
739 2217 832 2302 quasi
855 2217 1016 2302 quaedam
1038 2217 1176 2284 obseura
1196 2219 1285 2286 fama
1307 2219 1452 2303 stillavit,
1474 2237 1517 2282 an

149 2323 412 2408 Theophrastum
442 2320 484 2386 ah
513 2321 575 2386 isto
606 2320 768 2387 nebulone
799 2321 963 2387 evolutum
992 2321 1111 2404 putas?
1147 2328 1249 2387 restat
1281 2321 1375 2386 huius
1408 2325 1517 2386 saetae

149 2426 325 2510 Critolaus,
348 2423 438 2490 ouius
460 2423 607 2508 quinquo
629 2443 687 2506 pro
703 2423 814 2488 mundi
829 2421 1024 2490 aeternitate
1038 2429 1232 2505 argumenta
1253 2443 1279 2490 o.
1297 2426 1336 2489 11
1360 2444 1391 2508 p.
1408 2423 1516 2506 239,7

149 2548 191 2593 ao
213 2527 367 2611 deinceps
389 2525 576 2591 afferuntur.

238 2627 371 2695 Critolai
393 2627 475 2693 liber
496 2647 574 2691 num
600 2625 750 2710 seriptori
773 2627 836 2710 ipsi
858 2627 901 2693 ad
924 2647 1055 2694 manum
1075 2627 1174 2694 fuerit
1194 2626 1314 2694 neseio.
1347 2627 1406 2694 sed
1428 2625 1518 2692 illum

148 2733 183 2798 in
198 2730 398 2802 affirmandis
414 2735 448 2795 et
462 2728 669 2794 eumulandis
684 2730 885 2813 argumentis
901 2729 956 2796 vix
972 2751 1008 2796 se
1023 2730 1219 2796 oontinuisse
1234 2730 1398 2814 eredibile,
1420 2729 1518 2794 immo

146 2834 345 2900 Aristotelea
369 2832 518 2916 exemplo
543 2835 658 2896 eontra
682 2831 827 2914 potiores
851 2831 1033 2898 contrariae
1056 2831 1217 2916 opinionis
1239 2839 1393 2917 patronos
1412 2831 1519 2916 dispu-

149 2943 248 3002 tasse.
292 2935 369 3002 inde
396 2932 536 3018 probare
566 2932 716 3016 equidem
749 2955 894 3020 nequeo,
928 2935 986 3002 sed
1014 2935 1111 3002 valde
1143 2934 1360 3002 verisimiliter
1393 2932 1517 3000 eonieio

148 3036 368 3121 Theophrasti
390 3035 578 3103 memoriam
601 3054 641 3101 ex
664 3035 807 3104 Critolao
831 3039 997 3122 paululum
1014 3038 1221 3105 obseuratam
1243 3037 1385 3102 fluxisse.
1417 3033 1519 3118 quid?

147 3140 175 3206 si
193 3137 372 3206 Critolaum
394 3139 504 3223 priora
525 3137 589 3202 duo
612 3136 744 3205 deoreta
765 3160 806 3206 ex
827 3139 1013 3224 opinionum
1037 3140 1118 3206 libro
1138 3142 1333 3226 deprompta
1347 3138 1439 3204 initio
1463 3156 1517 3202 oa-

146 3241 226 3326 pitis
241 3241 458 3326 Theophrasti
473 3239 603 3306 nomine
618 3240 826 3308 confirmasse
842 3242 1020 3308 sumimus?
1042 3242 1117 3308 hine
1137 3251 1170 3310 et
1185 3243 1333 3309 Philonis
1348 3238 1518 3306 artifieinm

146 3344 367 3430 explicaretur
392 3363 455 3426 quo
477 3342 559 3406 nihil
581 3347 631 3408 est
652 3342 741 3426 apud
762 3351 972 3428 exeerptores
987 3345 1163 3431 vulgarius,
1185 3351 1221 3410 ut
1235 3344 1370 3427 antiqua
1384 3339 1520 3408 auotori-

218 3516 225 3548 ¹
245 3519 333 3568 notavi
346 3533 369 3566 e.
382 3531 406 3579 g.
421 3511 571 3583 εὑρεσιλογία
584 3513 711 3584 λεωφόρος
724 3516 912 3586 προευτρτπίζω
927 3515 1035 3584 pulchro
1048 3515 1222 3588 πηδαλιοοχεῒν
1236 3513 1383 3587 ίχνηλαττῖν.
1402 3519 1519 3566 iteratum
1598 3579 1604 3588 Ι

143 3616 186 3658 est
198 3608 355 3658 Philonsum
369 3597 452 3668 ψυχῆς
465 3601 612 3670 μεμοίραται
625 3622 650 3670 p.
661 3602 723 3667 242,
737 3603 753 3656 7
773 3622 796 3670 p.
816 3603 877 3666 267,
891 3604 906 3656 7
919 3605 999 3655 Bern.
1019 3607 1197 3657 creberrimum
1209 3603 1257 3656 oba
1274 3602 1323 3656 ἀπὸ
1340 3605 1436 3654 σκοποῦ
1452 3603 1519 3652 idem

145 3696 313 3747 Pbiloneum.
351 3690 426 3753 plura
453 3691 525 3740 dabit
547 3691 729 3756 Siegfriediani
755 3691 848 3743 indicis
872 3695 1037 3757 comparatio.
1063 3695 1112 3744 loci
1137 3695 1302 3744 conferantur
1327 3689 1445 3760 πυρίγονα
1467 3688 1520 3757 ζῷα

147 3799 175 3847 p.
187 3778 250 3844 235,
263 3781 279 3833 6
293 3797 351 3831 cunr
364 3781 477 3832 Philone
490 3783 522 3834 de
536 3785 634 3846 gigant.
654 3779 671 3831 2
688 3799 712 3846 p.
727 3779 778 3836 263
788 3783 826 3832 M.
839 3782 909 3832 etde
921 3783 1028 3845 plantat.
1041 3780 1066 3833 3.
1085 3782 1231 3834 Stoicorum
1248 3783 1365 3834 definitio
1379 3775 1520 3846 συγχὺσεαισ

146 3870 197 3934 [cf.
217 3870 276 3920 Arii
288 3871 397 3934 Didymi
410 3870 484 3936 phys.
503 3871 534 3920 fr.
548 3867 582 3922 28
600 3870 707 3924 Nemee.
725 3871 749 3920 d.
764 3877 816 3920 nat.
836 3869 904 3919 hom.
922 3885 948 3936 p.
962 3867 1008 3930 70]
1031 3870 1062 3918 de
1080 3871 1173 3921 incorr.
1192 3887 1216 3936 p.
1229 3865 1319 3931 250st
1338 3883 1395 3918 cnm
1407 3867 1519 3918 Philone

147 3960 181 4007 de
202 3958 300 4006 confrrs.
320 3958 383 4020 ling.
403 3974 428 4022 p.
442 3955 503 4008 433.
531 3957 577 4006 sed
600 3973 677 4022 spero
700 3958 837 4021 Bernaysii
860 3959 1071 4007 commentarium
1095 3969 1121 4008 et
1144 3959 1211 4008 hano
1234 3959 1412 4022 quaestionem
1430 3963 1456 4004 et
1474 3969 1520 4003 our

148 4045 284 4096 Philonea
303 4047 374 4095 nullo
397 4045 475 4094 modo
494 4060 550 4094 esse
569 4047 675 4109 scriptio
694 4049 775 4110 possit
792 4046 936 4095 accuratius
955 4054 1119 4096 tractaturum
1138 4062 1202 4096 esse.
1238 4061 1322 4107 nequa
1340 4045 1407 4093 enim
1425 4041 1519 4092 sufficit

148 4143 179 4183 nt
197 4129 283 4201 ὥσπερ
308 4131 382 4200 φασὶν
407 4127 531 4198 Αἴγυπτον
550 4131 582 4182 ab
605 4133 709 4183 homine
738 4133 922 4183 Alexandrino
946 4136 989 4196 qui
1008 4136 1062 4199 ipse
1080 4135 1194 4194 vidisset,
1211 4135 1306 4184 dietum
1329 4147 1384 4180 esse
1403 4137 1518 4193 negetur.

142 4223 202 4272 fieri
229 4223 297 4271 enirn
322 4223 406 4286 potuit
427 4229 455 4270 ut
478 4220 587 4270 Critolai
611 4221 682 4269 loeus
703 4221 872 4272 dormitantes
896 4221 1082 4272 transferretur.
1120 4223 1166 4272 sed
1191 4221 1287 4270 adsunt
1308 4233 1403 4282 magna
1420 4211 1517 4272 νοθείας

142 4316 306 4372 argumenta,
325 4310 394 4358 unde
413 4304 567 4374 ἀντιγραφὴν
585 4309 669 4372 potius
689 4308 834 4360 Philoneae
857 4310 987 4372 opinionis
1011 4311 1037 4358 in
1057 4309 1168 4359 rhetoris
1193 4307 1284 4358 schola
1302 4307 1445 4355 confectam
1464 4316 1520 4354 esse

142 4409 298 4459 cognoscas.
338 4412 372 4445 na
395 4403 574 4459 argumentum
597 4411 614 4444 a
635 4395 739 4446 rhetore
762 4397 904 4446 abhorrere
934 4403 1007 4460 putes
1037 4397 1068 4445 of.
1092 4396 1193 4446 Theon.
1216 4409 1350 4459 progymn.
1370 4388 1518 4443 fra-541..

142 4483 156 4532 1
178 4479 231 4533 250
239 4484 377 4547 sqq.Walz
396 4479 463 4534 ἔστω
482 4477 506 4532 δ’
528 4477 571 4532 οὖν
590 4481 657 4549 ἡμᾶς
675 4481 757 4550 ζητεῖν
780 4482 802 4534 al
821 4483 952 4551 προνοοῦσι
969 4477 1024 4532 θεοὶ
1041 4482 1086 4532 τοῦ
1104 4480 1201 4548 κόσμου
1219 4478 1274 4532 κτλ.

218 4564 230 4595 ¹
249 4585 275 4634 p.
288 4566 349 4630 222,
366 4568 396 4620 12
414 4571 492 4621 Bern.
516 4565 693 4638 Ἀριστοτέλης
712 4569 738 4622 δὲ
761 4570 782 4622 εἰ
806 4569 836 4638 δή
861 4565 919 4620 ποτ’
945 4567 994 4632 [sic
1018 4571 1085 4632 lego,
1109 4567 1236 4636 μηδέποτε
1254 4571 1291 4631 Μ,
1311 4564 1406 4634 μήποτ’
1428 4566 1519 4630 vulgo]

140 4653 254 4724 εὐσεβῶς
266 4656 310 4708 καὶ
323 4654 396 4715 ὁσίως
409 4655 564 4724 ἐνιστάμενος
583 4659 615 4707 cf.
628 4674 653 4722 p.
667 4656 725 4722 233,
744 4659 754 4710 l
770 4655 838 4726 liert
850 4675 878 4708 ra
890 4656 1067 4721 [Aristoteles]
1086 4653 1126 4714 ὡς
1145 4654 1229 4707 ἔστιν
1248 4650 1343 4707 eante
1354 4670 1379 4704 ιν
1394 4669 1518 4720 κατακορ-

139 4759 238 4809 τομων.

214 4829 225 4860 ³
242 4848 267 4896 p.
282 4829 342 4891 223,
356 4828 372 4882 5
396 4828 447 4896 ἐγὼ
466 4827 491 4880 δὲ
510 4831 553 4881 καὶ
569 4827 685 4882 'Catthos
698 4832 871 4901 συγγράμματι
883 4828 1013 4884 Λευκανοῦ
1024 4831 1093 4899 γένος
1106 4829 1296 4898 ἐπιγραφομένῳ
1325 4823 1385 4895 Περὶ
1403 4830 1449 4894 τῆς
1469 4829 1516 4876 τοῦ

140 4915 235 4973 παντὸς
258 4914 356 4984 phasor(
379 4917 494 4986 ἐνέτυχον
518 4916 544 4966 ἐν
568 4903 588 4987 ᾧ
611 4917 730 4986 ἀγένητόν
751 4937 779 4970 τι
799 4919 842 4970 καὶ
861 4917 991 4988 ἄφθαρτον
1010 4915 1057 4970 οὐκ
1075 4916 1224 4988 ἀπεφαίνετο
1243 4916 1320 4984 μόνον
1338 4911 1402 4964 ἀλλὰ
1420 4913 1463 4962 καὶ
1482 4910 1514 4975 ρι’

139 5001 297 5068 ἀποδείξεσιν
317 5004 483 5072 κατεσκεύαζε
501 5003 545 5055 τὸν
565 5005 659 5074 κόσμον
678 5004 747 5066 εἶναι,
