3710 5730
709 449 986 501 rnouscousun
1409 525 1416 536 ·
1482 450 1523 512 33

159 613 241 680 senii
255 613 399 680 Violario
422 614 557 680 iteratur
579 636 610 698 p.
628 615 689 680 122
701 613 751 680 W.
776 613 937 702 [Leutsch.
955 621 1125 680 comment.
1143 616 1184 682 dc
1206 616 1320 682 Arsen.
1337 617 1457 687 Violar.
1474 618 1522 682 ΠΙ

158 737 189 799 p.
205 716 258 800 28,
274 714 406 803 8-131,
429 717 590 782 consentit
611 716 691 782 illud
714 716 844 799 quidem
866 737 938 782 666
961 718 1129 783 Ρ161.Π6
1148 729 1224 784 1-3.
1268 725 1303 782 61
1325 719 1352 784 61
1375 720 1522 785 lectionis

158 817 351 884 6661616166
373 819 555 884 accuratius
577 825 738 884 scrutatus
761 819 839 902 eris,
866 819 1041 886 Eusebium
1063 820 1189 886 tenebis
1211 821 1272 886 XV
1295 821 1346 904 36,
1369 841 1434 886 666
1450 821 1522 885 Ρ16-

157 920 314 1010 tarchum.
347 921 497 1003 idemque
511 919 533 985 f.
548 923 628 986 1061»
640 923 703 1004 περὶ
716 923 853 984 ἐνιαυτῶν
869 921 1062 1006 compilatus
1078 930 1128 988 est
1143 919 1189 1009 [P.
1202 922 1238 987 11.
1253 923 1314 988 XV
1325 919 1388 1008 64],
1404 922 1521 988 661666

155 1020 178 1085 f.
195 1023 275 1086 108¹
292 1022 372 1092 δόξαι
393 1023 561 1108 φιλοσόφων
583 1025 647 1109 περὶ
670 1025 748 1088 beabo
771 1025 805 1088 ἐκ
827 1029 877 1086 τοῦ
900 1027 1030 1106 aloelssllsp
1056 1023 1125 1088 ἔνιοι
1149 1031 1208 1090 τῶν
1231 1026 1399 1110 φιλοσόφων
1415 1063 1456 1070 -
1472 1027 1520 1088 καὶ

155 1125 350 1210 τὰστοιχεῖα
376 1123 487 1190 addito
513 1125 547 1190 in
573 1125 719 1208 margine
746 1127 804 1192 sed
830 1127 938 1192 statim
961 1127 1069 1192 deleto
1090 1127 1280 1214 Πλουτάρχου
1302 1129 1453 1192 1666616
1481 1149 1521 1192 ex

155 1226 274 1292 Eusob.
290 1227 369 1294 XIV
386 1229 436 1310 16,
457 1228 479 1294 f.
495 1229 554 1293 85'
570 1229 612 1298 τίς
634 1230 653 1311 ἡ
676 1229 754 1292 αἰτία
771 1234 822 1292 τοῦ
838 1232 887 1292 τὸν
902 1231 1011 1313 κόσμον
1027 1230 1194 1314 ἐγκλιθῆναι
1210 1249 1251 1294 ex
1266 1229 1326 1294 XV
1339 1229 1390 1312 39,
1406 1227 1426 1292 f.
1442 1230 1521 1293 139Γ

158 1328 347 1416 Πλουτάρχου
367 1333 400 1394 ἐκ
415 1337 466 1396 τοῦ
487 1333 552 1416 περὶ
568 1337 626 1396 τῶν
642 1331 822 1416 ἀρεσκόντων
837 1337 896 1402 τοῖς
910 1333 1097 1416 φιλοσόφοιςι
1115 1333 1179 1416 περὶ
1195 1333 1296 1417 ἀρχῶν
1319 1352 1361 1397 ex
1376 1331 1454 1397 XIV
1470 1334 1519 1398 14.

156 1431 319 1514 Apostolii
345 1433 448 1498 codex
471 1433 674 1500 Eusebianus
700 1433 774 1499 vilis
800 1441 850 1498 est
877 1441 975 1516 atque
1004 1433 1240 1500 Gaisfordiauis
1262 1433 1323 1498 Du
1345 1434 1518 1517 proximus.

157 1533 260 1615 patris
283 1537 429 1620 eclogas,
455 1535 600 1602 sednon
623 1555 749 1620 66666,
771 1535 927 1601 Arsenius
949 1536 1122 1602 transtulit.
1166 1535 1298 1601 exhibet
1324 1535 1379 1601 ille
1402 1537 1518 1604 Eusob.

157 1635 278 1700 XV34
299 1659 331 1722 p.
349 1639 412 1704 194
426 1639 539 1723 11616,
562 1639 680 1705 XV46
703 1661 733 1723 p.
750 1639 823 1722 314,
847 1639 908 1704 XV
922 1639 964 1703 49
985 1638 1073 1722 ibid,
1095 1639 1155 1704 XV
1171 1639 1213 1704 63
1236 1660 1267 1722 p.
1284 1638 1356 1704 262.

241 1737 408 1806 Codices
429 1761 527 1808 6666
550 1742 661 1826 scripti
683 1748 840 1824 quotquot
861 1741 931 1806 noti
952 1749 1026 1806 sunt
1049 1761 1089 1807 ex
1111 1739 1291 1823 archetypo
1314 1740 1399 1806 circa
1418 1743 1518 1810 mille·

153 1839 268 1906 simum
298 1861 418 1908 annum
448 1844 568 1928 scripto
596 1844 726 1910 deducti
748 1851 831 1910 6661.
866 1844 1046 1927 descriptus
1074 1849 1125 1909 est
1150 1847 1258 1908 autem
1286 1843 1342 1909 ille
1369 1865 1410 1910 ex
1435 1845 1516 1912 libro

154 1963 251 2008 unam
274 1945 471 2010 Placitorum
494 1945 658 2030 epitomen
680 1947 864 2030 complexo,
888 1947 1002 2030 qualos
1024 1945 1173 2012 meliores
1196 1945 1298 2010 nostri
1320 1955 1394 2012 sunt
1416 1954 1449 2013 et
1469 1950 1516 2014 illi

152 2044 252 2111 fuisse
274 2046 434 2132 ridentur,
456 2048 511 2132 qui
532 2049 566 2114 in
582 2047 779 2114 bibliotheca
794 2049 967 2132 Lampriae
990 2046 1040 2134 [of.
1063 2069 1095 2132 p.
1111 2044 1163 2135 21]
1187 2048 1409 2116 servabantur.
1442 2052 1517 2118 inde

153 2155 246 2231 parte
268 2149 394 2233 postica
420 2151 484 2216 situ
507 2157 658 2234 corrupta
680 2152 817 2218 lacunae
839 2153 893 2217 vel
922 2150 1129 2217 oblitteratae
1155 2170 1253 2216 voces
1279 2151 1321 2216 ab
1349 2153 1518 2239 archetypi

153 2251 310 2334 scriptore
332 2253 376 2316 ad
395 2253 563 2318 arbitrium
585 2253 766 2336 completae
789 2253 936 2320 omnihus
959 2253 1117 2338 exemplis
1140 2273 1325 2320 communes
1345 2263 1429 2322 sunt.
1474 2256 1519 2321 bi-

152 2353 272 2436 partita
299 2362 407 2421 autem
436 2363 486 2422 est
516 2377 556 2422 ex
583 2357 640 2422 illo
663 2357 808 2422 codicum
830 2356 1037 2442 propagatio:
1065 2375 1130 2420 una
1152 2354 1275 2422 familia
1297 2358 1368 2422 sola
1392 2357 1517 2424 Placita

152 2457 321 2524 continens
343 2459 513 2542 integrior,
540 2460 646 2526 altera
668 2460 761 2543 plura
783 2459 948 2525 Plutarchi
971 2458 1091 2543 scripta
1113 2459 1283 2542 complexa
1310 2459 1451 2526 deterior
1477 2481 1516 2526 ac
1541 2471 1545 2481 ’

151 2560 286 2642 vulgata
308 2566 368 2626 est.
613 2629 614 2632 ,

238 2661 383 2727 Prioris
406 2663 543 2727 classis
566 2671 640 2728 6661
1604 2729 1609 2740 ,

151 2762 356 2845 Mosquensis
371 2765 474 2830 codex
490 2764 549 2832 SS.
565 2765 690 2852 Synodi
708 2767 822 2832 666166.
840 2765 964 2832 orthod.
978 2764 1281 2846 Graeco-Rossicae‚
1297 2783 1327 2828 6.
1341 2766 1404 2830 339
1420 2763 1515 2852 [6666
1537 2768 1565 2832 Α
1691 2831 1703 2840 ,

149 2861 224 2950 362]
249 2863 333 2932 inter
356 2867 541 2952 quadratos,
564 2868 839 2952 membranaceus,
862 2867 1000 2951 scriptus
1022 2887 1046 2932 s.
1064 2867 1112 2932 XI
1133 2873 1190 2932 aut
1212 2865 1286 2930 XII.
1315 2868 1459 2936 continet
1480 2869 1514 2935 16

149 2964 235 3031 161116
258 2967 322 3034 266
345 2969 405 3036 hos
426 2969 581 3055 deinceps
604 2969 769 3036 Plutarchi
792 2971 934 3037 libellos:
961 2968 1260 3054 66166611-39
1283 2971 1347 3053 περὶ
1370 2976 1428 3034 τῶν
1451 2973 1514 3056 nipa-

148 3071 277 3134 σκόντων
299 3072 468 3157 φιλοσόφοις
489 3077 619 3158 φυσικῶν
642 3075 793 3156 δογμάτων
813 3059 951 3158 βιβλίαῖ,
973 3077 1041 3136 tum
1064 3069 1186 3138 ordinis
1207 3071 1359 3136 tralatioii
1381 3094 1413 3138 6.
1429 3075 1459 3138 9.
1484 3078 1513 3138 1.

147 3173 178 3236 5.
206 3173 257 3238 45.
286 3175 316 3239 6.
343 3176 373 3240 2.
393 3177 431 3240 Ι4.
461 3175 513 3240 44.
541 3175 592 3240 33.
621 3175 671 3240 40.
701 3177 752 3240 34.
780 3176 832 3240 42.
860 3175 911 3240 36.
939 3175 990 3240 39.
1018 3177 1048 3240 3.
1076 3177 1105 3240 1.
1133 3175 1183 3238 41.
1207 3173 1238 3238 8.
1262 3173 1313 3238 38.
1337 3175 1388 3240 66.
1413 3176 1454 3239 14
1480 3174 1514 3240 16

147 3294 308 3342 summam
322 3275 436 3358 viginti
451 3275 544 3359 dnos,
567 3295 702 3358 quorum
718 3277 849 3342 ultimus
870 3276 917 3343 de
939 3275 1222 3361 superstitione
1243 3275 1360 3342 161166
1383 3276 1513 3342 6611166

147 3376 236 3442 est¹
285 3377 420 3444 contulit
454 3378 580 3444 Placita
611 3377 808 3444 Matthaeius
841 3378 875 3444 in
908 3378 1098 3444 Lectionum
1126 3376 1368 3460 Mosquensium
1396 3379 1460 3444 vol.
1481 3377 1513 3442 II

148 3499 179 3562 p.
196 3479 324 3544 63-12
343 3479 387 3546 ad
406 3478 819 3546 116666166666661620.
849 3482 907 3546 666
928 3477 1190 3562 elegantissimae
1209 3479 1388 3563 scripturae
1402 3480 1513 3564 apices

147 3599 264 3663 parurn
286 3588 438 3648 accurate
457 3581 591 3647 666166
606 3587 666 3665 661,
681 3581 768 3664 quod
791 3587 823 3648 et
846 3581 922 3647 olim
945 3579 1147 3646 conieceram
1171 3586 1203 3646 et
1224 3601 1309 3646 6666
1331 3579 1404 3645 16111
1421 3580 1514 3646 Voel-

146 3681 228 3747 kelii
254 3683 447 3766 professoris
474 3683 676 3766 Mosquensis
704 3683 821 3749 litteris
847 3682 988 3765 benigne
1013 3682 1056 3746 ad
1084 3701 1136 3746 me
1161 3680 1247 3748 66116
1270 3682 1404 3748 6666166
1432 3703 1512 3750 666.

146 3784 201 3866 qui
228 3784 288 3849 illa
313 3785 457 3868 quidem,
485 3805 569 3868 quae
591 3786 687 3852 modo
716 3785 758 3852 (16
780 3792 916 3852 externa
938 3783 1058 3850 codicis
1081 3781 1270 3849 condicione
1292 3803 1334 3850 ex
1356 3784 1513 3851 Matthaei

146 3885 276 3970 scriptis
297 3885 383 3969 dedi,
406 3888 561 3970 pleraque
583 3887 794 3971 confirmavit,
817 3887 875 3954 sed
897 3885 939 3952 de
957 3885 1090 3968 triginta
1112 3883 1315 3967 gravioribus
1330 3887 1409 3952 locis
1432 3907 1513 3970 quos

145 3988 289 4073 inspexit
312 4007 370 4072 per
391 3989 632 4072 neglegentiam
654 3989 763 4056 decies
778 3991 900 4054 nullam
916 3992 1081 4052 enotatam
1098 4005 1172 4052 esse
1195 3987 1446 4072 discrepantiam
1468 3987 1514 4052 in·

146 4089 246 4156 venir.
281 4109 445 4173 quarens
467 4111 508 4158 cx
530 4091 657 4158 silentio
680 4091 837 4157 Matthaei
859 4089 945 4155 salsa
966 4087 1245 4172 concluderentur,
1268 4089 1424 4155 lectiones
1446 4109 1512 4154 666

144 4192 299 4259 distincte
320 4199 377 4258 aut
399 4193 616 4260 allatthaeio
637 4201 695 4260 aut
710 4213 731 4260 a
747 4191 918 4259 Voellrelio
940 4196 1071 4256 notatas
1095 4189 1247 4256 cancellis
1270 4191 1389 4276 saepsi.
1425 4189 1512 4275 quod

218 4417 227 4448 ¹
247 4418 278 4468 G.
297 4419 326 4468 F.
345 4419 503 4468 Matthaei
524 4419 654 4470 Plutarchi
678 4417 733 4485 περὶ
757 4413 882 4472 δυσωπίας
901 4414 944 4465 καὶ
962 4413 1018 4482 ruspl
1034 4409 1114 4482 τύχης
1133 4415 1236 4479 Mosqu.
1253 4413 1320 4466 1111
1331 4415 1412 4480 praet.
1430 4415 1447 4464 f.
1462 4411 1511 4477 [3],

144 4505 288 4556 eiusdem
308 4505 438 4554 Accusata
460 4505 535 4554 codd.
554 4520 638 4569 graec.
662 4520 721 4554 mss.
745 4505 808 4554 bibl.
827 4503 930 4568 Mosqu.
955 4501 1002 4553 SS.
1022 4500 1122 4566 Synodi
1150 4503 1243 4552 notitia
1260 4510 1286 4551 et
1303 4503 1419 4552 recensio
1439 4502 1510 4566 Lips.

148 4589 217 4644 1805
236 4593 249 4642 I
268 4608 293 4656 p.
307 4589 366 4642 219.
395 4591 552 4642 6611666166
571 4592 649 4642 hahes
668 4591 764 4640 codicis
783 4592 912 4656 specimen
932 4591 958 4638 in
976 4588 1126 4638 eiusdem
1145 4587 1317 4640 Commentat.
1337 4590 1364 4638 ln
1377 4587 1511 4639 Plutarchi

144 4681 191 4730 lib.
216 4677 273 4747 περὶ
296 4675 421 4734 δυσωπίας
442 4679 547 4742 Mosqu.
569 4677 635 4730 1111
654 4695 679 4743 p.
696 4675 735 4728 13.
768 4678 836 4728 6666
861 4677 1027 4739 Mosquensis
1053 4675 1171 4726 Rossiam
1197 4677 1356 4726 transvectus
1384 4676 1428 4735 sit,
1458 4689 1509 4724 nou

144 4767 247 4830 liquido
267 4773 374 4816 constat.
394 4767 448 4814 reri
466 4767 548 4817 simile
567 4775 653 4816 tamen
667 4781 699 4816 ex
712 4766 869 4814 monastario
890 4764 1002 4826 quodam
1022 4765 1116 4812 montis
1136 4762 1258 4824 Athonis,
1277 4763 1345 4814 unde
1369 4762 1470 4826 plurimi
1483 4762 1508 4809 in

144 4853 283 4918 Synodum
307 4853 425 4902 translati
443 4859 511 4903 sunt.
539 4853 593 4902 illio
618 4867 649 4902 ex
669 4852 786 4901 omnibus
805 4850 919 4915 partibus
938 4850 999 4899 1666
1023 4863 1040 4898 a
1058 4864 1078 4898 6.
1098 4850 1138 4900 XI
1162 4851 1336 4914 manuscripta
1359 4849 1468 4898 collecta
1486 4855 1511 4895 et

145 4949 266 5004 coempta
284 4947 351 5000 sunt,
369 4939 542 4989 recentissime
562 4955 584 4988 6.
603 4955 627 5002 g.
647 4953 679 4987 ex
700 4938 856 4988 bibliotheca
874 4935 967 4986 medici
988 4935 1099 4998 Resarii,
1119 4939 1261 4987 vetustiora
1278 4945 1363 4986 16666
1383 4949 1416 4984 ex
1435 4933 1510 4998 Opoli

144 5027 190 5076 rel
207 5028 274 5076 Asia
292 5027 400 5076 minore.

197 5134 286 5184 Diels,
306 5135 450 5185 Dommput
469 5134 551 5185 mccl.
1287 5103 1307 5169 3
