3708 5732
676 415 952 465 rnonneomnna
1052 450 1055 458 ,
1431 416 1492 478 113

137 581 207 646 huic
235 580 264 645 is
290 581 344 662 qui
366 581 443 663 λέγει
466 585 536 646 erat
557 579 779 664 Xenophanes
802 582 906 666 [λέγειν
929 581 1048 647 frustra
1070 579 1192 646 habent
1214 582 1316 664 DEH]
1344 583 1493 664 idemque

137 684 222 768 φησίν
244 702 350 766 neque
365 702 425 747 sua
446 681 505 748 sed
521 680 736 765 Theophrasti
750 683 952 765 auctoritate,
976 683 1122 766 quamvis
1137 702 1210 748 eam
1225 705 1290 750 non
1304 685 1494 750 nominatim

136 790 306 870 repeteret,
330 803 370 851 ea
384 790 507 850 tutatus
522 791 602 850 erat.
628 783 693 849 iam
709 805 786 852 vero
802 786 829 852 si
844 785 963 851 iustum
977 786 1011 851 in
1027 786 1171 852 ordinem
1193 785 1329 853 disiecta
1350 787 1494 854 membra

137 885 298 968 redegeris
326 893 359 953 et
387 886 606 953 Alexandrum
633 885 769 970 primum
798 887 1045 972 Theophrastea
1072 887 1180 954 omnia
1201 889 1494 972 comprehendisse,

136 989 254 1056 deinde
267 988 446 1072 Nicolaum,
470 996 538 1054 tum
560 995 693 1054 auctore
716 990 785 1056 sive
800 991 875 1073 quia
890 989 1050 1056 dubitavit
1067 991 1136 1056 sive
1152 990 1276 1056 incuria
1290 991 1430 1074 quadam
1446 1013 1496 1058 ce-

135 1093 202 1157 lato
225 1091 520 1158 Pseudaristotelea
542 1090 742 1174 excerpsisse
764 1091 910 1177 finxeris,
932 1092 1033 1175 plana
1055 1093 1164 1158 omnia
1188 1101 1291 1158 eruut.
1324 1114 1400 1158 nam
1423 1115 1493 1158 cum

137 1200 280 1260 extrema
294 1195 360 1278 illa,
383 1193 439 1258 ubi
454 1192 670 1277 Theophrasti
692 1193 909 1259 testimonium
924 1213 990 1258 nou
1004 1195 1155 1260 iteratum
1172 1202 1232 1279 est,
1255 1215 1400 1278 pugnare
1420 1217 1496 1278 quo-

136 1296 307 1362 dammodo
329 1317 400 1361 eum
423 1295 582 1379 principio
604 1295 740 1380 rideret,
761 1295 983 1360 Alexandrum
1005 1315 1101 1378 quam
1124 1295 1382 1380 Theophrastum
1405 1319 1497 1365 accu-

136 1418 209 1464 sare
231 1399 384 1464 maluisse
407 1397 605 1482 Simplicium
627 1403 880 1463 consentaneum
903 1404 961 1463 est.
1602 1385 1606 1392 ⁴

226 1501 379 1567 Fortasse
409 1500 519 1566 durior
543 1499 625 1566 haec
652 1498 824 1583 explicatio
853 1499 993 1583 cuipiam
1020 1501 1169 1566 videatur
1195 1508 1227 1567 et
1250 1501 1414 1586 Simplicio
1441 1505 1497 1569 vix

138 1604 247 1687 digna.
282 1623 383 1686 quare
405 1601 588 1686 exemplum
610 1615 771 1684 promam,
793 1621 856 1684 quo
878 1603 986 1686 aptius
1008 1610 1041 1669 et
1063 1602 1224 1670 efficacius
1245 1605 1368 1670 nullum
1390 1613 1497 1689 potest

137 1706 282 1790 cogitari
311 1705 382 1771 f.9'
400 1705 484 1770 1-8
507 1704 688 1786 όμολογεῖδὲ
710 1705 726 1766 ό
745 1701 965 1789 Ἀλέξανδρος
987 1707 1021 1770 ἐν
1045 1707 1104 1788 μὲν
1127 1713 1198 1777 τοῖς
1220 1709 1303 1792 πρὸς
1326 1708 1496 1792 ἀλήθειαν

138 1811 226 1894 ἅπερ
247 1809 320 1872 ἐστὶ
342 1809 420 1893 περὶ
442 1812 501 1870 τοῦ
524 1811 652 1891 νοητοῦ
675 1805 773 1875 ὄντος
794 1809 851 1870 τὸν
874 1807 1094 1893 Παρμενίδην
1121 1809 1155 1872 ἓν
1182 1811 1219 1871 τὸ
1242 1809 1278 1873 δν
1300 1811 1355 1874 καὶ
1379 1811 1496 1895 ἀκίνη·

136 1935 191 1975 τον
214 1912 348 1994 λέγειν,
376 1910 464 1974 κατὰ
487 1910 524 1972 δὲ
546 1910 697 1992 τὴντῶν
719 1912 858 1972 πολλῶν
882 1909 1062 1978 δόξανκαὶ
1085 1912 1125 1974 τὰ
1152 1912 1349 1995 φαινόμενα
1376 1935 1496 1998 φυσιο-

137 2019 250 2097 λογῶν
274 2013 356 2078 οὔτε
378 2015 415 2078 ἓν
438 2013 546 2095 λέγων
569 2011 662 2075 εἶναι
684 2014 722 2075 τό
745 2011 781 2075 ὃν
804 2011 885 2074 οὔτε
907 2011 1075 2094 ἀγένητον
1091 2013 1204 2096 ἀρχὰς
1223 2018 1289 2076 τῶν
1310 2017 1498 2098 γινομένων

139 2119 291 2182 ὑπέθετο
314 2121 383 2200 πῦρ
405 2117 463 2179 καί
485 2121 549 2199 γῆν
572 2116 634 2199 τὴν
657 2115 717 2198 μὲν
739 2119 801 2198 γῆν
824 2117 871 2183 ὡς
899 2114 984 2196 ῦλην
1008 2113 1207 2192 ὑποτιθείς,
1238 2116 1275 2178 τδ
1304 2117 1340 2179 δὲ
1366 2122 1431 2202 πῦρ
1455 2122 1499 2188 ὡς

136 2221 325 2304 ποιητικὸν
357 2216 469 2282 αἴτιον
501 2219 558 2280 καὶ
590 2218 775 2299 ὀνομάζει,
808 2215 896 2302 φησί,
928 2217 965 2278 τδ
996 2217 1057 2298 μὲν
1085 2220 1152 2299 πῦρ
1179 2223 1253 2301 φῶς
1279 2220 1341 2302 τὴν
1371 2221 1408 2282 δὲ
1433 2226 1499 2305 γῆν

138 2323 274 2392 σκότος.
308 2321 356 2384 καὶ
385 2321 410 2384 εί
440 2322 492 2404 μὲν
521 2320 595 2384 κατὰ
616 2320 668 2404 τὴν
695 2325 754 2382 τιῦν
781 2321 897 2382 πολλῶν
926 2315 1011 2386 δόξαν
1038 2317 1086 2380 καί
1113 2319 1150 2381 τὰ
1180 2320 1339 2404 φαινόμενα
1368 2323 1499 2392 adrach

133 2424 318 2508 Ἀλέξανδρος
340 2421 496 2500 ἐξεδέξατο,
520 2425 560 2491 ὡς
576 2424 592 2484 ό
608 2419 791 2505 Παρμενίδης
813 2421 955 2508 βούλεται,
978 2418 1113 2489 δοξαστόν
1136 2422 1169 2482 τδ
1184 2421 1324 2504 αἰσθητὸν
1346 2427 1444 2487 καλῶν
1467 2424 1499 2488 εὖ

137 2528 172 2592 ἂν
195 2525 272 2613 ἔχοι,
295 2526 320 2590 εί
343 2527 376 2589 δὲ
398 2527 511 2610 ψευδεῖς
533 2527 626 2607 πάντη
641 2525 708 2594 τοὺς
722 2525 824 2607 λόγους
847 2521 936 2586 οἴεται
959 2522 1084 2591 ἐκείνους
1105 2524 1161 2586 καλ
1177 2525 1361 2606 ποιητικὸν
1385 2525 1499 2590 αἴτιον

137 2633 177 2694 τδ
200 2635 278 2715 φῶς
299 2630 357 2692 καὶ
383 2632 449 2711 πῦρ
471 2627 610 2709 νομίζει
631 2627 800 2709 λέγεσθαι
827 2625 861 2689 οῦ
885 2627 982 2695 καλῶς
1004 2624 1105 2688 οἴεται.
1139 2623 1278 2690 citantur
1299 2627 1502 2695 Parmenidie

138 2752 264 2798 versus.
297 2749 381 2814 quae
406 2727 584 2794 Alexandri
607 2727 708 2793 verba
729 2747 827 2812 supra
848 2725 1018 2812 excerpsit,
1047 2746 1087 2792 ea
1109 2745 1264 2809 germana
1286 2727 1500 2813 Theophrasti

137 2855 223 2918 esse,
245 2832 332 2899 felici
354 2851 431 2898 casu
452 2829 604 2895 discimus
626 2849 667 2894 ex
688 2829 790 2914 ipsius
809 2829 987 2896 Alexandri
1010 2830 1241 2896 commentario
1263 2831 1297 2896 in
1319 2832 1501 2917 metaphys.

138 2959 170 3020 p.
187 2938 242 3019 24,
259 2936 371 3001 5Bon.
395 2932 443 3021 [fr.
460 2930 502 3019 6],
525 2931 576 2997 cui
598 2937 777 2997 ceterorum
801 2937 1025 3015 excerptorum
1040 2932 1233 2998 varietatem
1254 2931 1413 3000 subiunxi.
1436 2933 1501 2998 iam

138 3040 165 3104 si
189 3038 255 3122 ipsi
271 3034 488 3120 Theophrasti
510 3033 647 3119 physica
661 3033 705 3098 ad
720 3053 835 3098 manus
850 3041 951 3118 erant,
974 3055 1030 3099 our
1044 3033 1267 3099 Alexandrum
1283 3033 1501 3118 potiusquam

137 3142 232 3206 illurn
248 3137 469 3224 oppugnavit?
491 3157 557 3222 cur,
572 3137 714 3222 inquam,
728 3135 797 3202 1πῖ
815 3135 1073 3220 Theophrastum
1088 3137 1173 3220 ἐντῷ
1189 3139 1298 3221 πρώτῳ
1312 3143 1365 3222 τῆς
1379 3145 1503 3224 φυσικῆς

138 3242 269 3328 ἱστορίας
291 3261 332 3308 ex
346 3239 532 3306 Alexandro
549 3239 648 3305 citat?
669 3259 730 3306 nee
752 3259 845 3304 secus
863 3236 901 3302 fr.
915 3240 956 3304 15
971 3287 979 3303 .
992 3287 1022 3303 ..
1039 3242 1081 3308 όνς
1103 3240 1152 3302 τδν
1175 3237 1318 3302 Πλάτωνα
1340 3241 1503 3323 νομίζουσιν

139 3348 205 3411 dre
221 3344 359 3429 Εὔδημος
380 3344 461 3408 καλό
479 3341 704 3428 Θεόφραστος
726 3341 774 3404 καὶ
792 3343 808 3405 ό
827 3338 1070 3424 Ἀλέξανδρος.
1094 3340 1105 3403 i
1120 3360 1205 3406 nunc
1220 3347 1253 3406 et
1268 3341 1364 3408 erede
1375 3341 1505 3426 Opinio-

138 3469 200 3516 nes
223 3467 245 3514 a
267 3445 433 3531 Simplicio
456 3463 607 3526 umquam
629 3443 809 3527 inspectas!

225 3549 470 3633 Theophrastus
499 3545 597 3628 igitur
615 3545 731 3611 librum
753 3544 794 3609 de
816 3543 849 3608 Μ
875 3544 907 3607 X
932 3543 1105 3608 z—illuc
1128 3543 1214 3608 enim
1236 3543 1393 3610 redeo-
1414 3545 1503 3610 nullo

140 3658 241 3738 pacto
263 3648 466 3718 conscribere
487 3647 602 3732 potuit.
635 3667 711 3712 nam
734 3653 864 3730 praeter
879 3664 919 3712 ea
942 3663 1025 3728 quae
1047 3644 1103 3708 alii
1121 3651 1156 3709 ut
1166 3645 1418 3712 Vermehrcnius
1441 3643 1505 3732 [die

142 3751 346 3822 autorschaft
378 3751 437 3816 der·
466 3749 541 3815 dern
568 3748 730 3814 Aristotel.
758 3746 923 3831 augeschr.
951 3747 1065 3812 schrift
1094 3745 1211 3811 πΞΖΓ
1239 3768 1271 3832 p.
1288 3750 1329 3813 14
1340 3747 1399 3835 sp]
1433 3769 1507 3814 cou-

140 3861 324 3940 gessernnt,
346 3873 411 3919 uua
434 3851 537 3918 oratio
560 3870 634 3916 eam
657 3849 813 3932 originem
835 3849 1038 3917 condemnat.
1071 3849 1106 3914 in
1125 3848 1251 3920 deliciis
1274 3856 1323 3916 est
1344 3850 1391 3914 illi
1411 3851 1439 3914 τί
1452 3876 1507 3915 κω·
1532 3841 1537 3848 ’

141 3961 206 4023 λύει
223 3955 423 4024 sescentiens
444 3951 627 4038 repetitum,
648 3951 683 4016 in
698 3951 923 4036 Theophrasto
939 3953 985 4018 nil
1000 3952 1114 4018 simile.
1147 3957 1301 4016 constans
1315 3953 1399 4018 solet
1413 3954 1509 4036 parti-

142 4063 290 4126 cularum
306 4077 384 4124 usus
401 4075 483 4124 osse.
515 4073 591 4120 ecce
609 4053 698 4138 apud
710 4053 802 4118 illum
817 4053 876 4118 ἀλλ’
898 4054 955 4139 ἄρα
970 4073 1001 4138 p.
1016 4054 1097 4118 975·
1115 4053 1155 4118 18
1177 4053 1211 4118 οὐ
1228 4054 1371 4137 μέντοιγε
1393 4056 1472 4120 976·
1488 4056 1508 4120 2

143 4164 209 4228 ἐπεί
223 4162 315 4245 τοίγε
329 4160 411 4226 elli
426 4158 467 4224 33
490 4157 524 4221 οὐ
548 4157 720 4239 μέντοι-γε
742 4157 890 4222 9781110.
925 4155 1044 4220 frustra
1067 4173 1107 4221 ea
1129 4174 1267 4238 quaeres
1288 4155 1322 4220 in
1345 4162 1393 4222 tor
1408 4157 1510 4223 Theo-

144 4263 271 4348 phrasti
292 4259 419 4328 libris¹
460 4264 573 4325 contra
594 4258 709 4324 indicis
732 4258 921 4342 Hermippei
943 4255 1119 4324 auctoritas
1142 4253 1248 4342 [Diog.
1264 4257 1292 4321 V
1308 4256 1361 4344 25]
1383 4278 1511 4324 vocum-

144 4386 209 4449 que
237 4364 527 4449 Peripateticarum
554 4358 742 4444 incorrupta
771 4357 982 4445 proprietas’
1010 4358 1054 4423 ad
1086 4364 1234 4442 tempora
1266 4359 1407 4425 tertios
1435 4359 1511 4426 Ohr.

144 4468 279 4534 saeculo
305 4465 461 4533 interiora
489 4461 688 4529 descendere
720 4468 842 4528 vetant.
886 4481 962 4526 nam
992 4459 1172 4526 incredibili
1198 4460 1317 4527 iudicio
1342 4463 1409 4528 tale
1435 4462 1513 4544 quid

146 4569 368 4635 somniaverat
390 4563 623 4646 Ueherwegius
645 4563 813 4648 compend.
837 4562 872 4628 1⁸
887 4563 939 4628 55.
974 4561 1092 4628 rectius
1115 4561 1359 4630 Stratoneorum
1381 4565 1514 4630 mentio·

146 4691 222 4738 nem
243 4669 365 4738 inicere
388 4669 570 4736 Usenerum
592 4665 733 4732 memini.

221 4823 341 4875 ¹sentiet
364 4826 445 4874 lector
468 4839 509 4874 me
535 4825 671 4874 utilissima
696 4824 797 4889 sylloge
820 4825 852 4876 (l.
875 4825 997 4876 Muellari
1020 4821 1065 4886 [de
1089 4824 1265 4889 Theophrasti
1289 4823 1390 4873 dicendi
1413 4825 1513 4873 ratione

149 4912 285 4962 Ametadt.
307 4909 386 4974 1874]
405 4912 489 4960 nisum
509 4926 575 4961 esre.

218 4995 229 5028 ²
247 5000 393 5063 categoriae
410 4995 486 5048 ποσόν
504 5015 528 5063 ρ.
542 4996 612 5050 9181
633 4997 674 5060 19,
692 4995 754 5066 πρός
771 5013 796 5048 πι
815 4998 886 5051 eleb
906 4999 947 5062 ll,
966 4994 1032 5065 ἔχειν
1052 4995 1124 5048 ereb
1144 4993 1186 5049 20.
1206 4993 1341 5064 Ινδιλιχῶς
1359 4995 1429 5050 9769
1448 4993 1491 5048 24.

199 5107 291 5156 litata.
312 5107 456 5160 Dexomplrl
475 5109 556 5159 presel.
1290 5081 1311 5145 8
