3708 5732
351 409 413 472 126
456 413 495 462 IX
523 413 572 462 DE
592 409 848 462 THEOPIIRASTI
867 411 1074 462 OPINIONUM
1094 411 1193 461 APUD
1214 410 1425 461 CICERONEM
1446 410 1625 462 vnsmens

348 579 381 641 el
402 583 446 663 τῷ
468 578 555 662 τρίτφ
577 579 626 640 τὸν
641 579 751 660 κόσμον
766 577 817 640 ἕνα
831 579 889 640 τῶν
904 577 1051 660 φρονίμων
1067 579 1353 660 σονπολειταοόμανον
1370 579 1450 649 θεοῖς
1465 580 1514 642 καὶ
1529 579 1706 663 ἀνθρώποις,

348 681 396 744 καὶ
411 681 460 743 τὸν
475 680 625 762 πόλεμον
646 680 701 742 καὶ
723 679 781 740 τὸν
804 680 866 742 Δία
887 680 945 741 τὸν
967 679 1071 743 αὐτὸν
1094 679 1182 744 εἶναι
1204 681 1362 765 καθάπερ
1382 683 1443 746 καὶ
1458 679 1708 765 τὸνῊριὶκλει-

347 805 404 846 τον
435 783 557 865 λέγειν.
610 779 691 846 haec
724 778 897 846 similitudo
932 786 967 846 ut
993 780 1174 847 Philodemi
1202 783 1434 866 supplementis
1462 783 1580 849 nostris
1610 781 1708 850 fidem

347 882 435 966 facit,
451 883 498 948 ita
513 903 568 948 cur
584 881 727 947 omiserit
743 880 856 948 Cicero
871 881 986 965 aperit.
1008 901 1084 948 narn
1097 882 1295 950 Heraclitum
1310 885 1473 968 ceteroqui
1489 885 1709 950 obscuriorem

348 983 398 1072 [ei.
422 984 454 1051 d.
477 983 566 1050 deor.
588 988 655 1048 nat.
677 983 726 1047 HI
751 984 791 1047 14
812 981 858 1070 35]
881 1003 952 1049 cum
976 985 1226 1050 concordantem
1248 984 1375 1054 videret
1398 1009 1469 1054 curn
1489 987 1616 1072 Stoicis,
1638 1007 1711 1053 rer-

348 1087 437 1154 tendi
467 1087 611 1152 laborem
641 1083 844 1166 subterfugit.
888 1085 972 1151 alter
996 1085 1209 1170 philosophus
1232 1087 1387 1154 omittitur
1409 1109 1430 1155 a
1452 1089 1608 1156 Cicerone
1631 1091 1710 1154 Pro-

348 1189 450 1274 dicus,
472 1189 514 1254 de
536 1209 598 1271 quo
621 1185 830 1252 Philodemus
852 1207 884 1270 p.
901 1189 939 1251 11
965 1207 991 1252 e.
1007 1188 1045 1252 6ο
1067 1191 1135 1259 τοὺς
1158 1191 1210 1272 μὲν
1237 1190 1285 1254 ὑπ’
1313 1193 1477 1276 ἀνθρώπων
1503 1193 1710 1275 νομιζομένους

348 1293 435 1362 θεοὺς
456 1290 512 1356 οὔτ)
541 1290 614 1354 εἶναί
636 1311 722 1375 φησιν
746 1288 802 1353 οὔτ’
830 1289 946 1366 εἰδέναι,
968 1291 1035 1359 τοὺς
1057 1291 1090 1354 tl
1105 1291 1232 1376 καρποὺς
1255 1295 1302 1356 καὶ
1318 1293 1401 1358 πάνθ’
1430 1295 1506 1365 ὅλως
1520 1295 1556 1359 τὰ
1575 1297 1709 1381 χρήσιμα

348 1395 549 1480 sperneretur
564 1394 631 1462 τοὺς
642 1393 783 1477 ἀρχαίους
797 1393 1023 1476 equestrem...
1038 1411 1080 1458 ne
1096 1391 1148 1458 hic
1162 1393 1290 1476 quidem
1306 1401 1428 1460 temere
1443 1395 1608 1462 omittitur.
1631 1415 1709 1460 nam

348 1497 434 1580 quod
456 1495 616 1562 Himelius
638 1493 839 1559 dubitantius
861 1495 998 1562 coniecit
1018 1495 1190 1560 Prodicum
1212 1516 1399 1580 expressum
1428 1517 1500 1563 csso
1521 1517 1543 1563 a
1564 1499 1709 1564 Persaeo

348 1599 457 1665 Stoico
472 1599 507 1664 id
517 1617 603 1662 nuno
618 1615 659 1662 ex
671 1596 864 1663 Philodemo
878 1617 909 1680 p.
923 1599 972 1662 75.
991 1597 1077 1662 1611.
1094 1596 1215 1680 liquido
1232 1604 1369 1676 constat,
1384 1605 1555 1682 postquam
1570 1599 1708 1664 duarum

348 1701 539 1786 paginarum
560 1699 836 1782 intercapedinem
852 1699 980 1783 explevi
994 1699 1103 1764 Herm.
1120 1699 1201 1764 XIII
1217 1702 1245 1764 1.
1280 1719 1357 1782 ergo
1373 1701 1448 1766 hinc
1464 1701 1525 1766 etsi
1541 1699 1709 1766 Ciceronis

348 1803 515 1869 consilium
531 1801 719 1886 explicatur,
735 1808 844 1867 tamen
856 1808 891 1867 ut
903 1801 1127 1868 Philodemum
1141 1800 1248 1886 potius
1264 1821 1359 1884 quarn
1376 1822 1577 1868 communem
1593 1804 1709 1868 utrius-

347 1925 410 1990 que
425 1905 547 1972 fontem
562 1903 771 1988 compilatum
787 1905 900 1970 credas
915 1904 996 1970 nihil
1012 1903 1107 1986 cogit.
1131 1903 1189 1970 sed
1201 1903 1285 1970 hanc
1300 1904 1528 1971 necessitatem
1539 1905 1709 1990 imponere

347 2009 498 2075 videntur
521 2025 604 2091 quae
627 2005 777 2072 uberiora
798 2013 873 2072 sunt
894 2007 927 2072 in
950 2006 1068 2072 latinis.
1113 2025 1218 2090 neque
1240 2006 1326 2072 enim
1348 2006 1523 2072 Hirzelium
1545 2008 1600 2090 qni
1622 2007 1708 2074 hanc

347 2111 571 2193 quaestionem
591 2108 765 2192 affectavit,
787 2109 876 2174 nullo
899 2109 996 2175 modo
1017 2107 1130 2192 fugere
1151 2108 1325 2191 debebant,
1348 2109 1480 2190 quaein
1495 2109 1709 2196 Chrysippeis

299 2244 302 2255 ·
347 2219 517 2278 servantur
543 2232 565 2278 a
587 2211 759 2294 Cicerone,
788 2211 908 2276 omissa
929 2217 1004 2276 sunt
1031 2211 1065 2275 in
1092 2212 1218 2294 graecis
1244 2210 1443 2294 fragmentis.
1487 2231 1593 2295 neque
1621 2213 1708 2278 enim

347 2315 484 2381 lacunae
504 2314 538 2379 in
560 2333 685 2398 papyro
707 2311 764 2377 illo
786 2313 858 2378 loco
882 2319 995 2378 extant
1015 2318 1135 2396 tantae,
1158 2319 1193 2378 ut
1215 2312 1316 2378 haece
1334 2330 1451 2396 capere
1472 2312 1598 2396 possint
1620 2315 1641 2398 ξ
1665 2317 1707 2380 39

346 2420 443 2480 ontnrr'
469 2419 622 2498 [catonem
649 2417 828 2478 uniuersum
853 2461 861 2477 .
887 2462 894 2478 .
918 2461 926 2479 .
953 2417 1053 2496 iqnem
1077 2425 1242 2496 praetereo
1269 2421 1298 2476 et
1323 2433 1391 2476 enm
1420 2435 1508 2495 quem
1536 2425 1610 2480 ente
1638 2419 1708 2480 diet

347 2519 482 2595 cethea,
505 2565 513 2582 .
537 2567 544 2581 .
566 2565 574 2582 .
598 2539 677 2601 qnae
699 2526 817 2581 nutare
836 2517 965 2597 fluerent
987 2527 1078 2600 atque
1099 2527 1262 2582 manarent
1283 2525 1317 2578 ut
1339 2527 1367 2578 et
1390 2534 1505 2597 aquam
1532 2529 1560 2581 et
1590 2529 1707 2582 ter-ram

347 2631 376 2684 et
398 2641 476 2685 nero
579 2623 658 2705 §40
679 2639 758 2703 quoe
780 2621 872 2700 quari
893 2621 959 2681 due
972 2622 1055 2683 ottae
1077 2629 1106 2682 et
1121 2623 1272 2701 mapistrn
1286 2620 1422 2699 officinm
1444 2622 1484 2682 rit
1508 2665 1564 2685 ...
1588 2625 1706 2703 sempi-

348 2733 468 2788 ternom
488 2743 592 2786 rerum
613 2726 792 2805 futurarum
812 2723 979 2784 ceritatem.
1014 2721 1078 2786 sint
1100 2740 1180 2786 sane
1196 2741 1262 2785 non
1276 2720 1367 2785 nulla
1381 2721 1526 2788 unctiore
1549 2721 1591 2787 M.
1607 2723 1706 2787 Tullii

346 2825 420 2890 stilo
443 2823 650 2910 amplificata,
673 2824 737 2890 siut
759 2821 868 2888 omnia
890 2841 931 2887 ex
953 2822 1055 2905 ipsius
1078 2821 1233 2888 memoria
1247 2822 1370 2906 addita,
1393 2829 1502 2888 tamen
1518 2843 1584 2888 non
1599 2825 1709 2907 negle

347 2927 456 3008 gendo.
470 2934 546 2992 suut
560 2925 717 2994 eiusmodi
732 2923 871 3006 vestigia
884 2923 914 2989 ei
927 2923 980 3006 qui
994 2923 1174 2990 Philodemi
1186 2924 1411 2990 auctoritatem
1426 2930 1608 2991 sustentare
1619 2926 1709 2992 velit.

347 3027 388 3093 de
404 3047 468 3110 qua
482 3049 535 3094 me
549 3027 783 3111 aliquantisper
798 3025 964 3091 dubitasse
977 3025 1092 3110 fateor,
1108 3043 1180 3089 curn
1195 3024 1298 3090 virum
1313 3026 1475 3108 quendam
1486 3025 1707 3092 doctissimum

347 3129 459 3195 ultima
474 3130 590 3214 prioris
605 3130 677 3196 libri
693 3129 791 3214 καιρὸς
806 3127 840 3192 ἂν
857 3126 903 3211 εἴη
918 3129 967 3191 τὸν
982 3129 1046 3213 περὶ
1061 3133 1114 3212 τῆς
1128 3127 1276 3213 εὐσεβείας
1297 3129 1382 3212 λόγον
1396 3135 1449 3213 τῆς
1464 3125 1522 3193 rud
1540 3125 1708 3214 Ἐπίκουρον

346 3233 436 3296 αὐτοῦ
455 3233 652 3318 παραγράφειν
667 3232 713 3298 sic
729 3229 892 3314 explicare
915 3229 1142 3314 meminissem,
1165 3237 1201 3294 ut
1215 3233 1411 3316 παραγράφειν
1425 3251 1492 3297 non
1507 3233 1708 3294 adscribendi

347 3331 402 3420 [sc.
419 3333 614 3422 coronidem]
630 3336 688 3401 sed
704 3333 899 3400 emmonem·
914 3331 979 3398 vim
994 3331 1138 3398 haberet.
1153 3331 1159 3362 ¹
1183 3331 1368 3399 hinc·simnl
1383 3331 1430 3397 ait
1445 3331 1530 3398 viam
1545 3339 1660 3416 patere
1675 3341 1710 3398 ut

346 3437 515 3503 Phaedrus
530 3437 586 3503 ille
607 3439 685 3522 περὶ
708 3438 799 3500 θεῶν
815 3433 962 3501 Ciceroni
978 3433 1051 3499 lons
1066 3432 1298 3519 restitueretur,
1321 3454 1417 3518 quern
1439 3434 1538 3500 ethic
1554 3442 1587 3501 ct
1602 3435 1712 3500 Philo-

345 3539 468 3622 demus,
491 3540 550 3606 sed
571 3538 753 3605 accuratius
779 3543 813 3603 et
834 3537 961 3620 plonius
982 3535 1207 3618 excerpsisset
1250 3537 1326 3602 nolo
1354 3535 1482 3602 diffiteri
1513 3535 1591 3601 mihi
1624 3538 1710 3602 hanc

346 3641 504 3708 rationem
526 3640 624 3708 valde
645 3640 809 3708 adrisisse.
841 3658 918 3704 narn
940 3637 1007 3703 alia
1028 3637 1184 3704 accedere
1206 3637 1367 3704 ridebam.
1395 3637 1517 3720 primus
1538 3638 1621 3704 liber
1635 3639 1711 3722 Epi-

346 3761 513 3807 cureorum
529 3741 665 3807 duorum
679 3743 779 3808 libros
794 3740 950 3824 respexit:
966 3741 1049 3805 alter
1062 3739 1123 3804 fuit
1137 3739 1289 3824 Zenonis,
1306 3738 1393 3822 quod
1409 3739 1615 3805 Petersenius
1632 3741 1710 3805 olim

346 3842 561 3928 diuinarerat,
584 3841 785 3910 confirmavit
799 3841 960 3908 Hirrelius
980 3861 1012 3924 p.
1026 3843 1063 3904 11
1078 3862 1135 3925 sq,
1157 3842 1242 3908 alter
1257 3839 1522 3924 philosophorum
1539 3841 1711 3926 opiniones

346 3946 543 4030 complexus,
566 3945 775 4011 Philodemus
796 3952 832 4011 ut
853 3945 950 4026 vulgo
974 3941 1117 4008 credunt.
1151 3949 1187 4008 at
1209 3941 1319 4008 confer
1333 3943 1349 4006 I
1365 3943 1406 4007 33
1421 3951 1455 4004 93
1477 3961 1573 4024 quam
1598 3943 1711 4008 dedita

347 4065 448 4129 opera
470 4047 639 4113 Phaedrus
662 4053 695 4112 et
716 4047 805 4112 Zeno
828 4053 942 4112 contra
964 4051 1140 4128 ponantur:
1173 4065 1246 4108 num
1268 4046 1411 4109 Phaedro
1438 4046 1516 4108 nnn
1539 4048 1712 4128 elepanttuc

346 4149 424 4210 nituit
443 4150 617 4226 humanius,
638 4150 694 4212 ced
716 4151 966 4214 atomoeholratur
986 4167 1083 4212 cenem
1096 4150 1125 4210 ai
1141 4149 1216 4229 quid
1231 4150 1377 4228 oupertus
1391 4149 1534 4211 dicerem
1551 4193 1558 4208 .
1575 4195 1583 4210 .
1600 4195 1608 4211 .
1625 4151 1710 4214 Zeno
1841 4153 1842 4182 ³

347 4251 469 4330 quidem
496 4270 558 4314 non
585 4271 638 4315 eoa
659 4253 759 4316 solum
788 4255 925 4333 quitum
952 4259 1042 4314 erent
1070 4251 1294 4332 Apollodorum
1324 4251 1422 4313 Situm
1452 4261 1570 4314 ceterum
1598 4253 1711 4334 fipehnt

346 4353 535 4428 maledictis,
563 4355 620 4416 red
645 4355 797 4417 Socraten
824 4357 926 4434 ipram
949 4362 1109 4435 parentem
1134 4354 1349 4435 philosophiae
1376 4355 1474 4416 lutino
1502 4355 1595 4417 nerto
1623 4364 1711 4418 ntem

346 4473 489 4516 emmam
504 4456 639 4517 Atticum
660 4457 759 4535 sutem
781 4458 912 4533 ritcehat,
936 4457 1138 4540 Chrysippum
1159 4475 1323 4538 numquam
1349 4458 1412 4518 nisi
1427 4457 1632 4539 Chrysippum
1652 4477 1713 4520 no-

346 4555 447 4619 cubat.
479 4555 644 4622 Zenonem
666 4557 764 4622 etiam
786 4558 857 4623 121
875 4567 908 4621 59
930 4559 977 4623 sic
999 4555 1202 4642 significavit,
1234 4563 1270 4623 ut
1292 4557 1354 4623 nisi
1377 4558 1431 4642 qui
1447 4557 1589 4624 Tulliani
1611 4557 1711 4624 moris

346 4661 396 4722 est
410 4655 552 4742 ignarus,
574 4658 616 4724 dc
638 4657 728 4725 fonte
750 4659 898 4726 dubitare
920 4679 986 4725 uon
1009 4659 1122 4744 possit.
1155 4659 1234 4742 qnid
1255 4659 1354 4742 igitur
1375 4659 1504 4726 facilius
1519 4659 1563 4726 ad
1578 4659 1711 4726 creden·

420 4895 427 4927 ¹
446 4901 513 4948 iuter
530 4900 585 4949 alta
602 4901 682 4950 multu
699 4899 813 4964 Simplic.
831 4901 856 4950 d.
876 4901 939 4949 cael.
959 4916 983 4964 p.
996 4897 1066 4951 488·
1082 4899 1113 4951 17
1126 4900 1170 4949 Br.
1191 4899 1331 4964 Hipparch.
1350 4900 1383 4948 ad
1396 4901 1495 4950 Phaeu.
1516 4901 1528 4949 I
1546 4917 1571 4964 p.
1592 4897 1641 4950 173
1651 4901 1709 4950 Pet.

348 4987 441 5037 Galen.
462 4987 495 5036 de
513 4987 581 5051 plac.
601 4989 635 5037 H.
654 4995 679 5036 et
697 4989 728 5038 P.
746 5003 771 5051 p.
783 4984 878 5038 30011.
896 4984 948 5037 404
961 4987 993 5037 Κ.
1023 4987 1090 5038 Plut.
1109 4987 1224 5037 Demetr.
1242 4985 1282 5036 13.
