3708 5732
467 205 482 250 t

331 400 393 462 116
541 401 608 448 vm
644 399 693 448 DE
712 396 968 450 THEOPHRASTI
987 395 1220 447 Parsrnonun
1240 391 1477 446 OPINIONIBUS

328 567 419 634 dedit
440 567 459 608 *
481 569 514 632 ἐκ
537 573 647 652 μικρῶν
670 565 797 632 omissis
818 568 867 628 τὸν
890 567 923 628 δὲ
944 565 1055 649 πικρὸν,
1072 564 1249 630 Vossianus
1272 562 1359 628 idern
1381 581 1423 630 ns
1445 563 1538 646 signo
1560 561 1689 646 quidem

328 672 465 735 lacunae
480 669 602 734 addito.
626 670 723 752 paulo
738 667 823 733 inira
838 667 902 734 oris
914 665 1122 732 Laurentiaui
1137 665 1278 733 evanida
1293 663 1374 730 haee
1388 664 1553 749 adsenpta
1567 665 1691 732 invenit

282 776 286 782 '
327 771 516 838 Brandisius
537 771 718 856 περιφέρειαν
740 762 846 851 stiur]
867 770 916 832 aul
938 770 1118 854 κάμπαρον
1141 767 1278 854 ἔχουσαν.
1311 769 1355 830 διὸ
1377 768 1425 830 καὶ
1447 770 1593 853 γλισχρῶν
1615 767 1689 832 εἶναι

327 877 462 958 κολλώδη
485 873 607 958 ἅλμυροι
629 874 662 936 δὲ
683 877 725 956 τῷ
749 872 783 934 ἐκ
806 873 938 954 μεγάλων
962 871 1009 934 καλ
1032 871 1067 934 οὐ
1086 877 1248 956 περιφερῶν
1264 869 1362 934 ἀλλ’.1
1398 869 1528 954 legendi
1544 868 1690 936 laborem

329 977 522 1062 supterfugit
545 975 598 1058 qui
621 974 700 1038 illud
723 973 889 1056 exemplar·
911 971 1064 1038 condidit.
1096 992 1171 1038 narn
1190 972 1367 1038 omiserunt
1382 971 1491 1038 omnia
1513 978 1547 1038 et
1561 971 1691 1038 Vossia-

327 1101 388 1146 nus
416 1085 448 1146 et
471 1077 646 1144 Canutius.
680 1075 766 1140 idem
788 1074 908 1140 sautum
930 1075 1008 1155 §to
1029 1073 1084 1139 ubi
1106 1074 1133 1138 F
1152 1076 1200 1140 καὶ
1226 1064 1278 1156 silli
1304 1076 1401 1164 αὐτῶν
1432 1074 1532 1142 habet
1557 1095 1690 1158 prorsus

329 1180 524 1247 oblitteratis
546 1199 630 1261 quae
652 1177 821 1243 interieeta
842 1183 935 1242 erant
958 1177 1006 1240 διὰ
1027 1182 1085 1240 τῶν
1108 1177 1283 1242 venabulis.
1303 1177 1314 1209 ²
1349 1175 1425 1243 inde
1448 1175 1623 1244 omiserunt
1644 1178 1690 1242 la·

330 1303 414 1348 euna
441 1283 585 1348 indicata
611 1279 777 1346 Canutius
804 1299 875 1344 curn
902 1277 1072 1344 Vossiano.
1117 1279 1203 1364 idern
1229 1299 1339 1346 rursus
1365 1279 1442 1360 §13
1467 1278 1603 1364 factum,
1633 1279 1689 1346 ubi

328 1388 424 1471 ἑαυτῷ
441 1390 514 1469 post
528 1386 682 1468 διαφωνεῖν
698 1401 830 1466 prorsus
847 1381 1021 1446 evanidum
1041 1380 1074 1446 in
1089 1379 1116 1444 F
1139 1400 1212 1448 esse
1233 1387 1370 1448 testatur
1391 1380 1590 1464 Brandisius,
1611 1382 1691 1446 orni-

327 1494 437 1554 serunt
466 1485 632 1552 Cannutius
654 1484 841 1550 Vossianus.
875 1483 952 1562 §66
974 1501 1086 1547 verum
1113 1481 1212 1549 babet
1234 1485 1261 1548 P
1287 1485 1470 1570 ἐπιτοφλοῦν,
1496 1469 1610 1556 irrffsllsi
1633 1503 1690 1550 ex-

324 1589 435 1656 tremis
457 1587 600 1652 funditus
622 1587 738 1652 deletis
761 1585 796 1650 F.
831 1583 1008 1650 Vossianus
1034 1591 1143 1650 tamen
1165 1588 1406 1672 ἐπιτοφλούμενα,
1429 1585 1594 1652 Camotius
1615 1586 1689 1652 bar

325 1691 404 1757 bare
427 1692 512 1772 ἐπιτῇ
535 1690 693 1774 φλούμενοι.
729 1705 882 1770 perversa
904 1685 995 1752 verbi
1015 1685 1120 1752 forma
1142 1695 1247 1754 utrum
1269 1689 1304 1754 in
1319 1689 1345 1754 F
1363 1688 1439 1754 olim
1461 1687 1558 1754 fuerit
1578 1707 1622 1754 an
1644 1708 1689 1754 ex

325 1791 504 1858 obscuratis
525 1791 672 1875 apieibus
693 1795 808 1872 postea
830 1787 1006 1852 divinando
1030 1789 1162 1872 expleta
1182 1791 1235 1874 sit,
1256 1811 1321 1856 non
1343 1789 1533 1857 diiudioabit
1546 1790 1608 1856 nisi
1630 1791 1688 1874 qui

324 1893 534 1960 Laurentiani
565 1893 694 1958 lituram
723 1891 830 1957 aerius
857 1889 1059 1956 examinarit
1105 1891 1186 1958 haee
1208 1891 1305 1976 igitur
1326 1899 1393 1958 taur
1415 1891 1589 1958 manifesta
1610 1901 1689 1958 sunt

325 1996 457 2079 originis
478 1995 608 2079 indioia‚
630 2001 666 2059 ut
688 1991 959 2076 quemadmodum
981 1991 1077 2059 aliter
1099 2000 1131 2059 te
1152 1994 1309 2079 expedias
1323 2015 1455 2079 prorsus
1470 1993 1622 2060 nesciam.
1650 2003 1687 2060 at

325 2098 455 2164 obstare
478 2097 629 2164 videntur
650 2097 714 2162 duo
737 2096 809 2162 loei.
846 2095 984 2180 primunr
1006 2097 1084 2176 §74
1106 2105 1193 2162 reete
1216 2095 1409 2162 Camotiana
1431 2115 1503 2162 eum
1524 2096 1685 2164 vossiano

323 2199 456 2268 exhibet
481 2201 627 2270 εὐδιόδους
643 2247 651 2263 .
668 2197 710 2264 ἔτι
733 2200 781 2276 δὲ,
811 2197 880 2264 hiat
902 2197 928 2262 F
951 2198 1013 2262 εὐδϊ
1025 2245 1033 2264 .
1065 2197 1118 2262 ἔτι.
1140 2217 1245 2281 neque
1273 2197 1480 2282 obseuratae,
1513 2206 1549 2264 ut
1575 2219 1686 2284 snpra,

323 2303 382 2368 sed
405 2323 445 2369 ex
467 2302 614 2369 mutilato
637 2299 816 2384 exemplari
837 2300 1052 2384 transeriptas
1074 2305 1149 2366 sunt
1171 2299 1309 2366 litterae.
1344 2299 1445 2382 qnid?
1466 2300 1535 2366 siP
1555 2321 1686 2386 quoque

321 2407 383 2470 εόὂϊ
450 2405 493 2469 ἔτι
541 2403 723 2486 oonfirmat,
751 2403 962 2486 antiquumne
989 2401 1061 2466 istis
1093 2401 1238 2468 eodieem
1265 2401 1336 2486 ipso
1363 2403 1390 2466 P
1413 2405 1684 2485 praestantiorem

322 2514 452 2593 praesto
463 2507 563 2574 irrisae
576 2505 712 2572 esnses‘?
733 2511 769 2570 at
780 2505 855 2570 ride
866 2523 963 2587 quarn
981 2503 1077 2570 iaeile
1094 2502 1189 2570 fuerit
1208 2523 1248 2571 ex
1266 2503 1397 2587 ingenio
1410 2511 1521 2588 petere
1533 2505 1687 2572 adieetivi

322 2611 582 2694 supplementum
611 2627 682 2672 curn
711 2607 902 2691 praesertim
928 2607 1076 2670 δοσδίοδον
1099 2608 1176 2690 §73
1198 2605 1419 2690 praesederet.
1461 2626 1568 2690 neque
1596 2609 1684 2676 enirn

321 2714 382 2779 XV
404 2713 545 2796 saeeulo,
573 2710 627 2776 ubi
650 2731 691 2777 ex
714 2709 740 2774 F
763 2709 959 2793 deseriptunr
981 2727 1054 2774 esse
1075 2707 1223 2792 arbitrer,
1251 2706 1305 2791 qui
1333 2707 1522 2775 eonioiendo
1546 2718 1684 2778 eatenm

321 2818 469 2883 valerent
483 2814 627 2881 deluere.
660 2832 721 2878 neo
743 2812 861 2878 desunt
882 2810 998 2876 attenti
1020 2809 1142 2876 librarii
1158 2811 1224 2878 alia
1238 2811 1387 2894 raugia.
1422 2818 1458 2878 ut
1478 2813 1554 2896 §ii
1579 2817 1684 2901 μικρὸν

322 2917 478 2984 mendoso
502 2915 615 3000 μακρὰν
638 2921 725 2981 reete
746 2913 924 2980 Vossianus
945 2933 1017 2979 eum
1040 2912 1189 2978 (lamatio
1213 2913 1446 2980 substituerunt
1468 2935 1528 2980 neo
1550 2937 1685 3000 prorsus

319 3023 430 3104 inepte
452 3021 529 3102 §58
551 3021 630 3103 παρὰ
651 3021 710 3082 τῶν
732 3018 870 3101 πρότερον
892 3021 1108 3098 mutaverunt,
1131 3013 1185 3080 ubi
1202 3014 1228 3078 F
1244 3017 1309 3100 περὶ
1331 3021 1389 3080 τῶν
1412 3017 1549 3102 πρότερον
1572 3019 1684 3088 babet.

320 3122 418 3206 quid?
451 3141 609 3187 nasumne
640 3119 686 3184 illi
717 3118 818 3184 luisse
847 3137 948 3200 negas
976 3117 1029 3200 qui
1057 3119 1135 3200 §30
1161 3123 1242 3183 extr.
1269 3117 1382 3184 vitium
1410 3119 1564 3186 odoratus
1590 3124 1683 3186 δεῖται

319 3227 504 3311 διορθώσεως
526 3224 609 3294 οὗτος
632 3226 648 3286 i
670 3223 755 3305 λόγος
776 3219 982 3286 adnotavit.³
1020 3218 1143 3284 soilieet
1168 3219 1253 3304 ἀέρος
1275 3219 1505 3304 interpolatum
1536 3224 1683 3306 offendit,

319 3328 406 3411 quod
422 3347 443 3392 a
458 3326 552 3392 nobis
566 3320 808 3390 iam'snblatum
829 3329 887 3388 est.
926 3343 968 3390 ne
983 3321 1149 3388 Gamotius
1170 3321 1300 3404 quidem
1320 3323 1485 3390 Turrisani
1505 3326 1683 3395 laudibus⁴

318 3451 450 3514 prorsus
464 3428 617 3510 indignus
632 3433 692 3492 est.
724 3445 799 3490 narn
822 3425 900 3508 §49
921 3431 999 3492 ants
1021 3426 1210 3490 ἀλλοιοῦσθαι
1232 3431 1320 3490 reete
1336 3426 1500 3509 supplevit
1515 3434 1569 3514 τῷ,
1592 3430 1681 3497 idem

318 3534 394 3615 §19
416 3533 470 3616 γὰρ
493 3533 538 3594 δεῖ
558 3550 616 3613 pro
638 3529 693 3612 γὰρ
716 3529 752 3611 δὴ
776 3526 802 3591 F
826 3523 1015 3612 [Vossianus
1037 3525 1086 3612 δὴ]
1109 3526 1259 3592 restituit.
1294 3534 1343 3592 est
1366 3527 1421 3592 ubi
1443 3527 1527 3596 falsa
1552 3553 1683 3617 quoqne

316 3633 527 3699 inculpaverit
553 3638 588 3696 ut
610 3631 686 3713 §18
713 3632 827 3713 δρῶμεν
855 3649 915 3712 pro
942 3633 1012 3714 ὁρᾷ,
1040 3630 1117 3711 §53
1145 3631 1199 3694 ἀνὰ
1227 3629 1383 3712 πρόσωπον
1406 3629 1505 3710 ὄντας,
1534 3633 1588 3700 ubi
1611 3637 1682 3701 PF

315 3736 410 3801 Voss.
432 3734 587 3807 mendose
610 3733 644 3797 ἂν
664 3733 820 3816 πρόσωπον
835 3730 904 3796 ὅντα
919 3752 978 3815 pro
993 3731 1133 3812 genuino
1149 3732 1367 3816 ἀντιπρόσωπον
1383 3732 1451 3798 ὄντα
1465 3734 1679 3806 tradiderant.

315 3837 395 3901 talia
410 3837 503 3902 attuli
518 3836 722 3903 nestatius<
737 3832 818 3896 illud
832 3840 899 3898 turn
914 3833 984 3900 sine
999 3833 1145 3900 eodiourn
1168 3855 1230 3919 ope
1253 3835 1376 3901 restitui
1399 3835 1543 3920 potuisse
1565 3859 1677 3923 negas.

314 3946 351 4003 at
372 3940 456 4004 alter
476 3940 566 4003 loeus
588 3934 761 4019 repando
784 3935 929 4018 suppleri
951 3955 1017 4000 non
1039 3937 1153 4020 potuit.
1188 3938 1243 4021 §2
1265 3935 1408 4006 verbani
1423 3939 1456 4002 δὲ
1471 3940 1524 4022 τὴν
1539 3940 1679 4026 αἴσθησιν

387 4093 395 4122 ¹
414 4095 472 4145 Bar
488 4089 542 4144 ‘am
554 4091 649 4144 Raude
668 4110 697 4143 re
717 4091 866 4144 norbliebea
885 4092 949 4144 dara
967 4108 995 4142 es
1006 4093 1067 4158 fast
1085 4093 1160 4144 nicht
1178 4110 1212 4144 aa
1229 4095 1301 4146 terea
1318 4111 1375 4146 ιοαι·
1393 4113 1442 4147 oen
1456 4097 1508 4148 dea
1524 4111 1679 4164 perper-rem

321 4179 424 4232 Wortea
443 4197 494 4232 aar
513 4180 556 4232 die
575 4195 654 4246 auepe
671 4197 705 4231 aa
723 4173 871 4232 ahenam?
914 4195 1006 4230 vereor
1023 4189 1052 4230 ut
1070 4183 1158 4233 omnia
1175 4191 1243 4233 recte
1262 4185 1424 4248 adgnoverit.

385 4261 475 4318 πἰιιιιν
494 4267 523 4318 in
542 4267 585 4318 die
604 4266 707 4318 Lnecke
718 4265 803 4334 fueltt
824 4265 909 4318 laida·
927 4283 970 4316 am
988 4264 1084 4318 Raude
1103 4267 1150 4320 des
1168 4267 1224 4319 rod.
1242 4271 1382 4334 queritat
1400 4269 1560 4326 anteacta)

384 4353 395 4386 ³
414 4357 440 4406 in
461 4357 574 4420 margine
594 4356 716 4406 Vossiani
735 4357 767 4406 ab
786 4357 868 4407 altera
886 4363 958 4420 parte
977 4338 1042 4406 ἆΔί
1058 4372 1086 4406 τι
1104 4351 1234 4424 διόρθωσιν

972 4425 992 4508 ᾗ
1006 4437 1078 4500 οὗτος
1096 4439 1110 4492 ὁ
1129 4440 1201 4510 λόγος

313 4531 346 4580 ab
365 4533 446 4581 altera
465 4534 550 4596 inepte
569 4533 663 4596 scripta
680 4541 740 4582 sunt
758 4529 837 4598 ἀέρος.
856 4529 888 4580 τὰ
905 4527 931 4580 a
950 4527 1028 4598 μικρὰ
1045 4531 1091 4597 τῆς
1109 4531 1213 4598 πυκνῆς.
1232 4535 1384 4598 transcripta
1397 4533 1485 4600 priora
1503 4551 1559 4586 ease
1578 4553 1610 4586 ex
1629 4552 1676 4586 vs-

314 4621 418 4668 iustiore
443 4619 562 4684 exemplo
590 4619 649 4668 inde
672 4621 786 4670 conicias
811 4618 881 4680 quod
900 4620 1062 4682 corruptiora
1080 4625 1140 4668 sunt
1164 4619 1250 4680 verba,
1273 4627 1327 4670 turn
1351 4623 1412 4684 qula
1430 4623 1551 4688 adsenpti
1575 4626 1676 4673 numeri

312 4721 415 4754 sensura
437 4708 488 4756 iarn
513 4720 566 4755 non
590 4705 692 4756 babent.
728 4715 813 4756 uetera
842 4715 927 4756 autem
950 4707 1061 4770 margini
1082 4705 1213 4786 adscripta
1235 4721 1268 4757 ex
1292 4709 1392 4772 vulgari
1415 4711 1535 4776 exemplo
1557 4717 1677 4762 recenter

313 4801 372 4841 sunt
390 4792 486 4843 addita.

382 4877 392 4908 ⁴
412 4881 557 4930 Camurium
575 4883 600 4929 in
616 4881 775 4944 praefatione
794 4879 932 4930 Fadericus
952 4881 1108 4930 Turrisauus
1128 4878 1230 4942 libram,
1250 4883 1295 4943 ait,
1314 4897 1451 4950 nunquam
1465 4891 1546 4934 antea
1564 4881 1679 4949 impret-

311 4983 367 5014 ιιιοι
386 4965 433 5031 qai
451 4964 484 5016 de
502 4966 620 5016 sororibus
639 4966 793 5018 imeribr'tar
812 4965 907 5031 optime
926 4965 1093 5017 emendatam
1112 4965 1266 5018 addendam
1285 4970 1428 5021 amavisse.
