3756 5736
346 385 410 450 254
640 387 733 438 xvrn
769 389 818 436 on
839 387 976 436 σκοποί
995 385 1165 436 nrsnonrs
1186 383 1414 436 onnosornn

345 577 376 639 p.
393 555 466 634 657,
485 559 525 622 lb
547 557 600 638 qui
623 558 653 620 ἐν
672 561 732 626 τοῖς
746 555 933 636 καλουμένοις
948 553 1150 638 ἀκροατηρίοις
1165 557 1367 638 φωνασκοῦσιν
1382 551 1555 620 ἐνσπόνδους
1570 549 1708 634 λαβόντες

345 659 489 742 ἀκροατὰς
510 660 558 722 καί
581 659 747 744 χειροήθεις
768 656 914 726 ἑαυτοῖς.ι
948 661 1052 721 ortero
1076 655 1207 722 saoeulo
1230 655 1381 737 exempla
1402 652 1533 718 fuerunt
1554 655 1613 716 τῶν
1628 655 1707 737 φιλο-

346 763 535 846 σοφησάντων
558 761 588 824 ἐν
610 759 681 842 δόξῃ
697 764 749 822 τοῦ
765 755 978 844 σοφιστεῦσαι’
1000 757 1182 824 Favorinus
1205 763 1238 822 et
1258 755 1419 821 Maximus
1441 753 1569 846 Tyrius,
1592 761 1709 838 posteo

346 863 543 930 Themistius
566 881 626 928 neo
648 869 724 926 onte
746 867 874 927 sextum
897 861 1071 944 seeoulum,
1095 879 1167 924 ourn
1192 858 1290 925 etiam
1311 855 1518 941 philosophia
1538 856 1707 942 obmutuit,

347 965 513 1048 sophistae
539 970 571 1028 et
593 962 711 1028 dooere
739 969 773 1028 et
795 962 899 1028 audiri
928 967 1146 1028 cessaverunt.
1191 959 1445 1045 Byzantinorum
1468 959 1610 1042 denique
1631 965 1709 1026 tenr-

347 1067 477 1150 poribus
499 1065 618 1130 foetum
641 1071 676 1128 ut
698 1085 739 1130 ex
761 1064 822 1130 fori
844 1083 884 1130 oo
906 1064 1023 1130 theatri
1046 1064 1118 1130 lnoe
1133 1063 1262 1128 illorum
1284 1069 1318 1129 et
1340 1063 1447 1128 studio
1469 1068 1502 1128 et
1524 1062 1593 1128 rito
1616 1063 1706 1128 sein

345 1171 553 1253 pergotorum
575 1166 727 1233 tenebras
751 1166 897 1232 abderet.

431 1272 482 1336 De
510 1269 600 1354 pollii
630 1271 716 1334 molo
743 1267 961 1334 ostentatione
990 1269 1077 1351 quod
1100 1268 1245 1333 Galenus
1273 1265 1422 1350 obiurgat
1442 1267 1565 1332 nullom
1588 1267 1707 1332 aetatis

345 1379 455 1438 notam
482 1372 598 1456 prodit.
632 1369 767 1436 Luoioni
792 1391 873 1436 sane
897 1375 1007 1436 notate
1036 1379 1069 1436 et
1096 1377 1195 1436 anteo
1222 1369 1302 1434 nihil
1325 1375 1376 1434 est
1401 1367 1506 1434 tritius
1533 1387 1630 1450 quom
1651 1392 1707 1452 τρι·

347 1476 589 1560 βωνοφορούντων
616 1494 682 1538 non
710 1472 780 1538 sine
806 1470 929 1536 invidia
957 1473 1179 1539 memoratio.⁸
1219 1472 1277 1538 sed
1305 1469 1415 1554 quidni
1443 1476 1557 1552 posteo
1579 1491 1707 1553 quoque

346 1576 613 1661 philosophorum
627 1573 768 1658 insignia
784 1573 967 1640 hominibus
981 1575 1102 1642 derisni
1117 1573 1218 1640 fuisse
1233 1573 1404 1657 putemus?
1425 1573 1515 1638 velut
1531 1572 1708 1655 Gregorius

347 1679 500 1744 Nazianz.
529 1678 603 1744 adv.
631 1678 690 1741 Iul.
718 1681 799 1741 orat.
819 1675 864 1739 IV
893 1697 924 1758 p.
942 1675 1037 1742 112ss
1064 1677 1114 1742 ed.
1138 1675 1210 1740 Bill.
1237 1675 1266 1739 τί
1292 1678 1433 1761 φήσουσιν
1464 1676 1491 1738 οἱ
1520 1679 1572 1738 τοῦ
1601 1674 1707 1744 αἰῶνος

346 1782 449 1846 τούτου
476 1781 560 1866 σοφοὶ
591 1781 618 1842 ot
645 1779 696 1848 τὰς
724 1777 844 1862 βαθείας
867 1777 978 1861 ὑπήνας
1000 1778 1132 1848 ἕλκοντες
1153 1780 1202 1843 καί
1224 1780 1257 1842 τδ
1280 1779 1392 1862 κομψὸν
1415 1777 1614 1862 περισόροντες
1636 1781 1706 1862 ἡμῖν

346 1886 505 1970 τριβώνιον.
530 1880 647 1946 Iuliani
670 1879 791 1946 similes
814 1880 904 1944 looos
926 1878 1057 1961 eollegit
1072 1881 1233 1966 Heylerns
1255 1879 1299 1944 od
1320 1879 1438 1944 Iuliani
1459 1880 1552 1963 epist.
1568 1900 1600 1962 p.
1611 1881 1707 1945 34t.⁴

346 2006 422 2052 nom
445 1991 570 2051 mature
591 2003 613 2048 a
633 1981 770 2066 profano
793 1980 891 2062 vulgo
914 1999 950 2046 se
978 1980 1149 2048 ambitioso
1172 1981 1264 2067 pollii
1287 1980 1471 2047 discrimine
1498 1981 1706 2048 seiunxerunt

348 2086 533 2172 philosophi
556 2093 589 2152 et
610 2085 765 2152 rhetores.
810 2081 858 2146 illi
880 2082 1019 2166 pullum,
1046 2082 1192 2150 rhetores
1214 2084 1345 2150 rubrum
1367 2081 1500 2166 pallium
1523 2083 1707 2165 gestabant.

347 2190 434 2272 quod
448 2194 599 2256 soouroto
613 2187 710 2252 dooet
729 2183 829 2250 sohel.
845 2183 880 2248 in
896 2183 1031 2266 Gregor.
1045 2185 1124 2252 Non.
1142 2183 1272 2273 [Mignei
1287 2185 1404 2268 patrol.
1420 2203 1467 2268 gr.
1479 2185 1622 2252 XXXVI
1632 2184 1706 2272 906]

347 2292 483 2377 τρίβωνες
499 2293 532 2354 δὲ
547 2288 749 2376 περιβλήματοί
762 2310 835 2364 τινα,
857 2291 915 2350 τῶν
932 2287 1063 2371 ῥητόρων
1086 2290 1138 2370 μὲν
1160 2289 1279 2374 ίρυδροί
1299 2311 1331 2352 τε
1353 2288 1401 2352 καὶ
1423 2294 1557 2372 φοινικοῖ,
1577 2291 1657 2375 φοιιοί
1674 2291 1706 2354 δὲ

346 2398 405 2456 τῶν
427 2394 606 2478 φιλοσόφων.
639 2392 812 2476 παράσημον
836 2391 869 2454 δὲ
883 2393 969 2452 τοῦτο
984 2389 1021 2474 ἧν
1035 2389 1134 2461 αὐτοῖς
1154 2389 1222 2456 καθ’
1243 2391 1368 2474 ἑκάστην
1388 2391 1566 2475 φορούμενον
1590 2396 1630 2462 doc
1651 2397 1710 2462 τοῖς

347 2495 579 2578 πολιτευομένοις
603 2488 870 2579 [magistratibus]
893 2493 926 2554 τδ
950 2493 1009 2556 νυνὶ
1032 2495 1228 2578 σκαραμαλιον
1252 2494 1286 2575 [l.
1308 2494 1512 2577 σκαροίμαριον
1534 2512 1576 2560 ex
1598 2491 1709 2577 (tyrini

347 2597 450 2664 loxioo
463 2597 552 2682 apud
565 2594 739 2662 Μουσείου]
754 2593 852 2676 gloss.
867 2593 1076 2675 gmeooborb.
1092 2617 1123 2679 p.
1137 2597 1210 2679 504,
1226 2594 1279 2677 qui
1295 2595 1409 2662 eodem
1424 2595 1565 2678 repetit].
1588 2601 1708 2678 quanto

346 2699 453 2765 studio
487 2699 598 2783 quinto
628 2715 758 2780 quoquo
791 2695 923 2762 sosonlo
953 2695 1120 2778 dignitatis
1145 2696 1226 2762 illud
1251 2695 1378 2778 signnm
1404 2697 1499 2762 tntoti
1526 2703 1636 2764 essent
1660 2717 1709 2762 so·

347 2803 487 2888 phistoo,
514 2797 764 2886 olympiodorus
779 2796 953 2862 Thebaeus
968 2797 1056 2882 opud
1072 2797 1166 2864 Phot.
1182 2819 1208 2864 o.
1217 2799 1260 2866 80
1275 2798 1386 2881 [FHG
1400 2798 1446 2864 IV
1461 2799 1513 2882 63,
1530 2800 1572 2864 28
1583 2798 1707 2880 Musti]

347 2904 427 2970 soite
453 2902 664 2988 desonpsiw
707 2899 766 2966 sed
793 2898 927 2984 pallium
954 2899 1220 2984 philosophorum
1247 2921 1319 2966 oum
1349 2899 1552 2986 philosophis
1577 2900 1708 2984 interiit,

349 3059 750 3068 ---.-.——.—-------———-—-

419 3141 427 3172 ¹
447 3146 477 3194 ot.
498 3145 559 3195 ibid.
578 3163 603 3211 p.
617 3141 677 3206 658,
688 3141 722 3195 39
746 3140 816 3194 αδτοὶ
835 3139 858 3192 δ’
880 3141 901 3194 τί
919 3141 965 3209 μέν
983 3139 1028 3193 είσι
1045 3143 1146 3211 ποιηταί
1165 3143 1208 3195 καὶ
1228 3142 1330 3213 ῥήτορες
1348 3141 1404 3208 [qui
1422 3145 1537 3204 recitant!
1558 3141 1629 3196 οίιδδν
1648 3142 1708 3202 ἴσως

348 3227 432 3280 δεινόν.
464 3229 486 3280 εί
507 3227 531 3280 δ’
557 3229 593 3288 ὼς
617 3227 747 3298 φιλόσοφοι
768 3231 848 3280 ταῦτα
871 3231 1006 3298 πράττουσι
1027 3227 1131 3298 κέρδους
1154 3228 1235 3282 ίνεκιν
1258 3230 1301 3282 καί
1324 3227 1398 3300 δόξης
1419 3233 1465 3299 τῆς
1488 3230 1586 3283 δαυτιῖιν
1611 3229 1641 3284 oh
1663 3236 1710 3302 τῆς

343 3314 608 3386 ὑμετέραςιίυφελείας
630 3317 674 3368 καί
698 3319 773 3368 τοῦτο
792 3313 820 3366 δ’
842 3315 891 3385 ήδη
915 3315 1000 3368 δεινόν.
1029 3319 1060 3368 oi.
1079 3319 1203 3370 Themist.
1222 3328 1287 3370 orat.
1302 3315 1336 3372 28
1355 3337 1379 3385 p.
1397 3316 1450 3372 412
1473 3316 1585 3370 τίκτουσι
1611 3317 1638 3370 δὲ
1661 3317 1708 3389 οὐχ

347 3401 369 3453 οί
392 3401 522 3472 φιλόσοφοι
544 3402 618 3472 μόνον
642 3401 705 3456 ἀλλὰ
728 3403 771 3456 καὶ
797 3402 819 3454 αἱ
842 3403 943 3472 ποιηταὶ
966 3403 1010 3454 καλ
1032 3402 1055 3454 ot
1079 3402 1180 3473 ῥήτορες
1204 3405 1267 3456 πάνυ
1290 3402 1397 3463 πολλοὺς
1420 3403 1515 3472 λόγους.
1543 3403 1601 3458 ἀλλ’
1623 3405 1709 3473 οἱμὲν

347 3489 494 3560 κυδροῦνται
512 3491 553 3543 eo
571 3488 649 3560 ταότη
662 3497 694 3560 τῇ
714 3489 811 3560 παιδείᾳ
824 3490 867 3541 καί
880 3489 1108 3559 έγκαλλωπίζονται
1120 3490 1164 3542 καί
1176 3487 1349 3559 ίναβρόνονται
1361 3491 1405 3542 καὶ
1419 3491 1606 3544 ἀνακοινοῦνται
1620 3491 1709 3549 αὑτοὺς

347 3582 398 3633 τοῖς
421 3575 561 3648 ἀνθρώποις
583 3575 654 3645 bopsi
676 3575 802 3646 ἐξαίροντες
826 3576 858 3633 τίς
881 3573 975 3645 βέατρα
999 3577 1042 3629 καί
1065 3575 1211 3648 πανηφδρεις
1234 3576 1398 3646 ἐσταλμένους
1421 3583 1506 3648 χρυσῷ
1530 3580 1574 3630 καλ
1595 3577 1709 3648 πυρφόρα

347 3665 391 3716 καὶ
410 3663 495 3734 μόρων
514 3663 615 3725 όζοντας
633 3665 676 3716 καὶ
695 3663 929 3733 ίιπογεγραμμένους
947 3663 991 3715 καλ
1010 3663 1211 3734 έντετριμμένους
1230 3666 1359 3733 στεφάνοις
1376 3681 1404 3716 τε
1422 3661 1520 3716 ἀνθέων
1539 3667 1710 3738 ἐστεφανωμέ-

348 3767 411 3807 νους.
438 3751 500 3821 πρὸς
518 3749 543 3803 δὲ
562 3757 598 3821 τῷ
617 3751 706 3821 κόσμῳ
725 3748 793 3802 οὕτω
811 3749 920 3821 λαμπρῷ
939 3749 990 3802 δντι
1009 3752 1053 3802 καί
1071 3747 1201 3802 πολυτελεῖ
1217 3751 1260 3802 καλ
1274 3749 1345 3804 αὐτοὶ
1358 3751 1380 3802 οἱ
1393 3750 1461 3820 λόγοι
1474 3749 1572 3820 αλμίνλοι
1590 3753 1635 3806 stoi
1654 3753 1709 3805 κτλ.

420 3837 572 3890 Ῥίιίίοοα.
592 3843 625 3889 V.
643 3840 669 3890 S.
691 3843 726 3890 tn.
746 3859 770 3906 p.
783 3841 836 3893 479
854 3843 886 3890 de
906 3841 1037 3891 Favorino
1057 3840 1123 3891 seo.
1143 3839 1237 3891 XVIII
1257 3840 1282 3892 7.
1310 3842 1454 3892 Maximum
1473 3846 1599 3907 carpsisse
1617 3845 1709 3894 Ludo·

349 3943 410 3977 num
423 3927 536 3978 Demoo.
550 3927 581 3978 14
593 3929 766 3978 verisimiliter
778 3931 923 3992 suspicetur
935 3929 1068 3978 Fritzsehe
1081 3929 1115 3978 nd
1128 3928 1153 3978 h.
1167 3929 1183 3978 1.
1200 3953 1229 3964 -
1245 3929 1316 3992 qnod
1328 3930 1452 3980 Sidontns
1464 3932 1508 3980 tile
1520 3932 1638 3996 sophim
1649 3947 1708 3996 pro·

348 4016 429 4064 tessus
447 4029 503 4064 esso
523 4015 627 4064 dieitur:
647 4010 677 4064 ἂν
690 4009 858 4083 Ἀριστοτέλης
877 4031 907 4082 με
921 4012 988 4085 καλή
1008 4013 1048 4066 oo
1066 4013 1095 4066 τὸ
1107 4011 1213 4066 Αίικειον
1231 4011 1335 4082 ἕψομαι,
1353 4013 1382 4066 ἂν
1396 4010 1504 4068 Πλάτων
1522 4015 1563 4068 ἐπὶ
1580 4015 1627 4086 τὴν
1639 4011 1709 4068 Ἀκα-

349 4099 451 4168 δήμειαν
469 4097 597 4168 ἀφίξομαι,
615 4098 645 4150 ἂν
663 4097 755 4170 Ζήνων
774 4101 800 4152 ἐν
818 4108 849 4172 πή
870 4097 975 4172 Ποικίλη
994 4099 1131 4171 διατρίψω,
1155 4100 1184 4154 δν
1205 4097 1351 4172 Πυθαγόρας
1370 4101 1436 4172 καλῇ
1456 4103 1624 4172 σιωπήσομαι,
1642 4105 1709 4154 idem

349 4191 380 4238 de
399 4191 512 4256 Hypatio
531 4187 593 4238 dioit
610 4188 704 4239 Snidos
723 4205 743 4238 s.
762 4207 787 4238 ν.
813 4185 1010 4258 περιβαλλομένη
1035 4187 1060 4240 δέ
1084 4187 1192 4258 τρίβωνα
1215 4189 1232 4260 ή
1256 4188 1316 4258 γονὴ
1341 4189 1384 4240 καὶ
1407 4187 1447 4241 διὰ
1465 4189 1542 4257 μέσου
1561 4191 1606 4240 τοῦ
1625 4187 1711 4245 ἄστεος

348 4275 484 4344 ποιουμένη
501 4274 546 4332 τὰς
558 4273 677 4344 προόδους
693 4273 736 4338 [of.
751 4275 844 4328 Geloni
857 4279 937 4328 verbo
950 4293 970 4326 o.
984 4275 1013 4342 2]
1036 4273 1145 4345 ἐξηγεῖτο
1164 4273 1271 4346 δημοσία
1289 4281 1340 4334 τοῖς
1359 4273 1499 4346 ἀκροᾶσθαι
1516 4275 1675 4346 βουλομένοις
1693 4276 1710 4344 ἢ

347 4361 379 4413 τὰ
396 4365 441 4414 τοῦ
461 4357 594 4421 Πλάτωνος
613 4361 629 4432 ἢ
647 4365 692 4414 τοῦ
710 4359 890 4432 Ἀριστοτέλους
908 4361 925 4432 ἣ
945 4359 1022 4414 δλλου
1041 4360 1099 4414 tou
1116 4362 1148 4432 δὴ
1166 4370 1219 4415 τῶν
1237 4363 1387 4434 φιλοσόφων.

419 4449 430 4482 ⁸
448 4453 579 4502 Plutarch.
598 4469 624 4517 p.
637 4449 690 4503 530
713 4467 770 4502 oum
790 4451 983 4516 Wyttenboohti
1006 4459 1069 4502 ποτε
1092 4469 1117 4516 p.
1130 4450 1182 4504 344
1200 4454 1270 4518 Lips.
1296 4453 1404 4514 Qntnttl.
1428 4467 1545 4518 prooem.
1560 4449 1601 4504 15.
1626 4453 1709 4504 Τεισία

349 4555 409 4590 οπο.
419 4540 484 4590 XVI
494 4537 536 4590 32.
556 4538 652 4590 Athen.
665 4555 691 4604 ρ.
700 4536 777 4590 211ιι
797 4538 895 4588 Fronto
908 4539 941 4588 de
953 4539 1041 4602 eloqu.
1053 4556 1079 4604 p.
1089 4536 1141 4591 228
1148 4540 1223 4592 Rom.
1243 4540 1315 4592 cass.
1326 4541 1378 4592 Dto
1388 4542 1477 4592 LXVI
1491 4537 1522 4590 12
1533 4541 1564 4590 fr.
1578 4541 1637 4590 Vnt.
1651 4537 1709 4590 102.

349 4628 456 4678 Lucisn.
475 4628 513 4677 his
532 4643 584 4677 noo.
604 4627 656 4678 ο.6
676 4633 702 4676 et
719 4641 804 4690 saepe.

419 4713 430 4746 ⁴
448 4717 480 4765 of.
498 4715 592 4764 Isidor.
610 4715 698 4765 Peius.
716 4713 755 4762 IV
768 4709 811 4762 34.
831 4707 915 4780 ὥσπερ
934 4708 977 4762 τὸν
996 4709 1131 4780 φιλόσοφον
1150 4709 1198 4782 οδχ
1216 4712 1233 4781 ή
1252 4711 1330 4782 στολὴ
1348 4713 1393 4765 καὶ
1411 4713 1427 4783 ἠ
1448 4711 1572 4783 βακτηρία
1590 4710 1710 4762 δείκνυσιν

348 4799 404 4852 ἀλλ’
425 4800 579 4870 ήπαρρησία
597 4799 668 4868 καὶη
683 4796 795 4850 πολιτεία
814 4799 931 4864 [vivendi
943 4799 1036 4864 ratio]‚
1055 4796 1123 4852 οὕτω
1142 4800 1186 4852 καί
1203 4797 1245 4852 τόν
1264 4800 1403 4870 χριστιανὸν
1422 4798 1452 4851 od
1471 4803 1558 4869 σχῆμα
1577 4799 1620 4850 καὶ
1639 4797 1710 4866 λόγος

347 4885 411 4940 ἀλλὰ
428 4888 518 4957 τρόπος
536 4889 580 4940 καὶ
599 4888 651 4957 βίος
668 4893 705 4957 τῷ
723 4883 792 4956 ὀρθῷ
810 4885 876 4955 λόγῳ
895 4884 1038 4955 ἐφάμιλλος.

419 4973 511 5045 ὃλέγει
533 4975 559 5028 δὲ
582 4976 626 5026 καί
649 4975 683 5032 είς
705 4975 749 5032 τὰς
767 4970 871 5043 Ἀθήνας
893 4979 1000 5042 κατᾶραι
1019 4973 1062 5024 καὶ
1084 4974 1115 5024 τί
1135 4973 1212 5026 atreo
1235 4973 1330 5044 σπουδή
1349 4975 1393 5027 κοιλ
1411 4973 1537 5043 ἐπιμελείᾳ
1557 4973 1590 5031 είς
1608 4972 1651 5024 τὸν
1669 4985 1709 5024 σο-
