3756 5736
727 414 1001 466 rnounoounuu
1483 411 1544 477 227

188 581 245 646 alii
270 580 489 665 Peripatetico
515 579 631 646 librum
658 579 859 648 vindicemus
885 602 957 648 cum
982 583 1066 647 alia'
1091 582 1229 648 suadent
1256 589 1322 648 tum
1344 581 1449 648 foruna
1471 583 1547 646 lem·

185 690 308 748 matum
329 688 440 768 patres
454 681 642 768 patriasque
656 684 915 768 memorantium,
940 703 1004 767 qua
1019 683 1263 768 Theophrastus
1284 685 1319 750 in
1334 683 1547 768 Opinionihus

185 807 263 852 usus
296 792 376 852 erat
430 783 551 852 ibidem
583 785 801 868 Anaxagorae
835 792 922 852 certe
956 787 998 852 de
1030 783 1107 852 Nilo
1145 786 1300 870 placitum
1335 791 1548 870 proposuerat

186 889 331 973 [Hippoi.
354 889 375 954 8
394 885 460 970 5].¹
492 892 623 972 praeter
644 887 893 955 Eratosthenem
915 895 948 954 et
970 889 1182 956 Posidonium
1197 887 1457 970 Agatharchides
1471 909 1548 970 quo·

185 1011 249 1074 que
272 1011 346 1058 eum
367 989 484 1056 librum
507 989 683 1074 excerpsit,
710 991 797 1056 uude
819 996 907 1057 recte
929 989 1108 1056 Diodorum
1122 991 1139 1056 Ι
1155 991 1195 1056 38
1217 989 1360 1074 pendere
1383 989 1548 1073 perspexit

184 1093 320 1160 Roseus.
363 1099 480 1176 postea
505 1092 608 1174 magis
635 1090 837 1158 ferventibus
864 1093 902 1158 in
927 1091 997 1157 dies
1018 1093 1216 1158 naturalium
1237 1090 1463 1175 quaestionum
1485 1097 1549 1156 stu-

185 1195 250 1260 diis
276 1195 318 1262 de
344 1193 419 1262 Nilo
453 1194 599 1260 certatim
625 1194 718 1259 multi
745 1194 920 1278 scripsere,
953 1195 1038 1260 unde
1060 1194 1195 1260 Diodori
1218 1191 1363 1260 Senecae
1385 1191 1547 1278 Anonymi

192 1296 384 1382 Florentiui,
406 1295 615 1382 Apolloniam
637 1295 847 1381 scholiastae,
868 1297 954 1362 Aetii
977 1297 1111 1380 eclogae
1133 1303 1275 1364 aetatem
1298 1296 1449 1379 tulerunt,
1472 1314 1549 1378 qua-

186 1419 257 1464 rum
285 1398 539 1484 discrepantiam
566 1418 638 1465 eum
664 1399 860 1465 Aristoteleo
891 1404 1043 1482 excerpto
1069 1398 1252 1464 nominibus
1280 1397 1547 1482 philosophorum

185 1501 372 1585 compositis
394 1500 453 1568 suh
475 1521 574 1566 unum
596 1507 804 1586 conspectum
834 1501 920 1568 ferre
941 1500 1046 1568 risum
1069 1509 1127 1568 est.

264 1691 271 1721 ¹
291 1693 463 1742 memorabilis
482 1701 522 1742 est
538 1694 686 1742 Aristotelia
704 1695 786 1755 latini,
805 1707 862 1740 cum
879 1691 987 1741 Thalem
1005 1694 1150 1758 impugnat,
1170 1706 1226 1740 eum
1245 1689 1380 1740 Herodoto
1400 1703 1548 1740 consensus.

187 1781 233 1829 Ar.
253 1797 278 1844 p.
296 1777 356 1840 634,
370 1775 404 1828 22
428 1777 516 1829 adhuc
544 1777 620 1832 idem
642 1778 711 1828 ols'os
735 1777 866 1842 oportebat
890 1781 948 1842 pott
974 1777 1059 1846 trapis
1081 1776 1180 1846 fluvios
1204 1775 1249 1840 qui
1271 1791 1304 1826 ea
1326 1775 1442 1842 opposito
1457 1777 1548 1841 fluunt

186 1865 252 1928 ipsis
270 1865 353 1932 mepte
371 1871 396 1915 ot
407 1865 522 1916 minoret
541 1865 682 1917 emittentes
694 1865 795 1932 faciles
813 1873 875 1916 scat
893 1864 951 1932 copi
969 1882 986 1914 a
1003 1864 1098 1915 centis.
1115 1863 1275 1930 frequenter
1294 1870 1376 1912 catam
1394 1871 1419 1912 et
1437 1861 1549 1912 annates

186 1969 241 2002 non
260 1951 317 2015 [sic.
337 1951 425 2015 codd]
437 1951 521 2016 stant,
534 1952 640 2020 flavim-
655 1959 741 2004 autem
760 1951 837 2016 [oon]
855 1951 961 2003 videtur
979 1951 1049 2002 idem
1061 1951 1178 2015 faciens.
1208 1950 1306 2000 Herod.
1318 1951 1346 2000 11
1362 1947 1396 2000 20
1414 1948 1435 2000 εί
1454 1947 1548 2017 ἐτησίαι

186 2037 260 2090 αίτιοι
277 2035 349 2106 ἦσαν,
367 2039 431 2107 γρῆν
449 2037 568 2096 καὶτοὺς
587 2037 676 2097 ἄλλους
690 2035 830 2107 ’ποταμοῦς,
853 2035 905 2090 ὅσοι
929 2041 992 2089 τοῖσι
1010 2035 1122 2106 ἐτησίῃσι
1140 2035 1217 2088 ἀντίοι
1236 2033 1317 2104 ῥέουσι
1335 2032 1428 2102 ὁμοίως
1445 2036 1549 2104 πάσχειν

187 2125 232 2176 tot
249 2124 316 2176 md
338 2125 370 2178 τὰ
393 2123 457 2178 αυτοὶ
482 2123 519 2193 τῷ
543 2119 627 2196 Νιίλῳ
650 2127 693 2178 κοιλ
716 2123 811 2193 μᾶλλον
834 2123 870 2176 ίτι
892 2122 1003 2194 τοσοίιιῳ
1022 2121 1073 2193 ὅσῳ
1091 2121 1219 2180 ἐλάσσονες
1238 2121 1320 2179 ίιίντις
1338 2118 1500 2192 ἀσθενέστερα
1518 2122 1550 2172 τὰ

188 2209 299 2281 propera
316 2211 475 2282 παρέχονται.
493 2223 571 2266 antea
588 2211 708 2271 πολλάκις
726 2211 752 2264 δὲ
771 2210 866 2280 ίτησίαι
883 2211 929 2279 μίν
947 2208 1032 2262 οὔκων
1051 2209 1178 2274 invocor,
1196 2208 1209 2262 ὁ
1225 2207 1250 2262 tt
1268 2204 1360 2267 Νεῖλος
1377 2208 1461 2261 τώυτὸ
1479 2210 1548 2279 ίργά-
1634 2218 1647 2232 ’

188 2298 264 2360 (arat.
287 2303 344 2364 quis
363 2302 452 2351 credat
470 2302 680 2352 Aristotelem
698 2303 735 2350 ita
746 2301 881 2350 Herodoto
895 2316 923 2350 se
937 2303 1106 2365 mancipasse,
1125 2307 1153 2348 ut
1171 2299 1251 2348 verba
1269 2312 1371 2360 quoque
1389 2299 1548 2348 mausierrett

188 2388 389 2450 Agatharchidis
412 2388 531 2438 refutatio
558 2389 749 2452 Anaxagoreae
773 2388 904 2452 opinionis
930 2383 1317 2458 [Diodor.1385]-consentit
1340 2399 1398 2434 cum
1423 2384 1549 2433 Herodot.

188 2475 217 2524 11
230 2471 272 2523 22.
291 2475 317 2524 in
335 2471 476 2525 Aristotele
495 2475 575 2524 latino
594 2475 680 2524 alieno
700 2474 851 2524 emblemate
870 2475 1004 2525 interiecto
1019 2477 1076 2540 ipsa
1094 2474 1235 2523 confutatio
1255 2477 1371 2520 muscata
1390 2470 1497 2520 ridetur.
1517 2471 1548 2519 ci.

188 2559 282 2610 Senec.
298 2559 336 2610 lv
356 2559 368 2611 1
389 2569 486 2610 ta-al.
518 2543 726 2626 Theophrastum
750 2562 807 2610 libri
831 2563 864 2611 de
886 2562 948 2612 Nilo
971 2569 1101 2611 auctorem
1124 2575 1180 2610 csse
1203 2559 1263 2608 inde
1289 2557 1426 2606 verisimile
1450 2557 1550 2605 videtur

189 2647 277 2697 Rosea
296 2647 341 2696 Ar.
359 2648 450 2713 pseud.
468 2663 494 2712 p.
507 2643 567 2711 239,
587 2651 649 2712 quia
667 2649 775 2699 eandem
794 2650 832 2698 rei
850 2651 876 2698 iu
895 2650 948 2698 suia
966 2643 1174 2710 meteorologicis
1192 2660 1296 2696 causam
1314 2645 1489 2710 explicaverit.
1518 2645 1548 2693 ct.

190 2733 222 2782 de
242 2737 323 2784 ocutis
340 2733 355 2797 ξ
367 2731 392 2786 5.
410 2735 520 2784 Aristot.
533 2735 663 2786 Problem.
678 2734 711 2789 26
724 2743 743 2786 t.
757 2745 788 2784 aa.
808 2736 898 2788 Senes.
911 2737 972 2787 Nat.
986 2751 1028 2798 qu.
1041 2735 1083 2784 III
1096 2730 1162 2784 261.
1180 2733 1250 2783 Plin.
1263 2731 1297 2782 N.
1306 2733 1339 2782 Η.
1351 2731 1380 2780 ΙΙ
1395 2727 1451 2782 106.

259 2816 270 2850 ²
288 2821 358 2885 qnod
376 2821 576 2886 eTheophrasti
594 2825 676 2888 capite
697 2824 766 2872 reiut
784 2824 954 2886 fragmentum
972 2820 1027 2888 πιρί
1045 2822 1090 2887 τῆς
1107 2821 1152 2870 τοῦ
1171 2813 1263 2870 Νείλου
1281 2811 1482 2883 ἀναπληρώσεως
1499 2813 1550 2865 διά·

190 2921 261 2974 φοροι
273 2901 340 2966 δόξαι
352 2905 486 2974 [anonym.
500 2909 626 2972 Florent]
639 2918 787 2974 excerptioni
800 2911 865 2960 dixit
878 2911 1007 2960 Usenerus
1020 2909 1097 2957 Anat.
1111 2906 1244 2970 Theophr.
1262 2921 1287 2970 p.
1301 2901 1343 2966 29,
1363 2903 1454 2965 quibua
1467 2905 1550 2952 causis

190 2995 286 3044 nitatur
310 2997 406 3045 nescio.
447 3010 507 3046 uam
530 3013 587 3046 cum
612 2997 748 3047 obscurum
773 2998 836 3047 mihi
862 2998 965 3060 quidem
989 2998 1033 3058 stt,
1064 3011 1129 3058 quae
1154 2995 1220 3044 ratio
1246 2995 1311 3042 iuter
1337 2991 1483 3039 Aristotelis
1507 2993 1549 3052 qui

189 3081 427 3132 Alexandrinorum
449 3088 534 3132 aetate
556 3083 686 3132 ferebatur
708 3083 801 3133 librum
824 3093 850 3134 et
872 3084 1045 3150 Theophrasti
1064 3082 1223 3146 Opinionem
1247 3080 1279 3128 de
1298 3079 1360 3128 Nilo
1379 3085 1454 3141 eaput
1473 3081 1549 3128 inter-

190 3171 295 3220 cesserit
320 3169 385 3231 (nisi
407 3169 473 3218 forte
498 3169 558 3218 hino
582 3185 698 3219 seorsum
721 3173 861 3234 antiquitus
884 3187 943 3220 eum
966 3185 1114 3236 expressum
1137 3177 1165 3218 ut
1187 3169 1217 3216 t'r.
1237 3168 1268 3215 de
1291 3181 1368 3214 sensu
1390 3164 1550 3229 suspicaris),

190 3257 313 3320 anonymi
331 3263 416 3306 autem
435 3255 527 3318 ecloga
545 3257 595 3305 uisi
612 3259 772 3321 singulorum
791 3259 961 3324 capitulorum
980 3257 1071 3306 ordine
1091 3255 1187 3304 ambitu
1206 3255 1257 3304 lide
1275 3267 1292 3301 ο
1310 3255 1399 3302 ceteris
1419 3253 1483 3302 nihil
1502 3254 1550 3301 dit-

189 3341 262 3402 iorat
281 3343 323 3391 rel
341 3343 416 3392 huius
436 3343 477 3392 rel
495 3342 617 3392 similium
636 3353 816 3409 excerptorum
835 3345 960 3408 originem
973 3343 1006 3393 ah
1020 3341 1194 3407 opinionibus
1208 3339 1363 3404 suspendore
1382 3340 1450 3388 haud
1470 3347 1551 3388 tutum

190 3429 298 3479 ridetur.
