3756 5736
748 404 1023 456 raonusouass
1498 405 1559 470 179

199 571 339 657 plicatio.
372 570 559 640 similiorem
573 571 785 658 Epiphanius,
808 591 904 656 quem
918 591 1018 657 supra
1039 593 1071 657 p.
1088 575 1150 638 176
1168 572 1333 658 descripsi.
1368 573 1449 642 haec
1463 575 1561 658 igitur

198 675 242 742 tle
263 673 387 742 ordine.
420 673 480 742 sed
500 694 567 741 non
587 674 705 742 desunt
726 673 889 742 interioris
906 674 1109 758 cognationis
1124 676 1190 742 alia
1205 674 1353 762 vestigia,
1375 696 1459 760 qnae
1474 678 1560 744 oolli-

198 795 277 860 gere
301 795 421 862 operae
442 777 581 862 pretium
602 777 740 844 videtur.
765 799 769 807 ·

291 878 494 964 Epiphanius
518 899 551 964 p.
568 879 675 946 10860
689 880 760 946 Pet
1139 879 1252 946 Attius
1273 881 1289 946 Ι
1311 882 1331 947 3

245 991 257 1042 1
299 980 417 1066 Θαλῆς
439 980 616 1068 ύΜιλήσιος
696 981 854 1068 ἀρχέγονον
951 993 963 1044 l
1005 981 1122 1067 Θαλῆς
1152 984 1168 1046 ὁ
1197 981 1342 1068 Μιλήσιος
1373 985 1469 1072 ἀρχὴν
1500 991 1559 1052 τῶν

197 1085 313 1150 πάντων
335 1084 505 1171 ἀπεφήνατο
527 1086 561 1150 τὸ
583 1085 673 1170 hiop-
699 1082 854 1154 stetero<
907 1082 997 1149 ὄντων
1024 1085 1193 1170 ἀπεφήνατο
1219 1088 1252 1148 τὸ
1282 1086 1375 1172 coep,
1404 1087 1433 1158 ἐξ
1458 1088 1560 1162 ύδατος

141 1259 146 1265 ,
197 1189 253 1272 γάρ
275 1207 346 1272 φησι
369 1189 406 1252 τὰ
426 1189 522 1252 πάντα
542 1185 615 1252 εἶναι
642 1187 690 1252 καὶ
712 1185 753 1257 εἰς
776 1185 854 1270 temp
906 1187 960 1270 γάρ
992 1207 1063 1272 φησι
1095 1189 1189 1254 πάντα
1222 1186 1294 1252 εἶναι
1326 1191 1374 1254 καὶ
1407 1190 1449 1262 εἰς
1482 1193 1559 1279 ὕδωρ

198 1289 286 1353 παλιν
309 1289 497 1356 ἀναλύεσθαι.
906 1291 1000 1352 πάντα
1022 1289 1210 1356 ἀναλύεσθαι.

242 1401 259 1454 t
299 1391 676 1476 Ἀναξύμανδρυςύτοῦ
692 1389 854 1476 Πραξιάδου
948 1398 965 1452 3
1002 1389 1266 1486 Ἀναξίμανδρος
1282 1393 1315 1456 δὲ
1331 1392 1558 1478 [[οαξιύδουΜι-

197 1497 247 1562 καὶ
272 1495 361 1566 αὐτὸς
388 1492 534 1578 Μιλήσιος
558 1493 592 1556 τὸ
618 1490 736 1577 ἄπειρον
758 1496 853 1580 ἀρχὴν
905 1493 1005 1575 λήσιος
1027 1515 1098 1578 φησι
1121 1498 1180 1558 τῶν
1203 1492 1294 1559 ὄντων
1317 1496 1412 1580 ἀρχὴν
1432 1497 1503 1562 εἶναι
1525 1502 1558 1564 τὸ

198 1598 334 1662 ἁπάντων
360 1595 469 1683 ύηησιν
490 1593 573 1660 εἶναι.
609 1593 643 1656 ἐκ
670 1597 773 1662 τούτου
799 1599 853 1682 γὰρ
905 1592 1033 1678 ἄπειρον.
1066 1596 1100 1660 ἐκ
1121 1597 1176 1680 γὰρ
1190 1597 1293 1662 τούτου
1307 1599 1401 1663 πάντα
1413 1599 1559 1684 γίγνεσθαι

197 1699 234 1764 τὰ
248 1700 343 1764 πάντα
356 1698 487 1782 γίνεσθαι
501 1698 550 1762 καὶ
565 1695 607 1768 εἰς
619 1695 692 1762 αύτθ
706 1697 743 1762 τὰ
759 1697 853 1762 πάντα
904 1696 953 1760 καὶ
975 1695 1016 1766 εἰς
1034 1702 1120 1762 τοῦτο
1142 1701 1236 1764 πάντα
1258 1699 1441 1786 φθείρεσθαι.

198 1801 387 1866 ἀναλύεσθαι.

240 1911 257 1965 3
296 1901 568 1987 Ἀναξιρένηςύ
595 1899 852 1986 τοῦΕύροστάτου
945 1911 963 1962 4
999 1899 1223 1986 Ἀναξιμένης
1263 1902 1466 1990 Εὐρυστράτου
1503 1908 1557 1973 Μι-

197 2007 246 2070 sul
261 2006 350 2076 αὐτὸς
365 2004 509 2090 Μιλήσιος
526 2005 576 2068 τὸν
591 2001 665 2087 ἀέρα
679 2007 730 2068 τοῦ
746 2005 852 2074 παντὸς
903 2004 1004 2087 λήσιος
1026 2004 1122 2089 ἀρχὴν
1145 2009 1203 2068 τῶν
1226 2004 1316 2070 ὄντων
1346 2007 1420 2092 ἀέρα
1448 2010 1560 2096 ἀπερή-

197 2109 293 2194 ἀρχὴν
325 2107 398 2173 εἶναι
431 2107 506 2191 λέγει
535 2106 583 2170 καὶ
613 2105 649 2170 ἐκ·
679 2105 782 2170 τούτου
815 2105 852 2170 τά
904 2127 984 2184 νατο,
1006 2106 1040 2170 λιι
1054 2107 1109 2190 γὰρ
1123 2105 1226 2170 τούτου
1241 2108 1334 2172 πάντα
1347 2109 1494 2191 γίγνεσθαι
1511 2114 1559 2176 καὶ

230 2212 240 2234 Ι

197 2231 301 2276 nanu.
904 2206 945 2277 εἰς
966 2207 1054 2272 αὐτὸν
1077 2210 1161 2272 πάλιν
1184 2209 1381 2274 ἀναλύεσθαι.

239 2323 257 2374 4
296 2310 531 2394 Ἀναξαγόρας
551 2308 853 2395 ύτοῦἩηησιβούλου
947 2317 965 2372 ύ
1002 2308 1233 2394 Ἀναξαγόρας
1250 2309 1461 2398 Ἡγησιβούλου
1483 2312 1559 2380 Κλα-

198 2417 215 2479 h
237 2411 435 2498 Κλαζομένιος
461 2413 557 2498 ἀρχὰς
582 2417 641 2478 τῶν
664 2413 779 2476 πάντων
801 2411 853 2482 τὰς
905 2410 1036 2493 ζορύνιος
1064 2413 1158 2497 ἀρχὰς
1186 2417 1244 2476 τῶν
1268 2411 1358 2476 ὄντων
1386 2415 1438 2485 τὰς
1465 2419 1559 2499 ὁμοιο

197 2517 400 2602 ὁμοιομερείας
422 2514 531 2602 ἔφησεν
553 2514 636 2580 εἶναι.
905 2513 1021 2598 papatus
1043 2515 1223 2599 ἀπεφήνατο.

225 2625 256 2708 2}
290 2617 519 2704 Ἡράκλειτος
559 2619 576 2682 ύ
607 2619 660 2680 τοῦ
698 2612 853 2688 Βλύσιυνος
932 2623 963 2676 11
996 2613 1221 2699 Ἡράκλειτος
1242 2614 1560 2691 ναὶἽππασοςύΜε·

193 2717 325 2806 Ἐφέσιος
346 2721 380 2786 iu
394 2722 484 2806 πυρὸς
506 2717 589 2804 ἔλεγε
608 2719 645 2783 τά
666 2719 760 2782 πύντα
780 2717 853 2782 εἶναι
904 2721 1071 2788 ταποντῖνος
1097 2719 1192 2804 ἀρχὴν
1219 2723 1277 2783 τῶν
1300 2722 1415 2786 πάντων
1436 2724 1470 2786 τὸ
1492 2729 1560 2810 πῦρ.

199 2822 247 2888 καὶ
268 2821 310 2894 εἰς
332 2827 390 2909 πῦρ
408 2825 496 2892 πολιν
517 2820 707 2888 ἀναλύεσθαι.
905 2818 939 2882 ἐκ
967 2821 1057 2904 πυρὸς
1083 2821 1137 2905 γὰρ
1163 2820 1200 2884 τὰ
1227 2822 1320 2886 πάντα
1349 2823 1397 2886 καὶ
1430 2825 1470 2898 εἰς
1502 2831 1560 2912 πῦρ

877 2899 880 3004 λ
904 2922 998 2986 πάντα
1020 2924 1165 2986 τελευτᾶν.

275 3025 430 3094 Eiusdem
448 3026 613 3112 scriptoris
631 3023 791 3108 utrimque
806 3021 970 3090 simillima
986 3029 1140 3109 excerpta
1156 3031 1327 3109 apparent.
1353 3047 1459 3111 noque
1475 3029 1562 3098 enim

199 3127 410 3215 Epiphanius,
425 3128 479 3214 qni
494 3126 707 3196 successionis
721 3125 851 3194 vinculo
866 3131 995 3194 tenemr
1009 3125 1091 3194 haec
1105 3132 1231 3194 mutum
1246 3148 1288 3196 ex
1303 3129 1397 3198 Attio
1413 3131 1561 3200 hausisse

199 3231 341 3318 viatur,
367 3238 477 3300 cetera
508 3251 550 3298 en
571 3226 752 3313 biographo
782 3226 873 3294 cuius
905 3227 1051 3296 ordinem
1077 3227 1229 3311 sequitur.
1274 3231 1330 3298 ille
1356 3231 1442 3300 enim
1463 3235 1561 3318 plane

198 3333 329 3402 divona
342 3333 507 3418 ceteroqui
521 3331 711 3402 tradiderat
734 3329 863 3412 qualem
878 3336 987 3398 autem
1002 3329 1165 3398 hominem
1182 3330 1276 3414 fingis
1290 3333 1518 3420 Epiphaniurn‚
1533 3337 1561 3404 si

197 3435 327 3502 Ionicos
340 3443 467 3506 cetoros
482 3442 578 3521 putas
590 3455 632 3502 ex
643 3429 739 3500 Aetio
754 3433 942 3518 hanelatos,
958 3432 1105 3500 ultimum
1115 3431 1309 3502 Archelaum
1326 3455 1367 3502 ex
1382 3435 1447 3504 alio
1462 3439 1561 3522 plane

199 3537 361 3604 conuaria
394 3537 556 3607 docente?
590 3533 717 3604 accedit
747 3533 833 3617 qnod
862 3533 1126 3602 concordantium
1153 3533 1368 3617 capitulorum
1396 3537 1483 3606 idem
1510 3545 1562 3606 est

197 3645 301 3724 tenor,
323 3645 359 3704 ut
380 3645 516 3724 excepto
538 3638 737 3720 Anaxagora
763 3635 880 3702 ceteris
906 3635 1239 3721 philosophicosque
1271 3637 1430 3722 prioribus
1456 3640 1561 3708 solum

197 3741 257 3808 sed
278 3741 378 3808 etiam
393 3741 556 3810 Heraclito
579 3739 695 3808 eadem
717 3737 866 3822 principii
888 3757 988 3806 cansa
1008 3739 1214 3808 adscribatur
1233 3741 1267 3804 ἐκ
1281 3741 1335 3827 γὰρ
1350 3743 1453 3806 τούτου
1468 3744 1562 3808 πάντα

123 3913 130 3927 ‚
197 3844 328 3926 γίνεσθαι
350 3846 398 3908 καὶ
420 3845 461 3916 εἰς
483 3847 569 3908 τοῦτο
590 3844 684 3909 πάντα
705 3840 883 3906 ἀναλύεσθαι
910 3841 963 3908 vel
985 3841 1141 3908 similiter.
1185 3849 1298 3908 aucun
1326 3841 1484 3912 formulae
1512 3851 1562 3910 est

197 3944 401 4030 Aristoteles,
424 3943 479 4028 qui
501 3943 679 4028 generatim
706 3942 748 4010 de
769 3941 918 4008 omnibns
940 3941 1084 4028 physicis
1107 3950 1277 4012 monuerat
1297 3945 1480 4031 Metaphys.
1496 3945 1561 4012 As

198 4068 230 4131 p.
246 4046 365 4112 983b8
387 4045 418 4118 ii
439 4046 474 4112 ού
496 4049 551 4132 γάρ
573 4047 649 4112 ἐστιν
671 4045 785 4110 ἅπαντα
806 4046 844 4110 τὰ
867 4044 935 4110 ύντα
957 4045 1006 4110 καὶ
1029 4045 1111 4115 stoa
1132 4046 1255 4129 γίγνεται
1278 4050 1394 4133 πρώτου
1416 4048 1522 4118 καλούς
1544 4049 1561 4112 θ

198 4150 349 4234 φθείρεται
370 4153 534 4216 τελευταῖον
551 4153 702 4214 ...τοῦτο
724 4152 869 4232 στοιχεῖον
886 4148 935 4212 καὶ
949 4147 1056 4232 ταύτην
1079 4149 1176 4234 ἀρχήν
1198 4171 1284 4234 φασιν
1299 4149 1371 4216 εἶναι
1386 4155 1445 4214 τῶν
1461 4148 1562 4216 ὄντων.

198 4251 258 4318 σού
278 4252 323 4320 ad
344 4250 489 4334 singulos
510 4249 664 4337 physicos
685 4248 870 4334 adplioasse
899 4248 1026 4315 videtur
1049 4247 1294 4334 Theophrastus
1321 4253 1411 4320 velut
1432 4251 1466 4323 in
1486 4251 1562 4318 fni

199 4353 242 4424 de
259 4351 504 4424 Anaximandro
531 4351 562 4422 ἐξ
584 4353 626 4418 νύν
648 4353 682 4418 λλ
703 4354 724 4438 ἡ
746 4351 855 4435 γένεσίς
878 4351 939 4418 ἐστι
961 4355 1021 4420 τοῖς
1042 4349 1107 4415 ούσι
1129 4352 1177 4416 καὶ
1200 4354 1252 4437 τὴν
1274 4354 1388 4440 φθορὰν
1409 4355 1451 4426 εἰς
1471 4359 1563 4420 ταῦτα

199 4455 329 4538 γίνεσθαι
350 4458 413 4520 κτλ.
435 4461 468 4522 et
489 4453 527 4522 fr.
545 4456 563 4520 1
586 4453 628 4522 de
648 4453 814 4522 Heraclito
837 4459 871 4520 et
891 4451 1038 4537 Hippaso
1061 4454 1110 4518 καὶ
1132 4453 1166 4518 ἐκ
1188 4457 1278 4540 πυρὸς
1299 4461 1413 4522 ποιοῦσι
1435 4457 1471 4522 τά
1494 4456 1562 4524 ὄντα

200 4558 316 4622 ...καὶ
339 4556 488 4627 διαλύουσι
509 4558 596 4624 πάλιν
618 4557 660 4627 εἰς
681 4560 739 4641 πῦρ
762 4559 804 4628 ύς
825 4554 932 4638 ταύτης
954 4557 1021 4637 μιᾶς
1043 4554 1133 4639 ούσης
1154 4555 1271 4640 φύσεως
1292 4563 1345 4644 τῆς
1360 4560 1562 4645 ὑποκειμένης.

199 4657 276 4724 inde
300 4657 438 4743 arripiat
463 4658 582 4743 aliquis
604 4657 865 4742 Theophrastum
891 4663 926 4721 ut
947 4656 1123 4744 Epiphanii
1145 4657 1294 4742 Attiique
1319 4659 1452 4728 fontem.
1496 4681 1562 4726 non

200 4779 299 4846 nego,
327 4760 386 4827 sed
408 4781 474 4826 non
499 4759 665 4846 proximus
687 4760 756 4826 tuit
802 4777 877 4825 nam
899 4759 1093 4826 manslatnm
1120 4765 1171 4826 est
1196 4781 1237 4827 en
1259 4761 1391 4845 antiquo
1417 4761 1507 4828 tonte
1529 4761 1563 4828 in

200 4859 452 4946 biographornm
474 4861 680 4948 compendia,
707 4869 830 4930 utnon
853 4859 979 4928 mireris
1001 4861 1029 4926 si
1052 4861 1239 4930 Heraclitus
1260 4862 1422 4933 simillime
1444 4863 1563 4946 ubique

200 4961 401 5028 conformata
423 4962 556 5029 videris:

1293 5066 1361 5132 12*
