3648 5736
350 379 414 443 620
750 378 888 430 GALENI
907 377 1047 430 HISTOR.
1066 375 1325 430 PH1LOS.39-43

401 549 464 614 ὅσοι
491 547 628 634 παδητήν
655 547 734 632 (τήν)
764 547 834 632 όλην
857 547 1055 627 ὑποτίθενται,
1083 548 1189 632 κυρίως
1215 546 1323 630 γένεσιν
1346 547 1394 610 καί
1417 547 1531 632 ρὶἰοράν
1554 547 1663 630 λέγουσι

401 651 563 735 γίγνεσθαι·
585 649 619 716 ἑκ
641 651 695 735 γὰρ
717 651 904 722 ἀλλοιώσεως
926 651 974 716 καὶ
996 655 1105 736 τροπῆς
1127 651 1280 736 στοιχείων
1302 650 1351 714 καί
1373 649 1533 722 διαλύσεως
1556 675 1579 716 ιι
1600 676 1622 716 ε
1641 677 1660 716 ε

348 967 384 1006 νει
698 947 741 1012 40
773 943 859 1029 Περὶ
882 945 1046 1030 ἀνάγκης.
1081 953 1189 1023 [Pium
1201 957 1235 1012 25
1248 968 1268 1011 ι.
1279 971 1298 1012 ν.
1308 959 1362 1024 m]

487 1101 548 1186 Τήν
572 1103 700 1186 ἀνάγκην
721 1099 842 1186 Θαλῆς
866 1101 1057 1188 ἰσχυροτάτην
1080 1103 1154 1168 εἰναί
1175 1125 1257 1190 φησι.
1287 1109 1401 1190 κρατεῖν
1423 1103 1478 1186 γάρ
1499 1101 1594 1184 αὐτὴν
1616 1103 1664 1162 τοῦ

402 1204 519 1273 παντός.
562 1203 776 1288 Πυθαγόρας
806 1205 839 1268 δὲ
870 1205 919 1268 καί
949 1206 1130 1290 περικεῖσθαι
1161 1212 1205 1292 τῷ
1233 1207 1336 1293 κόσμιρ
1363 1209 1416 1292 τήν
1442 1206 1573 1286 ἀνάγκην
1601 1201 1691 1264 ὑποι

401 1309 552 1392 λαμβάνει.
596 1307 828 1392 Παρμενίδης
850 1309 883 1372 δὲ
906 1309 954 1373 καί
977 1309 1200 1394 Δημόκριτος
1231 1311 1325 1374 πάντα
1353 1309 1427 1373 κατὰ
1448 1307 1578 1389 ἀνάγκην
1601 1325 1665 1386 συμ

406 1410 512 1496 βαίνειν
535 1409 696 1494 εἰρήκασιν·
725 1407 798 1474 εἶναι
829 1411 936 1494 δὲτὴν
959 1409 1050 1495 αὐτὴν
1074 1411 1250 1496 εἱμαρμένην
1272 1411 1322 1474 καί
1344 1413 1427 1496 δίκην
1450 1409 1499 1473 καὶ
1521 1406 1666 1492 πρόνοιαν-

403 1512 548 1579 Πλάτων
571 1512 603 1575 δὲ
625 1510 661 1574 τά
683 1511 736 1594 μὲν
758 1512 799 1582 εἰς
822 1513 969 1598 πρόνοιαν,
991 1513 1027 1576 τά
1050 1513 1146 1602 δὲείς
1168 1514 1295 1598 ἀνάγκην
1319 1515 1464 1598 ἀνάγεται.

666 1807 706 1872 41
743 1805 858 1891 (Περὶ)
880 1811 940 1890 τῆς
962 1807 1098 1878 οὐσίας.
1141 1816 1391 1884 [Ριιιι.1261.ο.ο]

487 1961 554 2027 Τῶν
584 1963 686 2047 ἀρχῶν
713 1961 761 2024 καί
788 1965 846 2025 τῶν
868 1964 1020 2049 στοιχείων
1050 1961 1144 2028 αἰτίαν
1171 1965 1332 2050 χρηστικὴν
1358 1964 1411 2049 τήν
1438 1963 1567 2044 ἀνάγκην
1590 1956 1660 2040 ’Ep-
1676 1976 1695 2014 ιι

401 2069 581 2151 πεδοκλής
603 2067 727 2149 ἡγεῖται.
770 2063 994 2150 Δημόκριτος
1019 2069 1053 2131 δὲ
1073 2068 1126 2152 τήν
1149 2067 1313 2132 ἀντιτυπίαν
1341 2066 1389 2130 καὶ
1410 2065 1503 2150 φορὰν
1525 2063 1576 2126 καὶ
1598 2065 1663 2144 πλη-

401 2171 455 2253 γήν
477 2174 529 2254 της
553 2168 633 2252 ὕλης·
679 2166 827 2232 Πλάτων
851 2170 884 2234 δὲ
906 2170 1030 2252 ὁτὲμὲν
1052 2170 1105 2254 τήν
1128 2170 1214 2254 όλην,
1242 2170 1292 2236 δτὲ
1314 2169 1347 2234 δὲ
1368 2169 1421 2253 τήν
1442 2171 1495 2232 τοῦ
1516 2169 1663 2232 ποιοῦντος

374 2296 375 2300 ’
404 2271 475 2356 πρὸς
497 2271 588 2356 αὐτὴν
611 2269 723 2356 σχέσιν.

648 2565 691 2630 42
727 2563 813 2648 Περὶ
834 2567 1060 2652 εἱμαρμένης.
1098 2576 1408 2642 [Ριιιι.128ι.ι.ο.ει]

480 2719 720 2804 Ἡράκλειτος
749 2719 849 2783 οὐσίαν
879 2722 1055 2807 εἱμαρμένης
1084 2725 1168 2807 λόγον
1195 2724 1243 2788 διά
1270 2723 1376 2792 παντὸς
1402 2724 1549 2806 διήκοντα.
1583 2723 1602 2804 ἡ
1629 2718 1659 2780 δὲ
1673 2735 1693 2771 15

173 2821 314 2870 -a““‘'''
349 2844 385 2882 ιω
406 2823 566 2907 εἱμαρμένη
600 2821 660 2884 ἐστὶ
693 2821 726 2884 τὺ
758 2821 887 2906 αἰθέριον
916 2827 1018 2907 σῶμα,
1052 2826 1167 2911 σπέρμα
1194 2823 1335 2912 τῆςίτῶν
1369 2827 1484 2889 πάντων
1513 2824 1658 2907 γενέσεως.

399 2925 550 2990 Πλάτων
577 2924 705 3007 λόγονῆ
734 2923 821 3006 νόμον
855 2925 947 2988 ἀίδιον
977 2931 1030 3010 τῆς
1062 2932 1114 2991 τοῦ
1147 2929 1254 2999 παντὸς
1286 2929 1411 3014 φόσεως.
1456 2925 1659 3011 Χρύσιππος

399 3029 517 3110 δύναμιν
532 3031 738 3113 πνευματικήν,
760 3027 837 3096 τάξιν
854 3031 905 3091 τοῦ
920 3030 1025 3100 παντὸς
1041 3031 1227 3115 διοικητικήν.
1264 3031 1312 3094 καί
1336 3031 1421 3093 πολιν
1443 3031 1473 3094 ἐν
1495 3034 1557 3100 τοῖς
1573 3025 1660 3111 Ὅροις

399 3129 475 3212 λέγει
502 3131 555 3214 τὴν
582 3131 770 3215 εἱμαρμένην,
797 3128 867 3194 καθ’
894 3132 931 3216 ἣν
957 3131 994 3194 τά
1024 3132 1076 3214 μὲν
1098 3133 1234 3216 γεγονότα
1256 3133 1371 3218 γέγονε,
1400 3133 1437 3196 τὰ
1466 3133 1500 3196 δὲ
1528 3129 1658 3214 γινόμενα

397 3235 514 3314 γίνεται,
537 3234 573 3297 τὰ
589 3233 622 3296 δὲ
636 3233 814 3317 γενησόμενα
828 3235 989 3318 γενήσεται.
1023 3235 1050 3296 οἱ
1066 3235 1100 3298 δὲ
1121 3233 1203 3300 ἄλλοι
1218 3233 1373 3300 Στωικοὶ
1396 3235 1506 3319 εἱρμόν.
1539 3233 1657 3298 Ποσει·
1672 3245 1691 3284 ²⁰

399 3337 526 3405 δώνιος
554 3337 587 3399 δὲ
609 3337 702 3422 τρίτον
725 3337 784 3402 ἀπὸ
807 3335 892 3406 Διός·
915 3339 1030 3420 πρῶτον
1052 3337 1107 3421 γάρ
1129 3337 1202 3402 εἶναι
1228 3339 1277 3401 τδν
1300 3339 1368 3416 Δία,
1400 3336 1462 3400 εἶτα
1488 3338 1541 3421 τὴν
1570 3335 1658 3421 φύσιν,

397 3435 459 3501 εἰτα
481 3438 533 3522 τήν
555 3439 745 3523 εἱμαρμένην.

744 3701 785 3766 43
821 3697 908 3784 Περὶ
930 3699 1052 3788 τόχης.
1091 3711 1172 3776 [ΡΙοι.
1185 3713 1198 3763 1
1211 3707 1245 3764 29
1259 3720 1276 3760 ι
1286 3715 1311 3778 ι]

485 3853 633 3918 Πλάτων
656 3854 749 3917 αἰτίαν
776 3853 806 3918 ἰν
835 3862 1044 3940 προαιρετικοῖς
1072 3860 1145 3922 κατὰ
1173 3859 1357 3944 συμβεβηκός
1378 3848 1654 3940 παρακολούθημαιί

347 3976 383 4014 ιω
397 3953 632 4042 Ἀναξαγόρας
654 3957 687 4020 δὲ
708 3958 757 4020 καὶ
780 3959 807 4021 οἱ
830 3956 984 4021 Στωικοί
1007 3961 1100 4024 αἰτίαν
1115 3961 1223 4046 ἄδηλον
1239 3961 1414 4045 ἀνθρωπίνῳ
1431 3963 1575 4044 λογισμῷ.
1610 3955 1652 4018 καί
1667 3971 1686 4008 ²⁵

399 4061 436 4124 τά
452 4059 504 4142 μὲν
519 4057 592 4123 εἶναι
614 4059 689 4123 κατὰ
710 4060 848 4144 ἀνάγκην,
870 4060 906 4122 τά
928 4061 961 4124 δὲ
983 4061 1051 4127 καθ’
1072 4065 1261 4150 εἱμαρμένην,
1281 4063 1319 4127 τά
1339 4063 1373 4126 δὲ
1394 4061 1469 4125 κατὰ
1483 4063 1653 4146 προαίρεσιν,

400 4161 437 4226 τά
458 4163 492 4226 δὲ
514 4162 588 4226 κατά
609 4162 713 4250 τόχην,
735 4161 771 4226 τά
792 4161 851 4247 (δὲ)
872 4163 947 4227 κατὰ
969 4164 1002 4227 τδ
1025 4167 1198 4251 αὐτόματον.

348 4458 945 4530 1rivom.ABi12227dpP1ut.=animm.
959 4463 1003 4513 καί
1054 4465 1140 4514 τοῦΒ
1771 4511 1772 4514 ,

346 4545 506 4606 -διαλὶισεως
516 4551 599 4601 υιιι.Β
615 4545 627 4616 ΙΙ
641 4552 771 4602 intercidit
789 4551 867 4600 ταῦτα
880 4546 1003 4617 γίγνεσθαι
1093 4549 1124 4604 16
1142 4553 1188 4618 τῆς
1207 4551 1308 4602 πάντων
1320 4543 1446 4617 γενέσεως.
1469 4548 1549 4618 αὐτὴν
1561 4549 1618 4600 εἰναι
1629 4544 1668 4597 όΒ
1680 4537 1690 4604 Ιί
1771 4537 1772 4580 Ῑ

380 4635 396 4688 5
421 4632 528 4704 περιδεὶς
549 4639 576 4688 Α
599 4637 708 4703 [comp]
730 4639 751 4688 B
780 4634 795 4704 ΙΙ
819 4633 1003 4704 ὑπολαμβάνειν
1058 4637 1088 4689 17
1098 4635 1170 4704 λόγον
1183 4641 1283 4703 scripsi:
1297 4636 1375 4704 λέγειν
1383 4639 1430 4688 ΑΒ
1443 4633 1457 4702 ΙΙ
1467 4635 1543 4703 νόμον
1555 4635 1583 4688 δι’
1595 4635 1620 4687 όν
1631 4633 1670 4686 ΑΒ
1679 4624 1691 4694 li
1771 4635 1772 4692 ι

346 4729 370 4776 Α
390 4722 404 4791 ii
424 4725 441 4778 8
460 4721 592 4793 ἀνέχεσθαι
610 4727 658 4777 AB
1057 4725 1088 4777 19
1106 4722 1184 4792 λέγειν
1202 4726 1227 4774 Α
1249 4723 1262 4792 ΙΙ
1282 4724 1314 4776 21
1334 4723 1415 4793 πρίτος
1433 4726 1455 4775 Β
1476 4719 1491 4791 ΙΙ
1512 4723 1557 4791 μὲν
1575 4721 1663 4774 εἱναιΒ

382 4814 397 4866 9
421 4813 476 4881 περὶ
504 4829 555 4864 om.
581 4815 629 4864 AB
655 4816 700 4876 qui
719 4814 872 4862 continuant
890 4811 940 4860 hoe
962 4825 1003 4860 οιι·
1091 4809 1125 4862 24
1153 4811 1319 4881 προαιρετικῷ
1340 4814 1363 4863 Β
1389 4807 1403 4880 ΙΙ
1427 4810 1461 4864 25
1484 4807 1642 4879 ἀνθρωπίνων
1659 4805 1689 4854 ΑΞ

346 4908 393 4965 put
416 4896 429 4967 ΙΙ
456 4898 488 4951 12
512 4897 553 4951 ότί
577 4897 622 4966 μὲν
646 4915 696 4950 om.
714 4900 737 4950 B
758 4899 772 4964 ΙΙ
796 4897 843 4966 τὴν
861 4893 924 4965 ὕλην
942 4897 1003 4949 ποτὲ
1054 4895 1218 4966 ἀνθρωπίνοις
1243 4901 1266 4952 Β
1291 4897 1305 4966 Η
1330 4897 1455 4967 λογισμοῖς
1477 4899 1500 4951 Β
1530 4894 1546 4965 ΙΙ
1573 4895 1606 4949 27
1625 4891 1652 4944 τὰ
1669 4885 1689 4938 ii
1771 4923 1772 4940 ι

346 4986 391 5052 μὲν
415 5021 524 5038 ......
554 4987 682 5052 [προείπω
705 5001 731 5038 νι
759 4988 854 5052 littei]
889 4984 949 5036 ποτὲ
976 4983 1003 5036 δί
1055 4981 1118 5036 καθ’
1140 4984 1292 5057 ιὶμαρμίνην
1311 5005 1362 5038 om.
1380 4989 1428 5038 BN
1450 4984 1463 5054 ΙΙ
1485 4983 1519 5040 28
1537 4983 1563 5038 δὲ
1581 4982 1657 5036 addidi
1771 5015 1772 5056 i
