3708 5738
523 395 781 446 FRAGMENTUM
798 394 848 444 DE
867 393 1039 446 SENSIBUS
1057 393 1170 458 §9-16
1465 392 1527 456 503

218 566 318 648 διόπερ
342 562 440 628 ἔλαιον
469 564 521 646 μέν
548 563 597 627 καί
625 563 703 647 ὕδωρ
729 563 763 627 οῦ
791 563 959 646 μίγνυσθαι,
992 563 1029 625 τὰ
1061 563 1093 626 δὲ
1124 562 1199 628 άλλα
1234 562 1306 647 ὑγρὰ
1339 563 1387 628 καί
1413 563 1477 646 περὶ

217 667 294 732 ὁσων
316 668 353 751 δὴ
375 665 594 749 καταριθμεῖται
620 665 671 736 τὰς
699 665 772 735 ἰδίας
793 666 919 749 κράσεις.
959 665 1036 730 ὥστε
1057 665 1150 730 πάντα
1175 688 1207 728 τε
1232 664 1405 749 αἰσθήσεται
1427 665 1476 728 καί

217 769 306 833 ταότδ
328 767 409 834 ἔσται
432 766 505 850 μῖξις
527 769 576 832 καὶ
598 766 734 851 αἴσθησις
755 767 804 831 καί
825 765 956 849 αὔξησις·
980 768 1072 832 πάντα
1090 767 1145 852 γὰρ
1166 771 1246 832 ποιεῖ
1264 766 1477 850 τῆσυμμετρίᾳ

217 875 276 934 τῶν
298 872 411 956 πόρων,
434 869 484 934 ἐὰν
507 871 549 954 μὴ
571 869 691 954 προσθῇ
715 889 778 934 τινα
805 870 956 954 διαφοράν.
1107 867 1207 934 ἔπειτα
1233 869 1264 934 ἐν
1295 868 1393 939 αότοῖς
1418 872 1478 938 τοῖς
1495 875 1527 930 13

189 973 363 1058 ιίμψῦχοις
392 973 420 1036 τί
447 973 556 1053 μᾶλλον
588 971 761 1056 αἰσθήσεται
791 973 825 1034 τὸ
853 970 883 1034 ἰν
909 971 955 1055 τιγῦ
983 969 1054 1055 §dep
1081 973 1138 1053 πῦρ
1166 970 1185 1052 ἦ
1211 971 1245 1034 τδ
1273 970 1371 1048 ἐκτός,
1396 969 1477 1054 εἰπερ

219 1075 440 1158 ἐναρμόττουσιν
463 1075 612 1158 ἀλλήλοις·
636 1073 761 1158 ὑπάρχει
783 1073 837 1156 γὰρ
859 1072 907 1136 καὶ
930 1074 949 1155 ἡ
972 1071 1133 1155 συμμετρία
1154 1071 1203 1134 καί
1224 1073 1258 1136 τδ
1281 1072 1391 1154 ὅμοιον.
1434 1071 1477 1136 ἔτι

217 1177 250 1240 δὲ
276 1177 387 1260 ἀνάγκη
414 1177 554 1260 διαφοράν
580 1197 643 1240 τινα
672 1172 765 1260 ἔχειν,
792 1173 873 1258 εἴπερ
898 1174 970 1240 αῦτδ
997 1175 1049 1256 μὲν
1078 1173 1119 1257 μὴ
1147 1173 1263 1238 δύναται
1290 1177 1476 1258 συμπληροῦν

216 1279 284 1347 τοὺς
305 1278 422 1362 πόρους,
443 1279 478 1341 τδ
501 1275 526 1340 δ’
554 1274 663 1346 ἔξωθεν
685 1276 825 1342 ἐπεισιόν·
850 1275 919 1340 ὥστ’
940 1277 966 1340 εἰ
989 1277 1087 1358 όμοιον
1110 1274 1147 1359 ἧν
1168 1276 1263 1357 πάντῃ
1286 1277 1335 1338 καί
1350 1278 1475 1355 πάντως,

217 1381 270 1444 οἰικ
292 1380 328 1444 ἂν
350 1379 386 1464 ἦν
409 1378 556 1464 αἴσθησις.
599 1376 642 1441 ἔτι
664 1378 697 1441 δὲ
718 1379 840 1463 πότερον
862 1381 889 1442 οἱ
910 1379 995 1463 πόροι
1018 1377 1094 1440 κενοὶ
1116 1377 1136 1459 ἢ
1158 1378 1290 1462 πλήρειςγ
1313 1377 1338 1440 εἰ
1355 1379 1476 1462 μὲνγὰρ

177 1509 201 1550 ιο
218 1482 310 1561 κενοί,
337 1481 487 1566 συμβαίνει
510 1483 663 1565 διαφωνεῖν
692 1480 804 1566 έαυτιβ,
834 1483 906 1566 φησί
934 1482 988 1566 γὰρ
1011 1480 1086 1549 όλως
1109 1479 1162 1542 οἰικ
1184 1477 1256 1542 εἰναι
1276 1479 1373 1544 κενόν·
1395 1477 1421 1543 εἰ
1444 1481 1477 1546 δὲ

216 1587 350 1669 πλήρεις,
379 1583 424 1646 ἀεὶ
453 1581 487 1646 ἂν
514 1581 682 1646 αἰσθάνοιτο
707 1581 744 1646 τὰ
773 1583 849 1668 (eper-
877 1585 964 1666 δῆλον
991 1582 1044 1665 γὰρ
1072 1584 1112 1650 ίυς
1134 1580 1316 1664 ἐναρμόττει,
1342 1583 1476 1667 καθάπερ

214 1685 297 1770 φησί,
318 1686 352 1750 τδ
367 1685 478 1767 όμοιον.
628 1685 721 1748 καίτοι
743 1684 796 1750 κόν
818 1685 890 1750 αίιτδ
913 1684 998 1748 τοῦτό
1021 1706 1063 1752 τις
1078 1684 1289 1766 διαπορήσειεν,
1312 1683 1339 1748 εἰ
1353 1685 1473 1750 δυνατόν
1494 1695 1526 1748 14

214 1786 275 1850 ἐστι
296 1789 456 1870 τηλικαῦτα
478 1785 588 1868 μεγέθη
611 1785 745 1867 γενέσθαι
766 1793 825 1852 τῶν
848 1788 1030 1870 ἑτερογενῶν,
1058 1782 1127 1848 ὥστ’
1154 1783 1354 1868 ἐναρμόττειν,
1380 1785 1477 1856 άλλως

214 1911 246 1952 τε
267 1888 320 1952 κᾶν
346 1889 509 1974 συμβαίνῃ,
539 1888 672 1972 καθάπερ
694 1889 783 1973 φησί,
804 1890 855 1959 τὰς
878 1886 958 1973 ὄψεις
985 1887 1026 1950 ὧν
1049 1887 1232 1970 ἀσύμμετρος
1253 1889 1273 1971 ἡ
1296 1891 1397 1972 κρᾶσις
1425 1889 1475 1954 διδ

176 2015 200 2054 n
219 1989 271 2072 μὲν
300 1989 357 2054 ὁπδ
383 1995 435 2054 τοῦ
462 1991 567 2075 πυρός,
602 1990 652 2052 ὁτὲ
679 1991 712 2053 δὲ
738 1993 795 2056 tet
822 1995 873 2056 τοῦ
900 1989 985 2074 ἀέρος
1013 1987 1255 2071 ἐμπλαττομένων
1287 1993 1346 2053 τῶν
1378 1991 1477 2075 πόρων

215 2092 428 2177 ἀμαυροῦσθαι.
472 2093 498 2156 εἰ
520 2089 546 2156 δ’
573 2090 623 2155 οῦν
651 2093 712 2156 ἐστι
734 2093 913 2158 καὶτούτων
936 2089 1097 2176 συμμετρία
1125 2091 1173 2154 καί
1199 2092 1318 2174 πλήρεις
1341 2093 1368 2156 οί
1389 2092 1474 2178 πόροι

215 2197 273 2256 τιῖιν
296 2194 337 2279 μὴ
360 2199 520 2278 συγγενῶν,
542 2198 616 2270 πῶς,
639 2195 707 2258 ὅταν
729 2195 913 2278 αἰσθάνηται,
935 2193 983 2258 καί
1006 2197 1063 2257 τοῦ
1084 2197 1175 2256 ταῦτα
1198 2193 1400 2278 ὁπεΕέρχεταιγ
1430 2197 1476 2258 δεῖ

214 2295 268 2377 γάρ
290 2317 353 2358 τινα
374 2297 532 2360 ἀποδοῦναι
555 2297 728 2381 μεταβολήν.
766 2298 843 2362 ὥστε
863 2297 978 2366 πάντως
1001 2294 1066 2380 ἔχει
1087 2295 1253 2361 δυσκολίαν·
1276 2295 1297 2378 ἢ
1319 2295 1374 2380 γὰρ
1393 2297 1475 2360 κενδν

215 2394 324 2480 ἀνάγκη
350 2402 457 2477 ποιεῖν,
483 2399 503 2482 ἢ
526 2399 572 2462 ἀεὶ
593 2399 629 2462 τὰ
651 2399 716 2486 (qia
736 2398 929 2464 αἰσθάνεσθαι
955 2399 1086 2476 πάντων,
1112 2398 1132 2481 ἣ
1154 2399 1188 2460 τδ
1212 2397 1252 2480 μὴ
1275 2399 1406 2480 συγγενὲς
1428 2399 1475 2483 άρ

176 2521 200 2562 τυ
218 2496 330 2577 μόττειν
352 2499 386 2562 οἰι
408 2504 508 2564 ποιοῦν
529 2498 666 2583 αἴσθησιν
695 2499 757 2566 οὐδ’
785 2499 855 2586 ἔχον
884 2501 1046 2587 μεταβολὴν
1073 2499 1180 2564 οἰκείαν
1206 2503 1266 2569 τοῖς
1293 2499 1473 2581 ἐμποιοῦσιν.

217 2594 259 2660 ἔτι
280 2600 315 2662 δὲ
336 2600 362 2664 εἰ
384 2602 432 2664 καί
455 2603 496 2686 μὴ
520 2601 689 2686 ἐναρμόττοι
710 2603 744 2666 τδ
767 2601 881 2684 όμοιον,
909 2603 984 2668 ἀλλὰ
1012 2603 1098 2684 μόνον
1121 2602 1254 2680 ἅπτοιτο,
1280 2598 1350 2666 καθ’
1379 2601 1473 2666 ὁτιοῦν
1493 2609 1525 2663 15

216 2697 334 2783 εὔλογον
355 2699 491 2786 αἴσθησιν
514 2703 659 2786 γίνεσθαι·
686 2705 763 2768 δυοῖν
785 2705 840 2789 γὰρ
862 2705 973 2768 τούτοιν
995 2704 1155 2770 ἀποδίδωσι
1177 2706 1229 2789 τὴν
1251 2707 1356 2787 γνῶσιν
1378 2708 1421 2788 τῷ
1444 2725 1476 2766 τε

214 2801 307 2888 ὁμοίῳ
330 2803 379 2867 καὶ
400 2804 440 2886 τῇ
462 2805 538 2889 ἁφῇ,
559 2807 605 2870 διδ
628 2806 676 2870 καί
698 2807 731 2870 τδ
756 2803 968 2891 ’άρμόττειῦ
996 2807 1122 2892 εἰρηκει·
1154 2803 1225 2872 ὥστ’
1253 2806 1280 2870 εἰ
1301 2807 1335 2870 τδ
1357 2802 1475 2869 ἔλαττον

216 2903 320 2988 ἅψαιτο
342 2908 400 2970 τῦιν
424 2907 578 2988 μειζόνων,
606 2907 652 2992 εἰη
679 2907 713 2972 ἂν
741 2907 887 2992 αἴσθησις.
932 2910 1009 2980 όλως
1037 2931 1069 2973 τε
1096 2910 1171 2973 κατά
1196 2931 1229 2992 γε
1255 2908 1363 2972 ἐκεῖνον
1391 2909 1475 2992 δραι·

175 3034 200 3074 ιι
217 3012 306 3091 ρτῖται
327 3009 376 3072 καί
398 3008 431 3070 τὸ
455 3009 570 3091 όμοιον,
593 3009 668 3074 ἀλλὰ
689 3013 709 3095 ἡ
732 3012 893 3095 συμμετρία
915 3011 1001 3096 μόνον
1024 3013 1132 3076 ἱκανόν.
1167 3013 1215 3076 διὰ
1236 3015 1321 3074 τοῦτο
1343 3009 1397 3094 γάρ
1420 3010 1474 3074 οἰικ

214 3109 407 3174 αἰσθάνεσθαί
429 3131 515 3195 φησιν
538 3113 689 3196 ἀλλήλων,
717 3113 761 3178 ότι
787 3114 854 3183 τοὺς
875 3113 983 3198 πόρους
1009 3113 1210 3198 ἀσυμμέτρους
1238 3111 1370 3198 ἔχουσιν·
1397 3113 1423 3176 εἰ
1445 3110 1470 3176 δ’

214 3211 355 3296 ὁμοιονῆ
379 3212 514 3295 ἀνόμοιον
537 3215 570 3277 τὸ
592 3215 745 3300 ἀπορρέον,
768 3215 851 3279 οῦδὲν
874 3213 917 3278 ἔτι
943 3218 1175 3301 προσαρόιριαεν.
1220 3217 1296 3280 ὥστε
1322 3215 1342 3298 ἢ
1371 3215 1405 3278 οἰι
1431 3216 1475 3299 τῷ

213 3313 307 3398 ὁμοίῳ
334 3315 353 3396 ἡ
380 3313 516 3400 αἴσθησις
543 3315 563 3399 ἡ
591 3315 625 3380 οἰι
656 3318 704 3380 διά
730 3339 793 3380 τινα
819 3317 1016 3400 ἀσυμμετρίαν
1037 3318 1072 3382 οῦ
1097 3319 1254 3402 κρίνουσιν,
1281 3318 1395 3386 ἁπάσας
1422 3313 1474 3400 (τ’)

217 3416 327 3500 ἀνάγκη
350 3415 401 3485 τὰς
423 3416 575 3502 αἰσθήσεις
597 3419 646 3482 καί
667 3419 761 3482 πάντα
782 3417 819 3482 τὰ
841 3417 969 3501 αἰσθητὰ
990 3419 1043 3503 τὴν
1066 3419 1157 3502 αὐτὴν
1181 3417 1261 3504 ἔχειν
1283 3419 1379 3504 φῦσιν.

175 3544 200 3586 ου
302 3517 377 3582 ἀλλὰ
410 3521 467 3604 μὴν
500 3519 569 3584 οὐδὲ
602 3521 653 3604 τὴν
687 3521 794 3604 ἡδονὴν
826 3521 874 3584 καί
903 3520 997 3605 λόπην
1030 3519 1268 3604 ὁμολογουμένως
1301 3519 1476 3582 ἀποδίδωσιν
1494 3529 1524 3582 16

211 3619 335 3704 ἥδεσθαι
369 3621 421 3702 μὲν
455 3625 547 3685 ποιῶν
576 3625 635 3692 τοῖς
663 3622 787 3704 ὁμοίοις,
819 3623 975 3686 λυπεῖσθαι
1006 3622 1040 3686 δὲ
1072 3627 1132 3692 τοῖς
1164 3622 1314 3691 ἐναντίοις·
1346 3617 1468 3705 “ἑχθρόι’

164 3841 175 3892 l
203 3837 284 3892 ἰλαιον
302 3845 329 3894 in
347 3859 412 3908 mrg.
435 3846 537 3894 iteravit
558 3859 608 3894 sec.
627 3845 648 3895 Ρ
669 3838 683 3909 Η
702 3839 747 3892 καὶ
764 3841 819 3911 πιρί
870 3851 972 3906 poetam
991 3843 1065 3894 decet
1086 3845 1117 3894 ci.
1140 3846 1207 3896 inire
1228 3863 1253 3895 v.
1266 3842 1298 3895 21
1326 3844 1367 3894 vel
1389 3844 1525 3894 Platonem

162 3924 228 3978 όυων
239 3943 294 3980 non
307 3937 395 3994 tango.
414 3930 458 3982 καὶ
475 3929 556 3980 πάντα
568 3929 623 3998 περὶ
643 3932 747 3982 volebat
758 3932 819 3982 Phi·
870 3928 976 3980 Menon.
996 3945 1021 3994 ρ.
1033 3929 1089 3983 ’ίῦο
1101 3927 1115 3998 Η
1128 3928 1162 3982 20
1171 3929 1230 4000 ἔχον
1249 3947 1281 3983 επ
1298 3929 1366 4000 ίγων
1384 3939 1413 3980 ut
1424 3931 1526 3980 videtur

161 4017 264 4081 lippson
284 4012 297 4082 Η
317 4014 398 4072 drot:
412 4031 490 4082 snper
507 4033 573 4068 vers.
592 4019 652 4069 edd.
671 4037 709 4084 pr.
728 4019 749 4069 F
770 4015 783 4084 Η
803 4019 819 4070 ’ί
872 4023 1015 4066 correctum
1033 4014 1084 4083 ΕΗ
1099 4015 1133 4068 21
1153 4015 1295 4086 ἰναρμόπτιι
1313 4019 1370 4071 PF:
1390 4018 1524 4069 eorr.Ste-

161 4099 188 4153 δὲ
210 4102 254 4153 καὶ
282 4104 416 4154 Cemotins
441 4099 455 4170 Η
480 4101 514 4155 10
537 4101 619 4173 θαυτῷ
649 4107 820 4171 ουίιραΙΙίάυω
872 4102 972 4166 phenns
987 4101 1000 4169 Η
1014 4101 1046 4154 21
1065 4100 1161 4155 ὁτοιοῦν
1179 4106 1200 4156 F
1221 4102 1234 4171 Η
1255 4102 1289 4156 22
1305 4103 1334 4156 τό
1350 4121 1378 4155 τε
1395 4119 1472 4154 reecr.
1491 4104 1524 4154 F:

161 4189 182 4239 F
209 4185 223 4254 Η
250 4189 282 4241 12
301 4189 382 4241 καίτοι
405 4192 439 4241 P:
463 4189 506 4241 καί
528 4193 554 4240 τί·
575 4192 597 4242 F
622 4187 635 4259 Η
662 4190 694 4244 13
712 4187 821 4259 γίνεσθαι
872 4203 937 4239 corr.
946 4185 1087 4257 οεοθΗθθ
1095 4195 1211 4257 suspicor
1220 4190 1346 4242 καὶτοῦτο
1357 4192 1396 4242 rei
1407 4189 1452 4241 καί
1460 4189 1525 4242 τότε.

162 4276 303 4327 Schneider
322 4273 335 4344 Η
354 4281 407 4328 τῶν
424 4279 458 4328 F:
478 4279 570 4330 orn?
595 4274 609 4345 Η
634 4277 668 4329 14
691 4275 740 4328 κάν
757 4291 819 4345 ουρ.-
871 4290 931 4326 nem
941 4279 1060 4342 proprius
1070 4295 1130 4328 usus
1140 4280 1212 4329 verbi
1222 4276 1351 4347 ἁρμόττειν
1363 4280 1395 4328 nb
1405 4279 1525 4328 hocloco

162 4360 234 4431 βαίνῃ
247 4363 401 4416 Schneider:
421 4363 465 4416 καί
478 4362 617 4433 συρβαίνιιι
637 4362 681 4416 καί
693 4361 821 4432 συμβαίνει
871 4358 1205 4432 εΙίειιυεΗίντἘΗθιίόλως
1214 4367 1302 4418 rrPF:
1312 4361 1378 4422 όλως
1387 4362 1525 4416 δδδοίιιιεί-

162 4453 287 4502 Wimmer
306 4447 319 4518 Η
339 4447 400 4518 φασί
417 4449 474 4502 PF:
494 4467 560 4502 corr.
579 4451 723 4504 Schneider
746 4447 759 4518 ΙΙ
788 4450 820 4502 14
871 4449 918 4498 der
937 4443 951 4515 Η
970 4446 1103 4518 ἀναιρεῖται
1127 4455 1194 4504 coni.
1212 4453 1355 4504 Schneider
1375 4449 1388 4518 Η
1409 4449 1442 4503 25
1462 4449 1524 4518 μόνη

162 4533 317 4606 άσόμμιτρος
339 4535 356 4606 ἡ
380 4539 414 4589 Ρι
439 4535 613 4609 ησῦρμιτρος
631 4537 648 4608 ἡ
666 4553 742 4589 rerer.
763 4540 785 4589 F
803 4534 819 4605 Η
871 4534 945 4605 ἱκανή
977 4539 1045 4588 coni.
1067 4535 1209 4589 Schneider
1236 4547 1263 4588 et
1286 4540 1317 4590 ci.
1339 4539 1393 4588 ind.
1416 4539 1524 4588 Aristot.

162 4619 203 4674 ὁτί
216 4625 251 4676 Ρι
270 4621 345 4675 tren
364 4627 476 4690 itemque
490 4625 523 4679 15
543 4621 557 4692 Η
578 4625 610 4678 17
628 4628 681 4676 τῶν
699 4623 744 4691 μὲν
762 4625 819 4677 PF:
871 4641 896 4690 ρ.
909 4621 1029 4676 484151.
1042 4620 1075 4676 59
1097 4622 1109 4690 Η
1130 4621 1164 4678 26
1183 4621 1323 4676 αἰσθάνεται
1341 4627 1400 4677 PF:
1424 4631 1525 4674 correxi

163 4725 228 4760 corr.
247 4710 390 4763 Schneider
409 4707 423 4778 ΙΙ
445 4712 478 4766 18
501 4710 567 4782 ἰγτιν
589 4713 645 4764 PF:
670 4727 738 4762 corr.
761 4711 819 4763 Ste·
871 4713 902 4761 ct.
936 4710 993 4774 §7-
1027 4706 1184 4762 αἰσθάνονται
1216 4712 1361 4778 Stephanus
1390 4709 1405 4779 Η
1435 4711 1469 4764 28
1496 4708 1525 4761 οῦ

161 4799 262 4862 phetrus
286 4793 300 4862 ΙΙ
323 4798 354 4850 19
373 4797 503 4868 ἁρμόττειν
524 4799 583 4850 PF:
611 4801 727 4864 suspicor
752 4799 820 4850 hnhc
871 4795 994 4864 κρίνουσιν
1012 4799 1069 4850 PF:
1095 4814 1161 4850 corr.
1184 4799 1327 4850 Schneider
1346 4797 1359 4861 Η
1380 4795 1404 4848 τ’
1425 4799 1526 4848 eddidit

161 4885 212 4935 sihi
224 4886 368 4937 constitisse
379 4891 529 4952 scriptorem
540 4883 697 4954 ἐναρμόττειν
709 4893 737 4936 ut
749 4903 774 4936 v.
786 4885 817 4936 11
871 4887 973 4938 Usener
986 4880 999 4953 Η
1014 4883 1049 4936 30
1063 4881 1253 4953 δμολογυμίνως
1266 4887 1286 4936 F
1298 4881 1312 4952 Η
1326 4881 1405 4953 ἰγθρά
1418 4887 1454 4935 sic
1466 4887 1487 4936 P
1501 4895 1527 4934 es

162 4981 187 5022 et
199 4969 232 5024 21
253 4981 417 5039 usurpantem
430 4976 461 5025 cf.
474 4976 507 5024 ed
520 4973 534 5038 ξ
545 4973 569 5026 9.
588 4974 697 5038 simplex
713 4974 819 5024 verbum
870 4975 1019 5039 rescriptum
1029 4974 1061 5023 F:
1081 4969 1159 5042 ἰχθεα
1169 4975 1241 5025 Csm.
1252 4975 1283 5024 cf.
1294 4973 1402 5040 Smped.
1414 4990 1457 5024 ιν.
1465 4969 1524 5024 331.
