3648 5736
522 401 661 462 ακιεκι
679 405 820 461 Ηιετοπ.
839 407 979 460 munos.
993 405 1098 462 65-68
1325 475 1330 484 ,
1427 407 1489 472 627

177 575 291 640 νυσθαι.
336 571 373 640 Οί
400 573 559 641 Στωικοί
589 577 718 641 κατὰτὸ
742 579 887 661 διάστημα
908 582 961 660 τῆς
983 577 1174 662 ὑποκειμένης
1201 581 1313 663 τροφῆς
1338 577 1438 641 διιέναι
1545 543 1548 552 1

177 677 227 740 τὸν
253 679 350 763 ἥλιον·
382 678 510 742 ὠκεανὸν
538 681 572 743 δὲ
593 680 641 744 καί
663 681 716 764 τῆν
739 680 890 746 θάλασσαν
916 681 1055 767 παρέχειν
1082 684 1125 764 τῷ
1148 679 1225 765 ῆλίῳ
1252 681 1361 766 τροφὴν
1387 681 1441 764 τὴν

180 779 271 844 αδτοῦ
294 779 437 864 ὑγρότητα
459 778 586 866 ἔχουσαν
609 781 639 846 ἐν
661 781 742 867 αὐτῷ
765 785 814 849 καὶ
836 785 889 868 τὴν
912 787 1008 870 γεώδη
1031 781 1234 866 ἀναθυμίασιν.

372 1038 415 1102 66
452 1035 537 1121 Περὶ
560 1037 765 1124 ἐκλείψεως
786 1041 901 1125 ἡλίου.
938 1045 1141 1112 [1²1ut.n241.
1155 1055 1209 1098 κι.
1223 1049 1246 1114 ι]
1457 1059 1493 1099 πυ

151 1211 163 1248 ι
268 1190 386 1276 Θαλῆς
412 1196 528 1283 πρῶτος
558 1191 637 1258 εἶπεν
659 1195 800 1260 ἐκλείπειν
827 1196 877 1260 τόν
906 1198 989 1282 ῆλιον
1013 1197 1066 1277 τῆς
1093 1193 1217 1276 σελήνης
1241 1191 1329 1257 αότδν
1357 1194 1440 1280 ὑπερ-

178 1291 307 1378 χομένης
333 1292 407 1358 κατὰ
437 1293 561 1360 κάθετον
587 1295 676 1382 οὔσης
706 1299 791 1383 φόσει
818 1301 955 1382 γεώδους·
996 1291 1273 1380 Ἀναξίμανδρος
1300 1300 1352 1360 τοῦ
1379 1297 1443 1362 στό-

179 1418 268 1477 ματος
290 1399 343 1478 τῆς
364 1399 415 1460 τοῦ
437 1399 527 1483 πυρδς
549 1401 701 1484 διεκπνοῆς
724 1401 962 1484 ἀποκλειομένου·
1006 1397 1216 1482 Ξενοφάνης
1243 1398 1317 1462 κατὰ
1345 1398 1442 1484 σβέσιν

180 1498 233 1582 τήν
263 1495 389 1582 ἔκλειψιν
415 1498 559 1580 γίνεσθαι,
586 1501 682 1586 ἕτερον
710 1503 742 1566 δὲ
769 1503 854 1568 πολιν
883 1504 955 1588 πρὸς
981 1505 1044 1570 ταῖς
1074 1500 1227 1569 ἀνατολαῖς
1256 1491 1443 1570 ἐξάπτεσθαι.

182 1603 377 1686 παρεισήγαγε
399 1601 432 1666 δὲ
454 1603 503 1666 καὶ
525 1600 651 1690 ἔκλειψιν
674 1605 787 1690 ἐντελῆ,
811 1606 888 1670 ὥστε
909 1606 961 1688 τῆν
984 1602 1096 1688 ἡμέραν
1119 1601 1216 1686 ἀφανῆ
1240 1601 1322 1667 εἶναι.
1356 1602 1441 1690 Ἀρί-

140 1721 337 1790 1ισταρχος
357 1703 431 1768 κατὰ
454 1709 506 1790 τῆς
527 1710 581 1791 γῆς
604 1707 773 1778 σκιάζεσθαι
795 1709 844 1772 τὸν
867 1709 964 1774 δίσκον
985 1709 1037 1770 τοῦ
1059 1705 1154 1789 ἡλίου.

376 1965 416 2028 67
453 1962 536 2048 Περὶ
559 1965 723 2048 σελήνης.
761 1967 931 2032 [Plut.1125
944 1981 963 2022 1.
975 1982 995 2021 ι.
1008 1981 1028 2022 ι.
1040 1982 1059 2021 ο.
1072 1971 1097 2036 ο]
1447 1983 1484 2023 m

262 2113 535 2201 Ἀναξίμανδρος
555 2119 660 2182 κόκλον
676 2117 748 2183 εἶναι
763 2113 1060 2184 ἕκκαιδεκαπλασίονα
1074 2121 1127 2202 τῆς
1142 2122 1205 2202 γῆς.
1239 2117 1443 2204 Ξενοφάνης

181 2217 215 2280 δὲ
241 2216 314 2282 εἶναι
341 2217 428 2304 νέφος
453 2221 671 2306 πεπυρωμένον.
717 2223 744 2287 οἱ
771 2221 924 2286 Στωικοὶ
956 2221 1060 2308 μικτήν
1086 2218 1158 2285 εἶναι
1185 2221 1237 2306 τῆν
1266 2222 1390 2306 σελήνην
1411 2221 1445 2284 ἐκ

181 2321 271 2405 πυρὸς
292 2320 341 2384 καὶ
362 2323 489 2406 γεώδους
511 2320 667 2408 ᾠήθησαν.
704 2322 852 2389 Πλάτων
874 2324 908 2388 ἐκ
930 2324 1061 2394 πλείονος
1077 2322 1178 2408 πυρός.
1212 2320 1444 2406 Ἀναξαγόρας

143 2440 167 2479 ιι
185 2423 234 2486 καὶ
256 2423 483 2509 Δημόκριτος
510 2425 663 2510 στερέωμα
684 2426 821 2510 διάπυρον
847 2423 916 2511 ἔχον
945 2426 974 2490 ἐν
1001 2426 1097 2512 ἑαυτῷ
1126 2425 1212 2490 πεδία
1239 2427 1288 2490 καὶ
1316 2423 1369 2510 όρη
1396 2423 1444 2488 καί

181 2523 340 2610 νᾶεατιας·

376 2788 443 2852 678
478 2783 575 2870 (Περὶ
599 2783 798 2869 μεγέθους.)
836 2794 1075 2864 [Plut.11261.2]

271 2937 308 3004 Οἱ
331 2938 484 3004 Στωικοὶ
507 2941 625 3025 μείζονα
646 2945 699 3026 τῆς
720 2945 774 3026 γῆς
796 2941 944 3023 νομίζουσι
960 2943 1013 3027 τῆν
1030 2945 1155 3028 σελήνην
1171 2945 1211 3012 ὥς
1225 2942 1274 3005 καὶ
1289 2941 1339 3005 τδν
1354 2941 1446 3025 ῆλιον.

183 3039 412 3126 Παρμενίδης
435 3040 499 3127 ἴσην
521 3049 564 3130 τῷ
587 3045 663 3129 ήλίιρ
685 3044 733 3109 καὶ
756 3041 786 3113 ἐξ
808 3041 898 3112 αὐτοῦ
920 3046 1112 3130 φωτίζεσθαι.

141 3314 166 3355 ²⁰
379 3303 422 3368 68
459 3298 546 3384 Περὶ
569 3301 765 3386 σχήματος.
801 3306 969 3372 [ΡΙοιΠίί
984 3318 1002 3360 1.
1016 3309 1073 3374 κε]
1462 3317 1498 3356 οοο

272 3453 310 3524 01
341 3455 493 3526 Στωικοί
518 3455 571 3540 τῆν
600 3457 724 3542 σελήνην
751 3457 920 3542 σφαιροειδῆ
949 3459 990 3527 ίυς
1016 3457 1140 3520 καὶτὸν
1166 3455 1249 3540 ῆλιον
1276 3453 1449 3537 νομίζουσιν.

181 3553 411 3642 Ἡράκλειτος
437 3560 470 3622 δὲ
493 3559 663 3644 σκαφοειδῆ.
707 3555 950 3643 Ἐμπεδοκλῆς
978 3560 1011 3624 δὲ
1039 3560 1202 3644 δισκοειδῆ,
1229 3556 1312 3622 ἄλλοι
1342 3557 1375 3619 δὲ
1402 3579 1448 3618 κυ·

188 3661 359 3747 λινδροειδῆ.
406 3661 624 3748 Σχηματίζεται
646 3659 679 3722 δὲ
700 3661 721 3744 ῆ
745 3662 852 3745 σελήνη
875 3661 1028 3747 ἑπταχῶς·
1059 3662 1108 3728 ότε
1129 3661 1184 3746 γὰρ
1205 3663 1347 3736 τίκτεται,
1370 3661 1451 3722 δοκεῖ

188 3763 343 3852 φαίνεσθαι
366 3764 537 3848 μηνοειδής,
567 3761 656 3846 (εἶτα)
677 3762 844 3849 διχότομος,
866 3760 919 3826 εἶτ’
950 3764 1148 3850 ἀμφίκυρτος,
1174 3761 1237 3828 εἶτα
1263 3761 1452 3845 πανσέληνος,

148 3889 173 3928 ω
190 3867 253 3937 εἶτα
275 3867 360 3932 πάλιν
384 3865 621 3957 ἐπαναχωροῦσα
643 3862 729 3934 αὖθις
751 3865 857 3948 γίνεται
878 3865 1067 3952 ἀμφίκυρτος,
1089 3866 1152 3931 εἶτα
1173 3866 1330 3952 διχότομος
1348 3863 1397 3928 καί
1417 3864 1451 3926 τὸ

187 3972 304 4055 όστερον
321 3970 491 4054 μηνοειδής,
507 3966 557 4032 εἴτ’
579 3969 694 4054 ἀφανὴς
708 3967 783 4031 κατὰ
797 3969 850 4055 τῆν
864 3970 976 4054 καινήν.
1013 3972 1146 4040 πλεῖστος
1160 3969 1266 4054 γίνεται
1281 3967 1346 4053 περὶ
1361 3967 1452 4052 αὐτῆς

185 4074 279 4158 λόγος.
324 4071 437 4156 λέγεται
461 4075 562 4140 τοῦτον
585 4069 820 4156 σχηματίζεσθαι
841 4071 890 4134 τδν
912 4071 1018 4156 τρόπον
1041 4073 1217 4157 σκιαζοόσης
1239 4072 1377 4135 ἑκάστοτε
1398 4073 1451 4154 τῆς

186 4180 241 4260 γῆς
276 4177 391 4259 πρῶτον
414 4174 466 4256 μὲν
489 4175 563 4238 κατὰ
584 4173 618 4236 τδ
642 4171 741 4256 μόριον
763 4171 879 4257 ἑαυτῆς,
901 4173 973 4238 ποτὲ
994 4173 1028 4237 δὲ
1050 4175 1124 4240 κατὰ
1149 4177 1183 4238 τδ
1207 4173 1345 4242 παντελὲς
1375 4172 1459 4255 ὑπορ-

190 4277 312 4363 ρεοόσης
333 4282 387 4362 τῆς
408 4279 532 4364 σελήνης
553 4277 594 4348 είς
614 4275 649 4340 τὸ
671 4277 769 4338 κοῖλον
790 4279 843 4360 τῆς
864 4280 928 4361 γῆς.

141 4419 153 4470 l
174 4415 250 4468 διίναι
268 4418 294 4467 A
314 4412 327 4484 ΙΙ
347 4414 364 4467 2
382 4415 524 4486 παρέχοντα
542 4413 608 4471 nan
624 4412 720 4490 τροφήν
737 4415 761 4466 Β
780 4411 794 4482 ΙΙ
847 4415 891 4470 καὶ
908 4413 954 4486 όρη
974 4433 1025 4468 om.
1037 4416 1073 4470 Βι
1092 4411 1182 4471 πάσδια
1200 4413 1244 4466 καλ
1256 4409 1301 4482 όρη
1315 4415 1340 4464 A
1359 4409 1373 4482 ΙΙ
1395 4411 1427 4464 17
1444 4415 1503 4462 titu-

139 4502 246 4560 θαότοῦ
260 4513 320 4556 ante
334 4499 459 4573 ὑγρότητα
470 4504 509 4554 A:
528 4517 579 4552 om.
589 4503 623 4563 B.
642 4504 796 4560 seutentiam
846 4506 900 4558 lum
919 4520 969 4559 om.
988 4503 1038 4554 AB

139 4611 192 4645 non
210 4593 340 4656 adsequor
883 4588 917 4643 20
930 4593 967 4642 tit.
982 4605 1032 4644 om.
1045 4590 1068 4642 B
1082 4585 1095 4656 ΙΙ
1111 4586 1142 4640 21
1159 4583 1194 4644 ὡς
1207 4587 1289 4638 οιυ.Β
1305 4581 1317 4655 ΙΙ
1332 4583 1365 4638 23
1377 4579 1505 4636 τίκτεσθαι

173 4679 189 4736 5
219 4683 320 4748 πρῶτον
343 4680 391 4730 AB
417 4673 432 4745 ΙΙ
457 4678 474 4730 6
499 4671 722 4744 Ἀναξίμανδρος·
735 4674 796 4728 ἀπο·
848 4678 1056 4744 (suprascripto
1075 4676 1126 4738 ται)
1149 4669 1278 4742 φαίνεσθαι
1295 4671 1365 4724 δοκεῖ
1385 4673 1407 4724 Β
1432 4667 1446 4740 ΙΙ
1471 4669 1505 4722 24

138 4765 286 4834 κλειομίνου
305 4765 390 4816 om.B
409 4761 423 4834 ΙΙ
443 4765 459 4818 7
478 4761 554 4832 πυρὸς
573 4760 666 4832 διήκειν
684 4762 718 4821 είς
736 4761 797 4816 ἀπο·
848 4762 923 4828 (εἶτα)
941 4781 992 4815 om.
1005 4765 1054 4814 AB
1069 4760 1081 4830 ίΙ
1098 4761 1133 4814 28
1150 4757 1262 4810 κατὰτὸ
1281 4761 1316 4811 B:
1333 4757 1362 4810 τδ
1381 4776 1431 4810 om.
1450 4761 1475 4808 A
1490 4755 1504 4826 ΙΙ

138 4851 285 4920 κλινομίνου
297 4854 323 4902 A
338 4849 351 4919 ή
372 4851 387 4904 9
406 4849 546 4908 ίνςιλῶςΒ
567 4847 581 4918 ΙΙ
604 4850 636 4902 10
655 4848 703 4902 ίιπὸ
715 4851 795 4920 γῆςΒ
848 4847 1002 4921 ίιπορτοόσης
1019 4853 1056 4902 B:
1076 4843 1243 4918 ἀπορρευόσης
1262 4849 1287 4898 A
1306 4845 1320 4916 ΙΙ
1341 4844 1375 4900 29
1394 4847 1452 4898 fort.
1471 4845 1506 4903 είς

175 4937 209 4992 12
228 4935 484 4992 ίκκαιδςκαπλασίονα
496 4937 545 4990 AB
564 4932 580 5006 ΙΙ
601 4936 634 4988 14
652 4935 683 4988 ἐκ
696 4953 747 4990 om.
759 4937 796 4990 B:
848 4935 891 4989 τόν
908 4941 992 4988 κῶνον
1010 4953 1044 4992 ευ.
1068 4937 1173 4988 umbrae

137 5027 171 5088 τίς
188 5032 216 5082 A
232 5024 247 5098 ΙΙ
267 5023 300 5081 15
313 5023 352 5078 διὰ
370 5022 445 5095 πυρδς
462 5021 539 5093 ΑΒΗ
559 5021 627 5094 ἔχων
646 5026 671 5076 A
691 5023 704 5092 ΙΙ
725 5021 796 5076 πεδία

1233 5104 1304 5172 40*
