3768 5736
539 433 615 484 Ami
633 433 768 485 DIDYMI
788 437 971 488 EPITOMES
990 437 1042 490 FB.
1063 438 1165 490 PHYS.
1180 438 1203 488 1.

454 916 503 973 ΕΚ
522 916 592 975 ΤΩΝ
611 917 738 975 ΑΡΕἰθΥ
756 919 905 978 Ammoi
924 921 1104 978 ΕΠΙΤΟΜΗΣ
1123 922 1276 981 ΦΥΣΙΚΩΝ

860 1082 877 1144 1

240 1199 355 1250 Εοεεί).
379 1201 410 1252 Ρ.
430 1201 461 1252 Ε.
476 1199 517 1251 111
530 1196 565 1252 23
578 1207 644 1251 ο-ο.
685 1201 771 1253 Stob.
794 1203 842 1254 εοί.
948 1203 1080 1255 Alcinoi
1099 1207 1159 1270 opit.
1179 1207 1248 1259 Plut.
1268 1205 1354 1271 dogm.
1373 1221 1394 1257 ο.
1411 1205 1451 1258 12.

188 1285 240 1336 eth.
253 1286 267 1336 1
283 1284 315 1336 12
333 1284 460 1352 p.33011.

230 1413 301 1498 Περὶ
329 1415 363 1478 δὲ
392 1419 451 1479 τῶν
480 1413 565 1479 ἰδεῶν
589 1417 642 1480 ῶδί
665 1416 842 1502 διεξήρχετο,
935 1407 1014 1474 Ἐπεί
1036 1412 1090 1497 γὰρ
1111 1417 1170 1477 τῶν
1193 1413 1267 1478 κατὰ
1290 1413 1375 1499 ρόσιν
1398 1413 1547 1500 αἰσθητῶν

186 1520 244 1579 τῶν
273 1517 347 1582 κατὰ
374 1517 459 1602 φύσιν
486 1517 637 1602 αἰσθητῶν
666 1517 741 1582 κατὰ
762 1519 843 1603 γένος
894 1513 943 1576 νοιί
965 1513 1040 1578 κατὰ
1060 1513 1146 1600 μέρος
1162 1515 1308 1600 ὡρισμένα
1323 1515 1386 1580 τινὰ
1401 1519 1447 1581 δεῖ
1460 1542 1549 1604 παρα-

188 1618 334 1702 ῶρισμένα
367 1620 430 1684 τινὰ
465 1620 683 1704 παραδείγματα
715 1623 843 1706 φάμενος
894 1616 1033 1700 δείγματα
1057 1615 1131 1682 εἰναι
1153 1619 1205 1688 τὰς
1228 1617 1317 1696 ἰδέας,
1351 1617 1391 1682 ῶν
1418 1620 1467 1683 καί
1497 1620 1549 1690 τὰς

187 1717 260 1783 εἰναι
286 1721 337 1792 τὰς
360 1721 453 1800 ἰδέας,
482 1722 523 1786 ῶν
545 1721 596 1792 τὰς
618 1723 781 1810 ἐπιστήμας
802 1728 841 1810 ρι’.
893 1717 1055 1804 ἐπιστήμας
1065 1719 1196 1804 γίνεσθαι
1212 1721 1260 1784 καί
1275 1720 1342 1790 τοδς
1358 1720 1442 1806 όροος
1457 1719 1549 1808 (παρὰ

185 1823 303 1905 γνεσθαι
326 1825 374 1889 καί
401 1827 469 1896 τοὺς
497 1825 596 1910 όρους·
626 1827 705 1913 παρὰ
732 1829 871 1899 πάνταςο
893 1822 1002 1892 πάντας
1027 1822 1082 1908 γὰρ
1109 1823 1282 1909 ἀνθρώπους
1308 1822 1464 1908 ἄνθρωπόν
1486 1847 1548 1889 τινα

185 1925 239 2011 γὰρ
262 1927 437 2014 ἀνθρώπους
458 1929 615 2016 ἄνθρωπόν
633 1953 697 1994 τινα
711 1930 841 1995 νοεῖσθαι
893 1923 1024 1988 νοεῖσθαι
1045 1925 1094 1990 κοιί
1116 1926 1195 2011 παρὰ
1217 1927 1325 1996 πάντας
1340 1926 1446 1997 ἵππους
1460 1927 1548 1992 ἵππον

129 2079 132 2084 ,
186 2030 234 2092 καί
268 2031 347 2115 παρὰ
382 2033 491 2102 πάντας
527 2033 632 2104 ἵππους
668 2031 755 2098 ἵππον
792 2034 841 2098 καὶ
893 2025 941 2090 καί
964 2031 1069 2098 κοινῶς
1091 2027 1170 2112 παρὰ
1184 2027 1220 2091 τὰ
1239 2029 1302 2114 ἵνῖοῑ
1317 2028 1394 2116 (οἷον
1409 2028 1547 2114 ἀγένητον

186 2135 290 2202 κοινῶς
312 2135 391 2220 παρὰ
412 2136 506 2200 πάντα
528 2139 593 2221 ζῷα
608 2139 685 2218 ζῷον
701 2135 840 2220 ἀγένητον
891 2127 940 2192 καί
956 2127 1117 2214 ἄφθαρτον·
1140 2130 1172 2194 όν
1187 2130 1293 2216 τρόπον
1309 2131 1464 2216 σφραγῖδος
1479 2133 1546 2213 μιᾶς

185 2235 233 2298 καὶ
255 2234 419 2322 ἄφθαρτον·
448 2238 480 2302 θν
501 2237 607 2322 τρόπον
631 2237 664 2300 δέ
685 2239 840 2322 σφραγῖδος
891 2230 1031 2314 ἐκμαγεῖα
1053 2232 1160 2316 γίνεται
1181 2233 1276 2297 πολλὰ
1298 2231 1346 2296 καὶ
1365 2231 1429 2304 ἑνδς
1444 2233 1548 2317 ἀνδρὸς

185 2342 255 2420 μιᾶς
277 2339 417 2423 ἐκμαγεῖα
442 2339 573 2423 γίνεσθαι
596 2337 691 2402 πολλὰ
717 2339 765 2402 καὶ
792 2359 838 2402 συ
852 2355 875 2395 ιο
891 2332 1000 2403 εἰκόνες
1013 2333 1111 2418 μυρίαι
1122 2334 1169 2399 ἐπὶ
1182 2335 1295 2419 μορίαις
1305 2339 1358 2420 τῆς
1368 2333 1446 2404 ἰδέας
1457 2333 1547 2419 οὔσης

184 2440 258 2525 χνάς
283 2441 404 2510 εἰκόνας·
421 2441 485 2510 ἑνδς
516 2441 635 2526 ἀνδρός,
667 2441 761 2510 οἵτιυς
792 2443 841 2507 καί
892 2434 985 2505 αἰτίας
1000 2435 1096 2521 άρχην
1111 2441 1163 2500 τοῦ
1179 2435 1252 2500 εῖναι
1274 2435 1396 2500 ἕκαστον
1417 2441 1546 2500 τοιοῦτον

187 2546 255 2624 μιᾶς
276 2543 401 2626 ἑκάστης
423 2543 501 2612 ἰδέας
523 2543 672 2626 αἰσθητῶν
695 2545 840 2626 στομάτων
892 2536 952 2601 οἷον
979 2537 1065 2622 αὐτ-λ·
1081 2535 1237 2632 ὑπάρχει),
1259 2538 1414 2621 ἀναγκαῖον
1435 2539 1485 2602 καί
1512 2540 1546 2602 τδ

187 2643 287 2728 φύσεις
308 2646 506 2730 παμπληθεῖς,
528 2647 581 2730 τῆς
602 2643 655 2727 μὲν
674 2644 839 2728 ἀνθρώπων
891 2640 1042 2703 κάλλιστον
1058 2637 1284 2722 κατασκεύασμα
1298 2639 1348 2703 τδν
1363 2639 1473 2724 κόσμον
1488 2641 1545 2704 ὑπὸ

187 2745 362 2831 ἀνθρώπους
400 2746 541 2825 ἅπαντας,
577 2745 643 2831 (τῆς
676 2745 709 2809 δὲ
741 2747 838 2812 ἵππον
889 2744 941 2804 τοῦ
975 2741 1047 2805 θεοῦ
1080 2740 1346 2826 διδημιουργῆσθοι
1377 2741 1450 2828 πρός
1482 2765 1545 2806 τινα

184 2847 290 2918 ἵππους
316 2847 469 2934 άπαντας,>
500 2849 548 2912 καί
578 2848 653 2912 κατὰ
679 2849 729 2913 τδν
751 2849 839 2914 αὐτὸν
852 2865 876 2906 ιυ
892 2841 971 2907 ἰδέαν
993 2842 1106 2927 κόσμου
1127 2841 1342 2930 ἀποβλέποντος
1363 2846 1545 2930 παράδειγμα

185 2949 270 3033 λόγον
298 2949 345 3014 ἐπὶ
367 2954 426 3014 τῶν
448 2950 625 3015 ἅλλοντῶν
647 2950 839 3036 κατὰφύσιν.
890 2945 1078 3030 ὑπάρχουσαν
1106 2947 1193 3008 τοῦδε
1213 2948 1266 3009 τοῦ
1293 2945 1405 3029 κόσμου
1437 2949 1478 3016 ὡς
1509 2945 1544 3011 ἂν

187 3050 259 3114 εἶναι
282 3052 315 3114 δὲ
336 3052 389 3136 τὴν
412 3052 491 3116 ἰδέαν
506 3053 598 3132 ἀίδιον
613 3050 725 3131 οὐσίαν,
746 3053 839 3118 αἰτίαν
891 3048 1130 3130 ἀπεικονισμένοο
1162 3045 1214 3111 ἀπ’
1257 3047 1369 3132 ἐκείνης
1399 3049 1472 3134 πρὸς
1507 3048 1544 3132 ἣν

184 3153 233 3217 καὶ
255 3153 351 3240 ἀρχὴν
380 3159 432 3218 τοῦ
459 3153 580 3218 ἕκαστον
602 3152 673 3217 εἶναι
699 3159 839 3236 τοιοῦτον,
890 3148 1184 3234 οἰφοροιιυθέντοθπὸ
1199 3153 1251 3213 τοῦ
1267 3151 1442 3234 δημιουργοῦ
1456 3147 1543 3214 αὐτὸν

184 3256 233 3319 οἵα
255 3256 332 3320 ἐστὶν
354 3255 438 3341 αἰιτή.
476 3255 611 3340 καθάπερ
633 3253 683 3320 οόν
705 3257 742 3320 τὰ
763 3258 838 3322 κατὰ
890 3249 1084 3336 ἀπειργάσθαι
1113 3251 1188 3316 κατά
1210 3250 1453 3335 θαυμαστοτάτην
1475 3251 1543 3336 πρό-

184 3357 272 3442 μέρος
301 3359 399 3443 ῶσπερ
428 3356 580 3443 ἀρχέτυπα
606 3361 665 3422 τῶν
687 3357 874 3444 αἰσθητῶνιο
889 3375 967 3416 νοιαν
997 3354 1045 3417 καί
1073 3353 1184 3418 διἀιταν
1210 3351 1348 3423 ἐλθόντος
1369 3353 1417 3418 ἐπὶ
1439 3354 1472 3416 τδ
1495 3355 1543 3436 δη-

183 3461 374 3545 προηγεῖσθαι
390 3461 545 3542 στομάτοιν,
567 3459 660 3530 οὕτως
674 3461 727 3546 την
742 3463 839 3534 πάσας
890 3457 1033 3538 μιουργεῖν
1077 3457 1127 3520 τδν
1164 3453 1274 3538 κόσμον
1318 3453 1391 3518 διότι
1431 3455 1543 3538 άγαθδς

183 3563 214 3626 ἐν
246 3564 338 3648 ἑαυτῇ
371 3561 564 3647 περιέχουσαν
600 3562 756 3648 καλλίστην
787 3566 837 3629 καὶ
889 3553 936 3640 ἦν·
958 3555 992 3620 ἐκ
1014 3561 1067 3641 τῒγς
1087 3559 1184 3640 πάσης
1206 3554 1256 3620 οὖν
1280 3557 1350 3640 ὕλης
1371 3556 1459 3622 αότδν
1479 3557 1543 3640 έδη-

181 3666 363 3748 τελειοτάτην
392 3663 491 3729 οδσίαν
514 3663 655 3749 ὑπάρχειν
676 3667 762 3729 τοῶδε
783 3689 836 3730 πα·
888 3658 1026 3742 ριοιῖργει·

183 3768 322 3852 ράδειγμα
343 3770 395 3830 τοιῖ
416 3765 543 3848 κόσμου·
566 3766 639 3849 πρδς
659 3767 714 3853 γὰρ
728 3769 835 3853 ταύτην

182 3869 408 3954 άρομοιιυθέντα
431 3869 488 3932 ὑπὸ
504 3870 557 3930 τοιῖ
572 3868 836 3953 δημιουργήσαντος
848 3889 873 3926 ιο

183 3969 272 4035 αδτδν
294 3971 487 4056 ἀπειργάσθαι
509 3969 581 4032 θεοῦ
602 3971 678 4033 κατὰ
699 3970 836 4054 πρόνοιαν

180 4072 214 4136 ἐκ
235 4077 288 4157 τῆς
310 4075 406 4157 πάσης
428 4072 538 4143 οδσίας·

233 4246 328 4296 Ευιιοίι.
341 4250 481 4312 praemittit
492 4248 532 4298 Xi
545 4242 580 4298 23
593 4254 606 4296 ο
628 4246 696 4297 hunc
708 4247 832 4298 indicem
883 4249 934 4301 Si:
952 4249 1042 4318 γίνεται
1054 4254 1112 4302 Aio.
1126 4249 1140 4318 ΙΙ
1156 4251 1187 4302 11
1201 4247 1282 4309 οὕτως
1293 4253 1337 4304 καί
1349 4253 1400 4306 St:
1419 4251 1499 4312 οὕτως
1512 4254 1541 4307 ἰκ

179 4329 226 4400 τὴν
248 4329 275 4383 δδ
299 4335 351 4384 τῶν
374 4331 511 4402 εἰρημένων
532 4331 640 4386 διάνοιαν
658 4331 688 4385 ἐκ
712 4336 765 4384 τῶν
782 4329 832 4384 Δι-
884 4339 908 4388 Ε
929 4333 942 4404 ΙΙ
963 4336 997 4389 14
1014 4339 1061 4407 τῆς
1074 4366 1094 4374 —
1106 4335 1217 4395 ἅπαντας
1240 4355 1289 4390 om.
1309 4340 1347 4391 St.
1365 4343 1403 4393 Ει
1427 4345 1542 4408 explevit

180 4414 264 4486 δόμῳ
288 4413 361 4488 Περὶ
382 4423 446 4470 τῶν
468 4417 667 4490 ἀρεσκόντων
690 4415 834 4473 Πλάτιυνι
885 4425 1007 4476 λόείιιείςυ
1031 4423 1045 4494 11
1073 4425 1105 4479 19
1134 4422 1200 4494 αἰτή
1229 4427 1267 4478 St·
1289 4428 1362 4479 Alea
1390 4423 1454 4496 αὕτη
1478 4429 1501 4478 Ε
1525 4425 1539 4494 ΙΙ

179 4505 381 4574 συντεταγμένων
398 4503 553 4576 ἐκθήσομαι·
575 4507 663 4577 γράφει
689 4503 716 4558 δὲ
740 4503 834 4566 οὕτως·
886 4507 918 4562 21
930 4505 1090 4580 προηγιῖσθαι
1100 4514 1241 4564 infinitivus
1253 4521 1280 4564 ut
1293 4533 1317 4564 v.
1325 4513 1357 4566 10
1367 4530 1418 4578 quo
1429 4515 1541 4565 offensu·

176 4593 285 4644 Stobaei
294 4595 406 4645 editores
417 4595 511 4646 lemma
521 4597 655 4662 adponant
664 4590 781 4660 Πλάτων,
789 4599 835 4647 sed
887 4599 925 4650 St.
937 4599 1035 4650 addidit
1047 4596 1192 4670 συμβέβηκε
1206 4595 1219 4668 Η
1233 4597 1266 4652 21
1280 4603 1362 4652 πᾶσαν
1374 4597 1515 4665 Ε[ουιιει]
1526 4597 1541 4667 ΙΙ

178 4681 251 4730 deest
263 4683 289 4730 in
304 4682 336 4730 Α.
349 4683 404 4734 dixi
417 4681 449 4732 (1ο
461 4683 512 4733 λου
524 4685 554 4734 ir.
567 4685 638 4736 Proi.
653 4679 719 4748 1231ss
729 4697 750 4734 11
761 4683 832 4736 ‘14v1
884 4682 918 4736 23
928 4681 1035 4736 οὖσανΕ
1046 4685 1097 4738 θαι
1108 4701 1174 4738 corr.
1184 4688 1258 4740 stob.
1269 4682 1540 4754 eod.Aug.ll¹to'i&—

216 4768 227 4818 l
248 4766 303 4836 περὶ
314 4765 498 4838 -διιξήρχιτο
521 4785 572 4820 om.
591 4771 614 4820 Ε
635 4765 648 4836 ΙΙ
670 4769 686 4822 2
704 4768 771 4822 κατὰ
788 4788 832 4839 με·
881 4767 965 4828 οόσίας
978 4787 1028 4822 nm.
1043 4772 1115 4824 θυοδ.
1131 4770 1145 4842 ΙΙ
1160 4772 1215 4826 Ι’22
1231 4771 1261 4826 ἰκ
1274 4776 1320 4843 τῆς
1331 4773 1412 4843 πάσης
1424 4769 1467 4824 οῖιν
1479 4769 1540 4842 ὕλης

178 4869 221 4921 ρος
239 4855 325 4904 Alcin.
344 4857 376 4906 οἰ.
395 4874 420 4907 ν.
435 4855 468 4909 19
488 4852 502 4924 ΙΙ
522 4856 539 4908 4
558 4852 595 4906 ὧν
612 4858 675 4908 Eun.
694 4859 765 4908 Alea
789 4854 830 4927 ἀφ’
884 4855 959 4908 αἰντδν
986 4855 1141 4928 ἰδημιοῖιργει
1169 4863 1248 4927 vulgo
1276 4862 1406 4926 (Angelic.
1424 4862 1446 4912 G
1466 4861 1539 4924 1,7)=

178 4937 216 4992 ῶν
233 4941 306 4994 Stob.
325 4937 340 5009 ΙΙ
360 4940 378 4992 8
395 4941 463 5012 παρά
479 4941 512 4994 τά
526 4940 580 5003 ζῶα
595 4945 620 4994 Ε
632 4944 671 4998 ὃν.
684 4946 755 4996 Ales
775 4961 832 4996 cor·
884 4945 965 5013 πάσης
978 4942 1054 4996 αἰτόν
1065 4942 1127 5014 ὕλης
1139 4943 1183 4998 οῖιν
1195 4944 1349 5017 έδημιοόργιι
1362 4947 1475 5000 Vindob.
1488 4944 1541 4998 314

177 5031 244 5080 rexit
271 5028 393 5080 Meinoke
422 5027 435 5094 ΙΙ
467 5029 498 5082 10
521 5027 629 5098 γίντσθαι
657 5033 693 5082 Ει
721 5027 834 5100 γενέσθαι
