3708 5738
339 383 405 448 490
662 389 919 440 τπεονιιιικεπι
937 389 1075 440 νενειο.
1095 389 1255 442 ονιινιοιν.
1275 391 1327 441 ιιιι.
1342 389 1374 441 ιο

339 553 484 637 γενέσθαι.
518 559 627 627 πολλός
649 560 682 622 δέ
703 559 751 622 καλ
771 558 860 629 ἄλλας
875 559 959 641 λόγος
973 563 1025 643 τ’ής
1046 559 1191 644 θαλάττης
1207 561 1410 646 ίιπερσχοόσης
1426 561 1587 645 ἠφανίσθαι
1608 561 1705 630 πόλεις

339 659 564 739 κατατεθείσας,
586 660 649 723 ἐπεὶ
671 661 720 724 καὶ
742 661 816 725 κατὰ
839 661 1059 746 Πελοπόννησόν
1081 683 1151 748 φασι
1173 668 1258 748 τρεῖς,

641 761 777 848 Αἴγειραν
800 761 917 849 Βοῶράν
938 787 969 827 τε
992 766 1039 828 καὶ
1062 765 1176 849 ὑψηλήν
1195 762 1335 830 Ἑλίκειαν

641 865 777 950 τείχεσιν,
799 867 818 950 ἢ
841 865 909 952 τάχ’
937 864 1042 948 ἔμελλε
1063 868 1128 952 περὶ
1151 869 1225 954 βρόα
1247 869 1335 953 μόρια
1356 870 1466 954 φόσειν,

312 965 516 1048 οεόδαίμονας-
539 969 572 1032 τδ
599 969 690 1031 πάλαι
716 969 871 1052 γενομένας
897 969 994 1051 πολλή
1020 973 1071 1032 τοῦ
1099 973 1241 1054 πελάγους
1268 971 1479 1056 ἐπικλυσθῆναι
1500 971 1591 1054 φορᾷ.
1632 971 1652 1053 ἡ
1676 965 1701 1030 δ’

339 1065 483 1139 Ἀτλαντὶς
508 1074 610 1154 νῆσος,
633 1070 710 1152 Ἥμα
739 1071 848 1156 Αιβόης
874 1073 922 1135 καὶ
945 1069 1042 1141 Ἀσίας
1065 1071 1197 1166 μείζον’,
1220 1073 1241 1158 ή
1265 1095 1352 1158 φησιν
1375 1075 1405 1138 ἐν
1428 1071 1545 1156 Τιμαίῳ
1568 1070 1706 1142 Πλάτων,

202 1257 206 1266 Ι
339 1169 452 1255 ’ἡμέρα
475 1173 528 1256 μιᾷ
550 1173 597 1259 καί
621 1174 698 1236 νυκτὶ
721 1179 850 1256 σεισμῶν
876 1173 1011 1244 ἐξαισίων
1038 1175 1087 1238 καί
1114 1179 1327 1260 κατακλυσμῶν
1350 1173 1512 1258 γενομένων
1534 1175 1611 1236 δῦσα
1632 1172 1705 1236 κατὰ

342 1277 394 1356 τῆς
424 1274 574 1358 θαλάσσης
600 1273 737 1360 ἐξαίφνης
763 1275 941 1361 ἠφανίσθη,
967 1277 1105 1361 γενομένη
1136 1278 1260 1362 πέλαγος
1292 1277 1326 1342 οδ
1353 1277 1483 1352 πλωτόν,
1516 1275 1595 1340 ἀλλὰ
1623 1277 1707 1360 βαρα-

341 1377 463 1460 θρῶδες.
497 1377 581 1442 οδδέν
604 1377 654 1442 οόν
676 1379 717 1448 εἰς
738 1381 772 1442 τὸ
794 1380 968 1464 φθείρεσθαι
990 1381 1039 1443 τδν
1062 1381 1171 1463 κόσμον
1194 1385 1213 1465 ἡ
1236 1381 1401 1444 πλασθεῖσα
1423 1384 1466 1464 τῷ
1490 1379 1569 1462 λόγῳ
1587 1376 1708 1458 μείωσις

224 1480 232 1493 “
303 1509 326 1546 ιο
344 1483 396 1562 τῆς
423 1481 569 1564 θαλάττης
596 1485 737 1564 συνεργεῖ·
764 1481 895 1566 φαίνεται
917 1483 971 1566 γὰρ
994 1484 1035 1546 ῶν
1058 1485 1109 1566 μὲν
1132 1483 1368 1568 ἐξαναχωροῦσα,
1389 1481 1426 1544 τὰ
1448 1477 1472 1542 δ’
1501 1479 1708 1552 ἐπικλύζουσα

339 1582 430 1668 ἐχρῆν
453 1583 549 1667 δὲμὴ
574 1584 695 1668 θάτερον
718 1588 776 1647 τῶν
798 1583 965 1667 γινομένων,
988 1586 1063 1649 ἀλλὰ
1085 1587 1228 1672 συνάμφω
1252 1587 1435 1670 θεωροῦντας
1457 1582 1623 1666 ἐπικρίνειν,
1646 1582 1707 1646 ἐπεὶ

338 1685 392 1747 κάν
420 1691 478 1755 τοῖς
505 1687 569 1770 περὶ
597 1687 657 1771 βίον
685 1688 943 1773 οἰμφισβητήμασιν
968 1689 984 1751 ό
1007 1689 1128 1770 νόμιμος
1154 1689 1292 1772 δικαστής
1314 1687 1379 1771 πρὶν
1402 1686 1450 1750 καὶ
1473 1689 1530 1748 τῶν
1553 1685 1707 1750 ἀντιδίκων

341 1787 476 1864 ἀκοῦσαι,
497 1791 615 1872 γνώμην
638 1790 691 1853 οδκ
713 1790 912 1874 ἀποφανεῖται.
1483 1840 1487 1848 .

289 1889 328 1953 ⁸27
426 1886 484 1952 Καὶ
508 1892 565 1976 μὴν
588 1894 604 1956 ό
626 1895 718 1976 τρίτος
739 1893 823 1976 λόγος
839 1891 868 1962 ἐξ
887 1894 992 1956 ἑαυτοῦ
1014 1893 1192 1979 διελέγχεται
1215 1895 1256 1978 μὴ
1280 1893 1367 1976 ὑγιῶς
1381 1893 1550 1977 ἐρωτηθείς,
1574 1894 1636 1956 ἀπὸ
1657 1897 1707 1974 της

297 2016 321 2054 ιο
339 1990 427 2060 εὐθὺς
438 1991 468 2054 ἐν
484 1995 565 2079 ἀρχῇ
576 1996 702 2080 φάσεως.
731 1996 765 2059 οὐ
781 1997 835 2080 γὰρ
847 1997 993 2080 δήπουθεν
1009 1995 1044 2059 οὗ
1059 1995 1203 2059 πάντατὰ
1219 1995 1293 2080 μέρη
1309 1995 1468 2080 φθείρεται,
1483 1994 1617 2079 φθαρτόν
1630 1993 1705 2058 ἐστιν

38 2145 206 2184 W
339 2093 442 2173 ἐκεῖνο,
458 2095 521 2159 ἀλλ’
539 2097 679 2162 οὔπάντα
693 2099 730 2162 τὰ
745 2097 819 2182 μέρη
835 2099 897 2180 ἅμα
912 2099 960 2162 καὶ
975 2097 1006 2162 ἐν
1021 2099 1120 2184 ταδτιγί
1131 2097 1227 2182 ἀθρόα
1242 2097 1317 2163 κατὰ
1330 2100 1379 2162 τὸν
1395 2098 1482 2162 αδτδν
1496 2098 1620 2184 χρόνον·
1644 2095 1705 2159 ἐπεὶ

340 2197 388 2260 καὶ
405 2197 494 2282 ἄκρον
509 2200 666 2271 άποκοπείς
681 2224 722 2270 τις
737 2203 876 2264 δάκτυλον
893 2205 945 2284 ζῆν
961 2201 995 2265 οδ
1011 2203 1182 2280 κεκώλυται,
1197 2201 1223 2264 εἰ
1239 2201 1272 2264 δέ
1286 2202 1338 2284 τὴν
1354 2199 1503 2264 κοινωνίαν
1524 2205 1585 2264 τῶν
1610 2201 1704 2284 μερῶν

342 2300 390 2362 καί
414 2303 510 2382 μελῶν
531 2305 642 2381 πᾶσαν,
663 2303 767 2368 αὐτίκα
788 2305 962 2388 τελευτήσει.
1006 2305 1055 2367 τδν
1076 2304 1164 2368 αὐτόν
1186 2301 1236 2366 οὖν
1258 2303 1380 2388 τρόπον,
1415 2304 1441 2366 εἰ
1464 2302 1517 2385 μλν
1540 2301 1704 2386 συλλήβδην

341 2401 531 2472 όπαξάπαντα
562 2406 598 2469 τό
631 2411 762 2491 στοιχεῖα
795 2405 845 2492 ὑφ’
877 2406 929 2470 ἕνα
960 2405 1059 2490 καιρδν
1092 2405 1262 2491 ἠφανίζετο,
1300 2407 1421 2490 φάσκειν
1452 2404 1629 2489 ἐνδέχεσθαι
1657 2403 1703 2464 τὸν

297 2531 322 2570 το
340 2506 450 2588 κόσμον
471 2505 584 2591 φθορὰν
599 2506 635 2592 ήν
650 2509 813 2591 ἀναγκαῖον.
852 2509 878 2571 εἰ
893 2506 918 2572 δ’
938 2508 1059 2573 ἕκαστον
1075 2509 1134 2592 ἰδίη
1149 2509 1220 2592 πρδς
1242 2511 1295 2593 τήν
1316 2513 1370 2571 τοῶ
1390 2509 1514 2591 γείτονος
1531 2506 1703 2591 μεταβαλλει

339 2609 434 2693 φύσιν,
456 2609 659 2683 ἀθανατίζεται
681 2613 790 2693 μᾶλλον
812 2609 835 2694 ἢ
848 2610 997 2695 φθείρεται
1012 2611 1087 2675 κατὰ
1108 2611 1142 2675 τό
1164 2610 1363 2695 φιλοσοφηθέν
1386 2611 1442 2673 ὑπὸ
1464 2613 1516 2672 τοῦ
1532 2611 1683 2693 τραγικοῦ·

693 2712 814 2796 θνήσκει
837 2711 863 2775 δ’
892 2712 975 2776 οἰιδλν
997 2719 1056 2777 τῶν
1078 2713 1252 2796 γιγνομένων

691 2815 904 2899 διακρινόμενον
926 2814 952 2878 δ’
980 2816 1051 2880 ἄλλο
1074 2817 1145 2900 πρὸς
1167 2815 1238 2880 ἄλλο

693 2919 807 3002 μορφὴν
830 2917 930 3002 ἑτέραν
953 2919 1109 2989 ἀπέδειξεν.

298 3045 322 3084 ω
339 3021 482 3103 παντελής
504 3041 536 3100 γε
559 3022 616 3104 μὴν
637 3021 761 3105 εὐήθεια
783 3021 816 3083 τδ
839 3019 919 3102 γένος
942 3025 1001 3084 τῶν
1024 3023 1188 3106 ἀνθρώπων
1210 3023 1269 3085 ἀπὸ
1292 3025 1350 3083 τῶν
1373 3021 1485 3104 τεχνῶν
1507 3015 1701 3089 ἐξετάζεσθαι.

339 3121 378 3204 τή
400 3123 454 3205 γὰρ
477 3122 543 3206 περὶ
565 3123 613 3186 τόν
636 3125 720 3205 λόγον
743 3124 850 3207 ἀτοπίᾳ
871 3147 913 3194 τις
935 3126 1140 3210 ἀκολουθήσας
1162 3126 1226 3189 νέον
1247 3125 1296 3187 τὸν
1311 3124 1420 3205 κόσμον
1435 3123 1582 3204 ἀποφανεῖ
1596 3116 1701 3200 κομιδή
1815 3201 1816 3210 2

340 3225 423 3305 μόλις
445 3225 501 3308 πρὸ
525 3225 627 3310 χιλίων
650 3225 775 3307 παγέντα
797 3225 951 3305 ἐνιαυτῶν,
978 3227 1040 3290 ἐπεὶ
1068 3229 1117 3292 καλ
1139 3227 1189 3298 οὓς
1210 3229 1430 3312 παρειλήφαμεν
1451 3227 1514 3287 τῶν
1534 3221 1701 3304 ἐπιστημῶν
1815 3211 1816 3234 ³

338 3325 456 3410 εὑρετὰς
482 3329 531 3390 τδν
558 3325 691 3413 λεχθέντ’
723 3333 782 3392 τῶν
815 3328 953 3392 ἐνιαυτῶν
983 3329 1108 3414 ἀριθμὸν
1136 3331 1193 3416 οὐχ
1216 3330 1451 3415 ὑπερβάλλουσιν.
1490 3324 1572 3390 είδέ
1595 3319 1701 3408 δήκαὶ

338 3430 454 3494 λεκτέον
476 3431 526 3500 τὰς
548 3431 653 3516 τέχνας
677 3431 808 3516 ἰσήλικας
830 3431 994 3514 ἀνθρώπων
1022 3432 1112 3515 γένει,
1140 3430 1206 3514 μεθ’
1235 3433 1360 3516 ἱστορίας
1386 3434 1526 3516 φυσικῆς,
1553 3425 1622 3491 ἀλλ’
1650 3423 1700 3487 οὐκ
1815 3495 1816 3512 γ

298 3560 323 3599 ου
341 3535 559 3618 ἀπερισκέπτως
581 3534 629 3597 καὶ
653 3533 794 3619 ῥᾳθύμως
815 3534 940 3598 λεκτέον.
974 3535 994 3618 ἡ
1017 3532 1042 3597 δ’
1071 3535 1182 3619 ἱστορία
1203 3535 1243 3618 τίς
1266 3533 1374 3619 φθοραί
1396 3537 1455 3596 τῶν
1477 3530 1556 3595 κατὰΙ
1574 3535 1630 3614 γῆν
1651 3525 1700 3590 οὐκ
1815 3519 1816 3580 ἶ

339 3637 457 3720 ἀθρόων
491 3637 626 3698 ἁπάντων
664 3637 740 3699 ἀλλὰ
770 3639 828 3698 τῶν
861 3635 1003 3699 πλείστων
1037 3637 1101 3700 δυσὶ
1127 3643 1189 3707 ταῖς
1216 3636 1360 3720 μεγίσταις
1383 3635 1486 3705 αἰτίαις
1509 3632 1699 3704 ἀνατίθενται,
1815 3689 1816 3696 ,

338 3735 498 3824 πυρόςκαὶ
522 3737 624 3807 ὕδατος
647 3737 779 3807 αἰλέκτοις
801 3743 914 3824 φοραῖς.
951 3741 1162 3824 κατασκήπτειν
1191 3739 1215 3802 δ’
1244 3740 1382 3824 ἑκατέραν
1405 3737 1434 3800 ἐν
1457 3737 1538 3821 μέρει
1561 3736 1649 3820 φασὶν
1670 3731 1698 3794 ἐν

337 3844 412 3906 πάνυ
443 3846 567 3925 μακραῖς
594 3839 667 3903 ἐτῶν
695 3840 847 3924 περιόδοις.
890 3841 958 3905 όταν
986 3842 1038 3924 μέν
1064 3841 1114 3908 οὖν
1146 3843 1317 3928 ἐμπρησμὸς
1349 3840 1577 3926 καταλαμβάνῃ,
1613 3831 1691 3925 ῥεῦμ’

337 3943 469 4029 αἰθερίου
497 3944 586 4028 τυρὸς
615 3941 728 4006 ἄνωθεν
757 3941 931 4028 ἐκχεόμενον
957 3947 1096 4031 πολλαχῇ
1123 3945 1332 4010 σκεδάννυσθαι
1360 3943 1470 4027 μεγάλα
1497 3940 1625 4024 κλίματα
1649 3940 1698 4020 τῆς

295 4077 319 4115 α
337 4046 509 4130 οἰκουμένης
536 4043 703 4130 ἐπιτρέχον·
733 4043 801 4109 όταν
829 4047 861 4108 δὲ
889 4048 1105 4130 κατακλυσμός,
1139 4048 1254 4112 ἅπασαν
1283 4047 1336 4131 τὴν
1363 4047 1466 4115 όδατος
1496 4035 1695 4128 [κατομβρίαν]

337 4221 537 4230 ------σ
1044 4223 1112 4229 ----
1124 4224 1243 4230 ——..

341 4302 590 4376 ῙὺπερσχοίισηςΜτ
603 4301 801 4374 ὑπερεχούσης-α
813 4309 904 4370 vulgo:
917 4303 991 4374 δπτρ-
1045 4308 1145 4358 Usener
1164 4303 1177 4372 ΙΙ
1201 4306 1233 4359 21
1256 4305 1351 4374 μᾶλλον
1373 4304 1468 4373 μᾶλλον
1489 4301 1617 4374 φθείρεται
1637 4301 1663 4354 Μ
1681 4293 1694 4362 ΙΙ

337 4390 443 4462 χεοόσης
455 4395 572 4460 Scaliger
586 4392 599 4460 Η
612 4394 627 4447 5
640 4390 720 4462 πολλή
734 4409 767 4443 εκ
781 4389 874 4444 πολλοῦ
886 4411 950 4445 corr.
961 4412 990 4445 αι
1042 4398 1161 4462 τραγικοῦ
1174 4398 1264 4460 Eurip.
1282 4397 1313 4447 fr.
1326 4394 1421 4462 836N2
1432 4391 1445 4460 Ιγ
1460 4401 1553 4459 poetae
1565 4395 1694 4442 τεειίιοεο-

337 4479 400 4533 πολὺ
413 4483 442 4532 Μ
461 4478 473 4550 ΙΙ
494 4483 509 4536 6
523 4477 620 4551 Τιμαίῳ
632 4481 723 4549 μθέιι
743 4481 798 4535 250
813 4477 827 4550 ΙΙ
845 4481 876 4532 10
888 4485 934 4550 τῆς
946 4479 992 4533 θα·
1045 4483 1105 4533 dum
1119 4493 1180 4547 puto
1194 4479 1253 4551 πρὸς
1267 4479 1353 4545 ἄλλον,
1372 4483 1486 4548 Βετιιεγε
1503 4476 1565 4548 πρὸς
1582 4475 1650 4545 ἅλλιμ
1668 4473 1696 4524 cf·

336 4567 703 4641 λάττηςαιτῄθαλάπτηΜΙΙ
719 4587 780 4620 num
792 4573 845 4620 τῶν
858 4567 992 4636 μὲνῖΗΙθ
1046 4571 1105 4621 Αότ.
1124 4571 1275 4623 P1.v19³
1295 4567 1308 4638 ΙΙ
1330 4569 1364 4622 25
1388 4572 1419 4620 οἰ.
1438 4573 1506 4634 Aug.
1534 4569 1583 4618 civ.
1602 4569 1628 4617 d.
1645 4560 1693 4614 XII

337 4653 390 4725 βίον
407 4655 627 4727 ἀμφισβητήματα
645 4676 676 4710 a:
696 4657 757 4727 βίων
776 4656 993 4725 άμφισαντήμασιν
1048 4657 1132 4710 10.11
1155 4655 1169 4724 Η
1191 4657 1225 4710 30
1244 4656 1268 4710 τί
1281 4661 1373 4724 vulgo:
1390 4655 1427 4715 τίς
1440 4659 1487 4709 οΜ
1499 4657 1615 4720 Βοποεγε
1635 4649 1647 4718 ΙΙ
1664 4643 1695 4700 33

336 4745 367 4796 Μ
380 4741 394 4812 ΙΙ
408 4743 439 4797 12
449 4744 506 4812 πρὶν
515 4744 559 4797 καὶ
570 4749 671 4812 εοιίρείι
685 4745 741 4813 πρὶν
753 4743 857 4812 παρὰαι
871 4744 928 4812 πρὶν
938 4743 993 4813 περὶ
1044 4740 1103 4796 όταν
1114 4747 1154 4796 M:
1169 4741 1210 4797 ότι
1223 4762 1240 4795 α
1253 4740 1267 4812 Η
1281 4743 1427 4813 ἐμπρησμὸς
1441 4747 1531 4810 vulgo<
1545 4737 1693 4810 ίμπρησμνῖς

336 4835 377 4883 M:
400 4831 457 4900 περ(
479 4834 581 4884 delebat
602 4833 758 4892 Buecheler,
782 4830 902 4900 έκατέρου
925 4835 989 4883 eoni-
1044 4827 1692 4902 οιίμπρησιςΜἰΙκαταλαμβάνααλέιοοι-ι.λόνῐ·

336 4920 438 4970 Usener
451 4918 464 4986 β
481 4919 514 4972 15
526 4919 558 4970 τὰ
570 4919 634 4987 μέρη
648 4913 774 4986 φθείρεται
787 4935 817 4969 αι
830 4919 867 4970 τά
876 4936 925 4969 om.
937 4922 966 4970 M
977 4917 990 4988 Η
1044 4935 1111 4970 αιτιοι
1132 4917 1145 4985 Ιί
1166 4919 1200 4972 35
1213 4916 1272 4972 όταν
1285 4923 1327 4971 M:
1347 4916 1388 4970 ότε
1401 4937 1417 4969 a
1431 4915 1444 4986 l!
1458 4917 1494 4972 35
1504 4915 1656 4985 κατομβρίακ
1666 4907 1692 4959 Μ

338 5005 370 5058 17
387 5005 432 5057 καὶ
444 5008 473 5058 Μ
490 5008 581 5071 vulgo:
601 5002 649 5056 κδν
666 5023 683 5056 α
702 5002 715 5073 ΙΙ
737 5007 770 5060 19
789 5001 905 5074 δέχεσθαι
923 5010 992 5058 coni.
1044 5009 1135 5072 vulgo:
1154 5023 1206 5058 om.
1222 5023 1247 5059 α.
1272 5008 1373 5059 addidit
1394 5007 1437 5071 qui
1458 5005 1600 5058 subiectum
1622 5013 1692 5054 κατα·
