3756 5736
743 403 1019 457 successurus
1494 403 1557 468 255

195 571 389 654 simulatque
411 569 610 636 lastinianus
633 590 691 636 eos
711 571 836 637 famoso
852 571 1023 638 interdicto
1039 573 1073 638 in
1089 573 1220 640 exilium
1236 573 1371 658 pepulit,
1394 573 1456 638 nisi
1472 573 1557 654 quod

194 673 426 740 monachorum
455 674 588 738 lacerna
617 673 769 758 τριβωνίου
799 695 918 740 nomen
946 675 1060 760 traxit,
1093 675 1199 759 quode
1227 675 1489 740 Boissonnadeus
1516 675 1557 739 ad

194 776 338 841 Psellum
361 776 402 840 de
425 793 513 858 oper.
529 773 634 840 daem.
657 793 689 858 p.
706 775 780 860 251,
803 777 847 842 ad
868 777 994 860 Eunap.
1020 799 1051 861 p.
1068 779 1142 862 276,
1166 778 1241 842 Not.
1263 783 1295 843 et
1315 784 1396 844 extr.
1412 779 1460 842 XI
1482 799 1513 860 p.
1527 778 1557 861 2,

195 879 237 943 56
259 877 444 944 doctissime
466 875 627 943 disseruit.
673 875 715 942 de
738 878 855 945 Galeni
881 879 978 962 igitur
1000 885 1109 945 aetate
1132 919 1173 928 -
1196 899 1272 946 nam
1294 881 1372 946 illuc
1395 881 1493 946 redeo
1516 916 1559 926 -—

194 980 275 1046 nihil
298 982 470 1064 lucramur,
493 978 556 1044 nisi
580 978 667 1060 quod
690 979 723 1044 in
745 980 998 1066 Byzantinorum
1020 987 1160 1047 aetatem
1184 983 1383 1048 descendere
1401 989 1558 1048 vetamur.

281 1083 396 1148 Latius
419 1082 518 1148 etiarn
542 1087 681 1164 vagatur
703 1083 787 1150 alter
807 1083 973 1150 terminus.
1011 1103 1087 1148 narn
1109 1084 1190 1148 nihil
1213 1086 1371 1168 estquod
1394 1085 1435 1150 de
1458 1085 1557 1152 Sexto

196 1192 351 1269 tanquam
380 1183 498 1250 Galoni
525 1183 616 1250 fonte
644 1183 720 1249 olim
746 1183 998 1270 disputaveram.
1043 1185 1169 1251 seduli
1200 1187 1275 1253 licet
1305 1187 1471 1253 Plutarchi
1494 1188 1559 1272 epi-

194 1295 280 1354 tome
309 1289 413 1353 altero
436 1293 576 1353 exeunte
599 1287 730 1352 saeculo
754 1287 911 1354 confecta.
953 1287 1156 1354 accuratiora
1181 1297 1289 1356 autem
1318 1309 1359 1354 ne
1385 1289 1466 1354 illud
1492 1289 1558 1372 qui-

195 1390 268 1457 dem
291 1391 401 1475 docet,
432 1388 519 1472 quod
546 1387 588 1454 de
609 1388 917 1473 Neoplatonicorum
944 1398 977 1457 et
999 1391 1255 1458 Christianorum
1278 1397 1388 1476 spreta
1410 1391 1558 1456 doctrina

196 1491 380 1558 observavi.
414 1491 541 1556 illorum
563 1491 709 1558 sublimis
731 1513 770 1558 ac
789 1493 968 1559 concitatus
982 1495 1112 1558 volatus
1135 1495 1230 1575 longe
1253 1493 1294 1558 ab
1318 1493 1368 1557 hia
1391 1493 1494 1558 triviis
1511 1515 1557 1558 re-

196 1595 291 1661 cedit.
332 1613 393 1661 nee
416 1594 611 1660 christianus
637 1595 698 1660 fuit
724 1597 777 1680 qui
804 1595 886 1662 haec
909 1596 1122 1662 concinnavit.
1158 1616 1231 1660 sero
1254 1595 1339 1660 enim
1363 1595 1492 1660 omnino
1514 1596 1557 1660 ad

197 1704 285 1763 artes
306 1717 413 1763 novae
436 1696 603 1764 doctrinae
625 1697 787 1781 aptandas
809 1698 1047 1764 descenderunt
1068 1698 1115 1762 illi
1135 1719 1174 1764 ao
1190 1697 1271 1762 mira
1287 1695 1470 1762 scholarum
1485 1717 1558 1762 oon-

196 1799 374 1884 temptione
396 1819 473 1865 suos
495 1799 550 1864 diu
571 1799 613 1864 ab
636 1801 773 1867 ethnicis
795 1799 998 1886 philosophis
1021 1799 1140 1865 erudiri
1163 1800 1251 1884 passi
1275 1805 1358 1864 sunt.
1391 1800 1480 1882 atqui
1503 1819 1557 1866 ne-

195 1903 356 1968 cessarius
386 1903 485 1986 plane
514 1903 605 1967 loeus
633 1903 740 1970 iuerat
768 1903 964 1970 christianae
991 1900 1203 1985 professionis
1230 1903 1264 1968 in
1292 1901 1474 1986 prooemio,
1501 1901 1555 1966 ubi

61 2038 66 2047 ·
160 2011 165 2017 '
195 2003 462 2088 philosophorum
486 2006 660 2072 ostentatio
683 2007 862 2092 sugillatur.
908 2003 996 2070 haud
1020 2003 1134 2086 ignoro
1157 2005 1190 2069 in
1213 2005 1460 2070 christianorum
1483 2025 1556 2088 poe-

195 2111 299 2170 tarum
331 2111 363 2172 et
389 2107 553 2176 rhetorum
581 2109 743 2194 opusculis
765 2109 912 2174 consulto
938 2105 1127 2188 religionem
1149 2107 1359 2191 dissimulari,
1389 2107 1556 2189 antiquam

195 2206 289 2273 fidem
317 2207 472 2274 affectari.
504 2211 574 2276 sed
600 2211 681 2276 illud
708 2231 749 2276 ex
770 2215 841 2276 arte
862 2209 1085 2293 repetendum,
1108 2228 1192 2293 quae
1215 2217 1328 2276 vetera
1350 2211 1500 2292 exempla
1521 2209 1556 2274 in

193 2309 258 2375 illis
287 2329 414 2394 qnoque
446 2311 641 2378 imitabatur.
686 2311 729 2378 ab
758 2317 829 2378 arte
857 2318 966 2377 autem
998 2311 1143 2378 Galenus
1171 2311 1233 2377 fuit
1264 2313 1364 2394 longe
1396 2311 1556 2394 longeque

194 2418 348 2478 remotus.

280 2513 324 2579 At
345 2516 454 2582 nescio
478 2517 555 2600 quid
576 2515 743 2583 christiani
766 2515 891 2600 spirant
910 2515 992 2582 haec
1015 2537 1040 2582 a.
1059 2519 1080 2582 6
1101 2518 1194 2602 τρίτον
1216 2519 1249 2580 τὸ
1272 2517 1387 2580 πάντων
1407 2518 1556 2600 ἀναγκαιό-

195 2639 280 2680 τατον
303 2619 433 2688 παλτοῖς
461 2619 669 2704 ἐπιτηδεύμασι
692 2621 917 2705 χρησιμώτατον
939 2621 973 2682 τὸ
995 2619 1115 2702 ἠθικόν,
1138 2618 1176 2683 δι’
1204 2620 1238 2682 οὗ
1263 2619 1446 2702 μανθάνομεν
1470 2622 1556 2704 ἀλλή-

195 2721 256 2789 λοις
279 2722 388 2802 ὁμιλεῖν
416 2722 464 2784 aui
495 2723 668 2808 συρβοιλλειν
690 2725 859 2807 προσηνῶς,
886 2722 934 2785 κοιλ
959 2723 1026 2791 τοὺς
1053 2724 1105 2803 μὲν
1133 2723 1331 2806 θρασυτάτους
1359 2722 1500 2806 ὑπερορᾶν
1522 2721 1556 2784 οὐ

195 2825 354 2903 μισοῦντες,
377 2823 521 2888 ἀλλὰκαὶ
544 2827 683 2908 γελῶντες
704 2825 753 2888 καὶ
776 2823 937 2900 ἐλεοῦντες,
958 2825 1025 2893 τοὺς
1048 2825 1081 2887 δὲ
1103 2825 1346 2894 σπυυδαιοτιίτους
1368 2823 1416 2886 καὶ
1439 2822 1556 2885 ἐπιεικε-

195 2925 317 2994 στάτους
339 2925 502 3010 στέργοντες
524 2931 585 2991 κτλ.
612 2925 673 2992 fuit
687 2919 816 3008 quidem
839 2924 892 3008 qui
915 2923 997 2990 haec
1019 2923 1215 2992 christianae
1238 2925 1265 2991 si
1287 2925 1393 2990 minus
1414 2923 1557 3008 originis,

195 3032 230 3091 at
257 3026 375 3092 aetatis
407 3029 523 3094 saltem
549 3027 668 3094 indicia
695 3033 833 3112 putaret.
876 3047 972 3111 quem
1000 3025 1182 3094 Stoicorum
1215 3027 1362 3094 doctrina
1395 3025 1557 3092 simillima

195 3127 286 3210 fugit.
319 3149 385 3194 non
408 3129 480 3195 dico
503 3137 647 3197 veterem
668 3129 758 3195 illam
781 3129 956 3215 Chrysippi
979 3129 1253 3216 praestantiorem,
1276 3149 1360 3214 quae
1381 3128 1558 3194 misericor-

197 3230 271 3296 dem
295 3249 367 3296 esse
389 3231 570 3316 sapientem
592 3231 727 3298 vetabat
749 3232 870 3315 [Laert.
887 3232 948 3297 VH
965 3233 1051 3316 123],
1074 3232 1132 3298 sed
1148 3233 1317 3314 mitiorem,
1341 3231 1430 3296 cuius
1445 3237 1558 3296 auctor

197 3332 374 3398 Panaetius
385 3333 604 3418 perhibendus
619 3343 678 3402 ert.
695 3335 809 3402 Cicero
825 3334 954 3419 quidem
970 3355 1041 3400 oum
1056 3335 1137 3400 talia
1150 3334 1249 3399 tradit
1263 3335 1318 3416 [de
1333 3332 1415 3398 offic.
1429 3333 1445 3396 Ι
1457 3334 1499 3397 25
1510 3330 1557 3418 88]

195 3455 256 3501 nec
282 3455 341 3501 suo
369 3454 430 3502 nec
455 3434 600 3520 profecto
627 3439 774 3504 Romano
803 3457 907 3521 more,
942 3436 1000 3502 sed
1029 3436 1206 3502 secundum
1231 3435 1319 3499 illius
1347 3441 1556 3517 praeceptum

196 3537 347 3622 loquitur.
383 3537 568 3604 memineris
602 3540 688 3605 enim
715 3559 811 3624 quarn
838 3539 880 3604 sit
906 3539 1005 3622 paulo
1032 3543 1106 3621 post
1127 3538 1218 3622 1114
1234 3545 1268 3600 50
1296 3537 1346 3601 sui
1372 3535 1474 3618 ipsius
1500 3537 1557 3600 im-

196 3659 329 3705 memor.
362 3638 497 3706 similius
520 3640 695 3708 Seneoa¹
719 3643 761 3708 de
781 3641 831 3706 ira
852 3641 942 3706 1132
963 3650 976 3701 1
1000 3642 1208 3716 inhumanum,
1231 3638 1344 3723 inquit,
1367 3639 1491 3702 certum
1513 3650 1557 3702 est

197 3751 226 3804 el
248 3743 369 3824 quidem
388 3763 448 3824 pro
470 3746 552 3807 tarto
574 3754 729 3826 receptam
751 3741 839 3831 [ollio
863 3741 902 3830 et]
925 3745 1002 3807 talio
1026 3789 1082 3806 ...
1106 3745 1211 3823 mopaa'
1237 3743 1334 3805 animi
1356 3751 1400 3804 eat
1421 3743 1557 3806 iniurias

197 3847 365 3926 despicere.
388 3843 449 3910 hoe
472 3845 631 3928 despicere
652 3847 779 3913 Galeno
802 3851 853 3912 est
875 3848 1018 3931 ὑπερορᾶν
1040 3850 1077 3910 ut
1097 3844 1217 3910 frustm
1238 3843 1412 3910 coniecerit
1435 3843 1557 3910 Usene-

196 3965 251 4010 rus
278 3946 453 4031 ὑπεραίρειν.
490 3952 525 4011 at
552 3948 697 4031 proxime
726 3949 810 4014 alter
840 3947 986 4014 Senecae
1016 3947 1106 4024 locus
1135 3945 1557 4013 acceditdeira11105

196 4049 373 4112 Heraclitus
395 4051 534 4130 quotieas
554 4051 717 4130 prodierat
739 4062 767 4112 et
790 4059 907 4114 tontum
929 4053 1016 4114 circo
1037 4071 1071 4114 se
1085 4053 1167 4114 male
1181 4053 1346 4113 nicentium
1364 4053 1455 4112 immo
1477 4052 1557 4112 mole

195 4155 387 4232 pereuntium
413 4153 549 4228 viderat,
581 4153 683 4232 tiebat,
716 4154 920 4218 miserebatur
952 4155 1086 4216 omnium
1216 4155 1424 4216 Democritum
1447 4163 1558 4215 contro

197 4373 308 4444 ριστιιιὸν
332 4371 420 4443 θρόνον
444 4371 584 4443 ἂνπρβῆναι
602 4371 717 4426 Λεόντιον
740 4371 812 4426 οὗτοι
831 4373 957 4427 ἐθέλοντα.
993 4373 1058 4443 λέγει
1076 4373 1102 4426 δὲ
1120 4375 1164 4427 κοιλ
1182 4375 1237 4444 περὶ
1255 4377 1299 4426 τοῦ
1317 4373 1437 4443 τρίβωνος
1456 4373 1491 4432 ὡς
1510 4373 1557 4427 οὐκ

197 4459 254 4531 ἐξῆν
276 4461 344 4513 πατὰ
365 4461 409 4520 τὰς
430 4458 535 4530 Ἀθήνας
557 4457 733 4531 περιβαλέσθαι
755 4460 830 4513 αυτόν
853 4478 908 4513 τινα
931 4461 974 4513 καὶ
997 4461 1104 4530 μάλιστα
1129 4460 1197 4521 ξένον
1219 4450 1240 4531 ᾧ
1264 4461 1299 4531 μὴ
1322 4467 1374 4514 τῶν
1398 4463 1556 4534 σοφιστῶνὴ

196 4549 284 4618 γνώμη
304 4547 421 4618 ἐπέτρεπε
440 4549 484 4601 καλ
503 4547 529 4601 αἱ
547 4549 614 4600 κατὰ
631 4547 689 4606 τοὺς
708 4547 865 4618 σοφιστικοὶις
882 4547 973 4616 νόμους
990 4548 1086 4601 τελεταὶ
1105 4547 1233 4616 ἐβεβαίουν
1250 4547 1279 4602 τὸ
1298 4547 1405 4618 ἀξίωμα.
1442 4555 1557 4616 sequitur

195 4641 290 4688 rituum
308 4641 422 4688 namatio
442 4637 547 4704 (pugna,
568 4635 699 4698 balneum)
719 4637 810 4700 quibus
830 4637 863 4686 ad
881 4638 953 4702 pallii
972 4639 1123 4702 dignitatem
1141 4637 1260 4687 initiandi
1280 4641 1506 4703 praeparabantur.
1525 4642 1556 4690 cl.

195 4727 291 4790 Agath.
305 4727 363 4774 hist.
377 4726 405 4775 11
419 4723 453 4776 29
472 4741 496 4790 p.
511 4723 576 4777 680.
595 4727 659 4790 pulli
677 4725 750 4790 pallii
768 4727 924 4774 mentionem
942 4727 994 4774 iam
1013 4726 1082 4776 Plut.
1095 4725 1193 4774 Antan.
1207 4723 1241 4774 80
1259 4725 1291 4775 de
1308 4727 1467 4776 Philostrato
1486 4729 1555 4777 Aca-

195 4813 295 4863 demico
314 4813 415 4862 loeutus
433 4811 495 4860 iacit
512 4809 603 4876 [supra
621 4830 645 4877 p.
660 4809 716 4875 80].
737 4811 769 4861 ci.
787 4811 919 4876 Diog.V1
933 4807 990 4862 102.

268 4893 405 4949 ”Seneca
422 4913 502 4964 saepe
519 4898 615 4950 aester
634 4897 742 4950 Tertull.
762 4897 787 4947 d.
807 4899 885 4948 anim.
899 4895 941 4949 20.
961 4899 991 4948 cf.
1011 4899 1040 4949 (λ
1060 4899 1165 4958 Martha
1183 4901 1219 4950 les
1238 4899 1383 4951 moralistes
1402 4915 1463 4950 sons
1485 4902 1555 4952 l’em·

194 4989 249 5051 pire
267 4987 342 5038 Rom.
370 4983 527 5037 Praelata
546 5003 570 5051 p.
588 4983 628 5037 10.
