3756 5736
337 399 401 467 242
626 403 720 452 XVIII
757 401 805 451 DE
827 399 963 450 GALENI
982 399 1154 450 HISTORIA
1173 397 1404 450 PHILOSOPHA

337 577 406 637 tota
428 571 613 654 seriptionis
635 570 739 634 forma
760 573 908 650 patescat
923 572 989 630 tum
1004 566 1076 650 ipse
1092 565 1313 633 eommentan'i
1329 565 1466 648 seriptor
1480 585 1546 630 non
1562 565 1698 629 obscure

336 673 454 757 prodit.
497 674 587 738 velut
610 674 672 738 e.2
695 669 886 756 προύθέμεθα
908 669 951 746 δέ,
974 668 1086 753 inquit,
1110 671 1302 754 διαλεχθῆναι
1324 669 1389 752 περί
1411 669 1514 732 τούτου
1537 668 1621 731 οὐδὲν
1645 669 1697 750 μὲν

336 773 407 838 ἴδιον
423 774 588 858 εὑρηκότες,
609 777 646 838 τὰ
661 775 694 838 δὲ
708 773 787 856 παρὰ
804 774 864 839 τοῖς
879 769 1029 854 προτέροις
1044 773 1191 855 σποράδην
1208 772 1346 856 εἰρημένα
1361 772 1578 854 συναγαγόντες,
1594 774 1697 856 σαφῶς

334 901 366 942 τε
388 880 436 942 καί
452 879 601 960 συντόμως
617 877 829 944 σπουδάσαντες
851 875 916 958 περὶ
939 873 1041 936 τοότου
1064 873 1268 958 διαλεχθῆναι,
1289 875 1336 937 ένα
1352 877 1378 938 υἱ
1394 875 1569 959 φιλομαθεῖς
1583 875 1696 944 τούτοις

336 985 612 1069 προεντυγχάνοντες
641 981 681 1062 μὴ
709 977 818 1040 δέοιντο
848 981 907 1039 τῶν
934 975 1133 1058 ἐξηγουμένων
1160 977 1235 1038 ἀλλὰ
1257 975 1293 1038 δι’
1322 975 1434 1040 ἑαυτῶν
1455 981 1640 1062 γιγνώσκοιεν
1661 977 1698 1040 τὰ

337 1085 404 1150 καθ’
433 1087 541 1150 ἕκαστα
567 1087 626 1145 τῶν
653 1080 812 1165 εἰρημένων
841 1078 1028 1164 σαφέστερον.
1062 1097 1101 1144 aa
1127 1079 1225 1161 paulo
1252 1077 1338 1144 infra
1360 1080 1564 1164 ἁπλουστέρως
1586 1080 1620 1143 δὲ
1642 1080 1697 1143 ὅσα

336 1188 415 1272 παρὰ
440 1192 499 1250 τῶν
526 1183 760 1249 πεπαιδευκότων
787 1184 865 1266 ἡμᾶς
892 1181 1060 1265 ἀκηκόαμεν
1084 1183 1132 1244 καί
1154 1181 1191 1245 δι’
1220 1183 1453 1266 ἀναγνωσμάτων
1476 1183 1625 1266 ἐμάθομεν
1648 1187 1697 1245 νῦν

336 1292 465 1373 συνάγειν
489 1289 722 1374 ἐπιχειρήσομεν.
760 1283 989 1367 discipulorum
1013 1281 1110 1365 igitur
1131 1283 1204 1348 usui
1226 1283 1309 1350 haee
1330 1283 1583 1350 ohrestomathia
1601 1284 1699 1351 desti-

336 1396 415 1456 nata
436 1395 523 1474 erat,
553 1409 618 1473 qua
640 1387 725 1453 riam
749 1387 791 1450 ad
814 1385 951 1470 physiea
974 1384 1153 1452 muniturus
1175 1386 1313 1470 seriptor
1333 1385 1471 1470 primum
1493 1387 1535 1453 de
1557 1386 1699 1471 philoso-

336 1492 434 1576 phiae
461 1492 649 1558 inventione
675 1487 931 1556 sueeessionibus
958 1485 1141 1554 nominibus
1167 1489 1199 1555 vi
1222 1489 1368 1574 partibus
1390 1489 1487 1556 seetis
1509 1509 1606 1573 qnam
1628 1489 1699 1555 bre-

335 1595 467 1661 vissime
481 1592 648 1679 praefatus
667 1589 706 1678 [e.
723 1588 818 1676 1-8]
833 1596 900 1655 tum
917 1591 1001 1654 brevi
1016 1610 1056 1653 επ
1071 1591 1237 1656 dialectiea
1252 1593 1428 1670 libamento,
1449 1599 1486 1658 ut
1499 1593 1546 1658 ait
1561 1593 1698 1677 Gellius,

336 1697 505 1763 interieato
527 1694 565 1783 [o.
582 1692 707 1781 9—15]
729 1693 834 1777 ipsam
861 1692 903 1758 de
924 1690 1068 1777 physicis
1094 1694 1347 1778 disputationem
1369 1695 1556 1778 ingreditur.
1601 1695 1699 1760 anxie

336 1805 466 1865 nautum
489 1805 602 1864 estne
625 1794 807 1880 compendii
833 1793 976 1861 brevitas
1005 1804 1213 1880 superaretur
1235 1817 1261 1864 e.
1278 1799 1321 1864 24
1342 1801 1388 1864 tre
1412 1800 1452 1884 μὴ
1475 1799 1524 1862 σὺν
1546 1803 1599 1883 τῆς
1621 1798 1697 1862 εἰσα-

337 1909 434 1987 γωγῆς
456 1902 561 1986 τρόπον
584 1899 763 1986 ὑπερβαίνειν
784 1900 927 1979 δοκῶμεν,
949 1915 1034 1962 neve
1055 1897 1128 1963 libri
1150 1903 1312 1986 συμμετρία
1338 1902 1523 1968 laederetur
1545 1921 1573 1966 e.
1590 1901 1631 1964 16
1654 1901 1696 1964 έν-

335 2007 432 2069 ταῦθα
455 2007 488 2068 δὲ
510 2007 595 2089 ἡμεῖς
618 2005 824 2085 συντομώτατα
846 2001 910 2084 περὶ
933 1999 1042 2062 τούτων
1066 2003 1267 2088 διαλεχθέντες
1290 2006 1320 2069 έν
1336 2004 1497 2090 συμμετρία
1520 2004 1568 2067 καί
1591 2004 1638 2068 ee
1660 2004 1697 2067 τά

336 2111 521 2193 φυσικώτερα
543 2105 749 2194 χωρήσορεν.ι
777 2123 842 2187 qua
862 2101 989 2168 ratione
1012 2110 1122 2187 sperat
1142 2104 1263 2172 laetum
1284 2106 1324 2172 iri
1346 2113 1382 2172 ut
1403 2108 1526 2174 tirones
1546 2105 1696 2171 initiandi

264 2247 268 2255 ·
336 2208 407 2296 [τοῖς
430 2215 532 2296 πρῶτα
555 2205 709 2295 μαθοῦσιν]
732 2205 884 2273 eitissime
905 2203 1090 2290 philosophi
1113 2209 1254 2275 eolorem
1274 2210 1394 2274 duoant
1408 2229 1469 2275 nee
1483 2209 1695 2294 interpretum

335 2315 402 2378 ullo
430 2313 551 2379 auxilio
580 2318 707 2396 egeant.
751 2329 793 2374 ne
817 2307 874 2374 ille
901 2307 1023 2390 regiam
1051 2305 1095 2374 ad
1116 2310 1311 2394 sapientiam
1333 2312 1430 2396 viam,
1453 2329 1550 2394 quam
1572 2309 1696 2393 antiqui

322 2413 510 2498 'negabant
532 2413 718 2480 felieissime
739 2410 873 2477 invenit.
913 2418 1053 2494 atquae
1076 2411 1238 2496 sapientia
1259 2433 1356 2496 quam
1378 2413 1509 2480 humide
1531 2431 1628 2496 quam
1649 2411 1697 2477 fu-

336 2522 411 2582 eata
433 2535 530 2599 quam
551 2517 694 2599 undique
716 2531 863 2596 eerrasa,
894 2519 929 2577 ut
951 2513 1068 2579 miselli
1088 2514 1234 2597 magistri
1250 2535 1370 2582 ranam
1385 2515 1594 2582 iactationem
1608 2514 1694 2580 illieo

336 2619 524 2703 perspicias.
566 2618 667 2684 nihilo
694 2615 795 2682 setius
821 2635 888 2681 non
917 2617 1101 2682 ostentandi
1122 2623 1215 2702 voto,
1242 2619 1300 2684 sed
1322 2617 1460 2684 doeendi
1482 2617 1588 2683 studio
1611 2617 1696 2683 hune

335 2721 481 2788 laborem
503 2742 539 2788 se
561 2719 743 2803 suscepisse
764 2717 933 2802 praedicat
955 2721 1018 2784 αθ
1041 2719 1255 2805 ἀσφαλέστερον
1278 2722 1311 2784 δὲ
1326 2721 1498 2805 πειρώμεθα
1514 2722 1578 2804 περὶ
1593 2721 1695 2784 τούτου

335 2823 425 2886 εἰπεῖν
453 2825 489 2887 τὰ
516 2823 668 2908 σοφιστικὰ
694 2822 742 2885 καί
768 2823 843 2884 πάνυ
865 2819 1070 2902 κεκοσμημένα
1091 2825 1149 2884 τῶν
1173 2825 1360 2886 διαλεκτικῶν
1383 2823 1627 2907 παρεληλυθότες.
1660 2823 1694 2888 ed

334 2926 389 3010 γὰρ
412 2924 614 2994 ἐπιδείξεως
637 2921 764 2987 ἕνεκα’
786 2923 1034 3008 πρυθστησάμεθα
1048 2923 1101 3007 τὴν
1116 2927 1180 3008 περί
1197 2926 1299 2988 τούτου
1315 2927 1454 3010 σπουδήν,
1471 2925 1546 2989 ἀλλὰ
1562 2919 1695 3011 χρηστὰ

334 3029 376 3091 τὰ
397 3026 469 3112 ἤθη
492 3033 611 3113 ποιῆσαι
634 3025 824 3112 βουληθέντες
845 3029 904 3094 τοῖς
927 3025 960 3088 ἐκ
979 3025 1151 3110 φιλοσοφίας
1166 3029 1264 3114 λαβεῖν
1279 3051 1306 3090 τι
1322 3030 1469 3113 χρήσιμον
1484 3029 1695 3112 προεγνωκόσιν

334 3132 501 3214 νομίσαντες
528 3133 696 3214 φιλοσοφεῖν
724 3129 758 3192 od
782 3129 868 3210 μόνον
894 3127 961 3195 τοὺς
987 3127 1023 3190 τὰ
1045 3130 1182 3214 τριβώνια
1203 3130 1431 3215 περιημμένους,
1460 3131 1536 3194 ἀλλὰ
1558 3131 1606 3194 καί
1628 3131 1696 3200 τοὺς

334 3235 387 3317 τὴν
413 3233 537 3318 πρόοδον
561 3233 613 3316 μὲν
636 3237 695 3302 τοῖς
716 3234 833 3299 πολλοῖς
857 3229 959 3311 ὁμοίαν
982 3229 1228 3314 ἐνστησαμένους,
1251 3235 1304 3317 τὴν
1327 3235 1360 3296 δὲ
1383 3234 1509 3296 διάνοιαν
1532 3235 1695 3318 φιλοσοφῶ

333 3337 418 3421 πέραν
435 3333 513 3422 ἔχειν
530 3335 757 3402 σπουδάσαντας·
778 3329 925 3398 similiter
940 3349 967 3395 e.
986 3333 1026 3398 16
1042 3333 1089 3396 καί
1104 3335 1169 3419 περὶ
1184 3335 1287 3399 τοότου
1308 3336 1423 3399 δυνατοί
1445 3333 1518 3398 εἰναι
1540 3336 1694 3418 νομίζομεν

333 3439 425 3522 λέγειν
452 3462 489 3501 τι.
524 3439 723 3520 σπουδάζομεν
749 3436 803 3519 γὰρ
831 3432 986 3518 ἐγνωκέναι
1012 3439 1103 3498 ταῦτα
1130 3437 1178 3499 καλ
1205 3441 1265 3506 τοῖς
1287 3437 1385 3508 ἄλλοις
1407 3437 1600 3522 ἀνεπίφθονον
1623 3437 1694 3502 εἰναι

333 3543 487 3623 νομίζομεν
510 3541 626 3626 ἐμφανῆ
649 3540 830 3603 καθιστάναι.
864 3555 905 3602 en
927 3555 1080 3618 magnum
1105 3557 1141 3602 os
1155 3537 1360 3604 insulsissimi
1383 3539 1543 3622 sardonis,
1566 3539 1621 3622 qui
1637 3557 1696 3604 sua

333 3643 441 3708 aliena
463 3643 627 3708 intellecta
647 3662 714 3707 non
735 3641 902 3706 intelleeta
916 3637 1030 3722 grevia
1044 3637 1164 3704 futtilia
1185 3641 1256 3726 pan'
1279 3639 1475 3706 eonfidentia
1497 3641 1624 3708 effutire
1645 3661 1695 3706 so-

333 3747 388 3811 let.
412 3765 471 3811 nos
482 3763 560 3810 vero
576 3763 643 3808 nen
658 3743 831 3808 admodum
846 3739 1038 3824 dolebimus,
1060 3741 1146 3823 quod
1162 3742 1305 3809 eiusdem
1322 3743 1541 3828 compilatoris
1555 3744 1693 3828 logicam

404 3934 413 3964 ¹
432 3935 549 3984 similiter
567 3927 698 3998 praeratum
709 3935 868 3998 Porphyrius
886 3933 967 3982 sehet.
985 3934 1067 3984 Arist.
1086 3949 1110 3998 p.
1127 3933 1244 3987 later.
1264 3932 1385 4004 σιἰντυμόν
1404 3949 1441 3988 σοι
1458 3935 1591 4006 παράδοσιν
1609 3933 1692 3988 aerod-

333 4037 405 4088 μενος
418 4021 569 4089 πειράσομαι
581 4018 621 4070 διὰ
634 4018 749 4088 βραχέων
768 4017 851 4088 ῶσπερ
871 4019 900 4070 έν
919 4018 1092 4088 εἰσαγωγῆς
1109 4018 1213 4090 τρόπῳ
1230 4021 1263 4073 τὰ
1280 4023 1348 4092 παρὰ
1364 4029 1416 4082 τοῖς
1433 4021 1606 4094 πρεσβυτέροις
1624 4021 1693 4074 ἰπελ-

332 4105 394 4171 θεῖν,
411 4112 464 4158 τῶν
482 4106 527 4176 μέν
542 4102 687 4175 βαθυτέρων
700 4105 853 4176 ἀπεχόμενος
871 4103 1032 4176 ζητημάτων,
1050 4111 1102 4158 τῶν
1115 4105 1141 4159 δί
1154 4106 1331 4178 ἁπλουστέρων
1343 4111 1530 4180 συμμέτρως
1543 4107 1692 4178 στοχαζόμε-

331 4211 380 4251 νος.
399 4198 564 4260 isagogarum
577 4195 672 4246 scholis
686 4196 852 4246 creberrimus
870 4203 909 4245 est
928 4211 997 4269 nsua.
1021 4197 1066 4258 sie,
1086 4204 1114 4244 nt
1131 4213 1215 4262 pauca
1233 4199 1351 4262 delibem,
1370 4201 1438 4252 Geli.
1450 4201 1517 4251 XVI
1529 4197 1569 4249 81
1588 4213 1646 4248 essm
1663 4196 1693 4247 ι’νι

332 4281 492 4347 disciplinas
510 4282 665 4335 dialecticas
684 4283 869 4348 indueturque
882 4281 964 4332 imbus*
981 4280 1113 4346 οείἰεοιυι,
1132 4299 1256 4335 neaeram
1268 4284 1327 4351 fuit
1346 4285 1423 4336 αάίνε
1442 4293 1521 4352 utque
1539 4299 1694 4352 συμποεσενσ

332 4384 397 4433 qous
416 4376 510 4418 υσσααί
527 4369 660 4422 dialectici
678 4369 829 4439 εἰσαγωγάς,
856 4369 935 4432 Dieg.
948 4370 989 4419 IX
1001 4367 1036 4420 48
1060 4365 1122 4437 ἅπερ
1146 4365 1232 4422 αἰετῶν
1255 4369 1290 4429 εἰς
1314 4370 1361 4439 τὴν
1387 4369 1598 4441 εἰσαγωγικὴν
1622 4369 1693 4423 τείνει

330 4456 430 4526 τέχνην.
450 4456 836 4523 cf.suprap.162.rtrateam
855 4459 980 4520 isagogen
999 4457 1167 4519 eognovimus
1186 4457 1274 4522 p.18²
1293 4459 1411 4510 Achillis.
1438 4462 1557 4512 similiter
1574 4461 1691 4512 Cleome-

331 4548 370 4596 dis
389 4547 486 4610 oyelies
509 4547 611 4596 theoria
635 4548 712 4596 etiam
731 4541 854 4610 εἰσαγωγὴ
881 4551 989 4594 venatur
1007 4560 1032 4608 p.
1048 4539 1082 4595 65
1100 4551 1126 4592 et
1144 4541 1233 4612 σχολαί
1251 4563 1275 4611 p.
1291 4545 1340 4600 126
1359 4555 1385 4597 et
1402 4544 1509 4615 σγυλικά
1527 4565 1551 4613 ρ.
1565 4546 1607 4601 93.
1626 4551 1693 4612 quse

330 4635 451 4684 extremis
470 4633 571 4683 adiecta
588 4641 660 4682 sunt:
684 4629 730 4682 εἰσί
752 4627 771 4680 δ’
798 4629 823 4680 αἱ
846 4627 934 4696 σγυλαί
958 4627 1031 4680 αὗται
1053 4626 1082 4679 eir
1106 4631 1152 4680 τοῦ
1175 4631 1315 4700 γράψαντος
1337 4631 1415 4685 edroi>
1437 4631 1510 4694 δόξας
1531 4633 1694 4702 παρέχουσαι,

330 4717 390 4771 ἀλλ’
416 4717 446 4770 ta
471 4719 672 4786 συγγραμμάτων
700 4721 775 4768 τινῶν
798 4713 959 4785 ἠθροισμέναι
988 4715 1031 4768 καί
1061 4712 1175 4768 παλαιῶν
1203 4718 1247 4769 καί
1274 4719 1417 4790 νεωτέρων,
1449 4737 1480 4772 ea
1507 4723 1542 4771 ad
1565 4721 1692 4772 Galeunm

331 4823 484 4870 omnemque
503 4808 718 4858 scholasticorum
735 4805 906 4855 eruditionem
921 4805 1057 4867 quadrant.
1077 4804 1109 4852 de
1122 4803 1270 4868 symmetria
1288 4811 1365 4860 etiam
1378 4825 1395 4858 a
1406 4809 1593 4874 posterioribus
1611 4809 1693 4872 petita

330 4897 363 4944 oi.
383 4895 451 4944 Mus.
471 4895 519 4944 Rh.
535 4895 642 4944 XXXII
655 4893 706 4946 481
716 4891 732 4942 ¹.

400 4979 460 5030 2τί.
480 4981 615 5030 Censorio.
635 4982 660 5030 d.
680 4983 704 5031 d.
724 4997 749 5031 n.
773 4980 783 5030 l
804 4991 824 5031 r.
843 4978 1057 5046 Wyttenbaohius
1076 4983 1109 5030 ad
1128 4983 1230 5047 Eunap.
1250 4985 1277 5032 11
1296 5000 1321 5048 p.
1335 4983 1377 5035 37.
