3768 5736
617 403 718 452 AETII
737 403 839 455 PLAc.
853 404 890 452 1v
908 402 938 454 17
949 411 991 451 ι.ι
1011 402 1044 454 18
1056 411 1097 452 ιι
1119 402 1171 454 19ι
1509 401 1571 464 407

285 506 496 558 Ρουτκιιυιιι
515 468 1271 558 mmm
1293 503 1327 558 55
1339 505 1398 569 [ιο]
1412 505 1445 557 υτ
1458 504 1540 569 [ιωι

278 665 315 733 ιζ.
361 659 448 744 Περὶ
471 661 691 746 ὀσφρήσεως.
736 671 807 724 (198
998 661 1084 746 Περὶ
1107 662 1329 746 ὀσφρήσεως·
1372 671 1397 721 D
1426 670 1501 723 016.

296 777 495 862 Ἀλκμαίων
518 782 548 845 ἐν
569 787 613 866 τῷ
630 782 782 866 ἐγκεφάλῳ
798 781 870 845 εἶναι
890 805 901 857 1
962 777 1161 862 Ἀλκμαίων
1183 781 1213 845 ἐν
1228 785 1270 866 τῷ
1294 779 1446 864 ἑγκεφαλιρ
1462 779 1534 844 εἶναι

254 883 288 945 τδ
299 883 481 966 ἡγεμονικόν·
492 883 587 967 τούτῳ
599 881 649 946 ούν
662 884 869 968 ὀσφραίνεσθαι
921 883 954 945 τὸ
967 883 1148 965 ἡγεμονικόν,
1160 883 1254 966 τούτιρ
1266 879 1316 945 ούν
1326 882 1533 967 ὀσφραίνεσθαι

255 985 367 1050 ἕλκοντι
390 985 437 1048 διὰ
458 988 515 1048 τῶν
532 985 683 1048 ἀναπνοῶν
699 987 749 1056 τάς
765 987 868 1069 ὀσμάς.
921 983 1032 1048 ἕλκοντι
1055 985 1102 1049 διὰ
1122 989 1180 1049 τῶν
1196 986 1348 1049 ἀναπνοῶν
1363 985 1414 1055 τὰς
1430 985 1533 1067 ὀσμάς.

223 1107 235 1144 ⁵
294 1085 536 1170 Ἐμπεδοκλῆς
554 1093 616 1157 ταῖς
632 1089 788 1159 ἀναπνοαῖς
801 1093 864 1158 ταῖς
883 1103 898 1155 2
956 1083 1195 1172 Ἐμπεδοκλῆς
1216 1091 1279 1156 ταῖς
1298 1087 1454 1156 ἀναπνοαῖς
1468 1091 1530 1157 ταῖς
1551 1107 1563 1146 ι

255 1191 313 1253 ἀπὸ
344 1193 395 1253 τοῦ
431 1191 590 1272 πνεύμονος
624 1191 869 1275 συνεισκρίνεσθαι
920 1190 978 1253 ἀπὸ
1011 1193 1063 1251 τού
1098 1191 1256 1273 πνεύμονος
1285 1189 1530 1273 συνεισκρίνεσθαι

253 1292 306 1375 τὴν
329 1291 436 1376 ὀδμήν·
462 1293 529 1356 όταν
551 1296 654 1378 γούνὴ
675 1295 804 1378 ἀναπνοὴ
821 1295 868 1380 βα-
919 1292 971 1375 τὴν
995 1291 1099 1375 ύσμήν.
1128 1291 1196 1356 όταν
1217 1297 1285 1376 γοῦν
1301 1295 1320 1376 ἡ
1336 1292 1466 1375 ἀναπνοὴ
1483 1293 1531 1376 βα-

255 1397 318 1478 ρεῖα
332 1393 452 1478 γίνηται,
475 1395 549 1458 κατὰ
567 1396 734 1480 τραχύτητα
750 1399 791 1481 μὴ
807 1417 868 1461 συν-
921 1399 983 1478 ρεῖα
995 1394 1110 1478 γένηται
1127 1395 1200 1458 κατὰ
1215 1393 1382 1480 τραχύτητα
1404 1393 1445 1476 μὴ
1469 1413 1530 1456 συν-

253 1495 459 1575 αισθάνεσθαι,
493 1501 534 1567 ὡς
567 1498 614 1562 ἐπὶ
646 1503 704 1562 τῶν
738 1500 868 1584 ῥευματι-
918 1495 1110 1560 αισδάνεσίλαι
1146 1499 1187 1566 ῶς
1222 1497 1269 1561 ἐπὶ
1308 1499 1366 1558 τῶν
1401 1497 1530 1581 ῥευματι-

221 1597 396 1680 ιοζομένων.
918 1599 1057 1680 ζυμένων.
1542 1619 1566 1656 1⁰

304 1769 348 1850 ιη.
388 1765 471 1852 Περὶ
492 1769 661 1852 γεύσεως.
705 1779 775 1832 (199
1034 1766 1118 1852 Περι
1139 1769 1302 1852 γεύσεως.
1346 1783 1371 1832 D
1400 1774 1464 1832 r12

293 1884 489 1969 Ἀλκμαίων
532 1895 574 1974 τῷ
620 1889 700 1974 ύγριγῖ
736 1889 785 1952 καὶ
821 1888 865 1973 τῷ
887 1913 898 1964 1

252 1989 367 2074 χλιαρῷ
395 1989 438 2074 τιγῖ
466 1991 496 2053 ἐν
526 1997 564 2073 τῇ
591 1993 707 2075 γλώττῃ
734 1992 806 2076 πρὸς
826 1991 866 2074 τῇ

254 2091 431 2176 μαλακότητι
450 2093 646 2177 διακρίνεσθαι
660 2094 727 2162 τοὺς
742 2093 864 2178 χυμούς.

221 2211 244 2251 ιι
296 2179 462 2278 Διογένης
484 2195 524 2278 τῇ
543 2195 691 2278 ἀραιότητι
705 2200 758 2279 τῆς
774 2197 897 2278 γλῶτφ

251 2318 303 2379 της
331 2296 378 2359 καὶ
408 2297 448 2379 τῇ
477 2297 655 2381 μαλακότητι
685 2299 733 2361 καὶ
762 2297 863 2362 διὰτὸ

253 2399 402 2462 συνάπτειν
432 2399 484 2468 τὰς
511 2399 644 2462 ἀπὸτοῦ
667 2403 802 2483 σώματος
824 2401 865 2470 εἰς

252 2499 343 2583 αὐτην
358 2500 466 2586 φλέβας
487 2502 655 2587 διαχεῖσθαι
669 2504 736 2572 τοὺς
751 2503 864 2588 χυμούς

253 2602 425 2684 ἑλκομένους
451 2602 499 2665 ἐπὶ
526 2605 578 2688 τὴν
600 2603 737 2691 αἴσθησιν
759 2607 808 2669 καὶ
830 2607 863 2667 τὸ

220 2704 423 2787 ιοὴγεμονικδν
445 2705 577 2792 καθάπερ
600 2709 658 2771 ἀπὸ
681 2711 826 2792 σπογγιᾶς.

310 2861 351 2939 ὦ.
394 2873 479 2960 Περὶ
501 2880 631 2960 φωνῆς.
676 2888 767 2940 (3100
1119 2874 1206 2961 Περὶ
1233 2882 1362 2961 φωνῆς.

305 2995 451 3059 Πλάτων
492 2997 544 3078 την
591 2999 691 3081 φωνὴν
735 2998 894 3083 όρίζεταιι
958 2995 1104 3060 Πλάτων
1119 2997 1171 3080 τὴν
1187 2999 1287 3082 φωνὴν
1304 2997 1428 3081 ὁρίζεται
1444 3001 1525 3060 πνεύ-

249 3103 362 3181 πνεύμα
391 3099 438 3161 διά
469 3098 612 3180 στόματος
645 3101 703 3164 ἀπὸ
735 3100 860 3170 διανοίας
914 3122 954 3180 μα
981 3099 1029 3162 διὰ
1057 3100 1200 3180 στόματος
1233 3102 1291 3165 ἀπὸ
1321 3099 1448 3170 διανοίας
1477 3099 1525 3162 καὶ

242 3234 308 3288 2de
327 3237 357 3302 ἐξ
373 3234 424 3288 1.2
443 3239 474 3287 cf.
487 3239 559 3288 Prol.
578 3255 602 3302 p.
616 3233 694 3304 213Ιὶ
710 3237 830 3306 3γούνΒ
846 3237 860 3304 ΙΙ
950 3237 963 3286 1
984 3239 1010 3287 in
1033 3237 1104 3288 stob.
1130 3240 1254 3302 reliquiae
1279 3241 1378 3300 nullae,
1402 3241 1428 3288 in
1446 3238 1567 3288 Damaso.

207 3321 224 3375 8
241 3322 337 3392 γίνηται
349 3324 407 3375 BC:
420 3321 521 3390 γίνηται
534 3323 583 3386 (Δ)
598 3323 610 3389 :l
623 3321 767 3393 τραχύτητα
777 3325 860 3387 (Α)οι
914 3341 938 3388 p.
954 3323 1012 3386 176,
1022 3321 1109 3375 5—12
1123 3325 1160 3376 M.

205 3425 235 3475 τρ
949 3410 964 3461 7
983 3408 1047 3478 πνοή
1066 3411 1103 3462 D:
1124 3415 1225 3462 correxi

207 3475 340 3546 παχύτητα
361 3479 399 3530 1³:
427 3476 560 3549 παχύτητα
588 3483 699 3546 explicat
717 3482 792 3545 ναῖε
820 3481 861 3532 οό-
949 3497 965 3549 8
984 3493 1117 3565 παχύτητα
1134 3498 1159 3547 υ
1179 3499 1210 3548 οι.
1228 3499 1309 3548 νισι,
1330 3502 1432 3549 correxi

208 3566 315 3616 ”ruffi-⁹
337 3569 447 3618 Κὸῐθίθῡ
471 3571 545 3634 EmP·
569 3587 593 3634 P·
612 3564 709 3620 432²⁸²
733 3565 745 3634 λλ
771 3567 860 3620 ΜΝ·
953 3583 982 3634 12
1007 3585 1112 3636 Stobaei
1142 3586 1230 3634 titulus
1262 3601 1297 3636 σο.
1318 3581 1427 3636 19-21
1452 3602 1567 3650 compre·

205 3649 362 3705 αισδάντσάαι
381 3657 471 3720 vulgo:
495 3652 667 3709 συναισδίσδαι
687 3657 750 3706 AB:
775 3651 861 3706 αἰσδά-
914 3671 1003 3721 ηθῃᾱγγ

115 3748 119 3756 ’
206 3737 324 3793 νισδαιῦ
343 3738 356 3810 ΙΙ
379 3741 409 3793 12
428 3744 460 3793 de
479 3742 508 3806 ἐξ
526 3741 578 3794 1.2
597 3746 627 3794 cf.
646 3745 717 3794 Ptol.
737 3761 761 3808 p.
774 3741 826 3794 223
846 3739 859 3812 ΙΙ

205 3831 243 3878 τῶ
264 3825 361 3896 χλιαρῶ
380 3829 424 3881 καὶ
444 3835 482 3880 τῶ
500 3829 569 3900 ύγρῶ
588 3829 614 3882 ἐν
632 3831 664 3897 τῆ
683 3829 784 3899 γλῶσση
803 3833 825 3882 Β
846 3827 859 3899 Η

206 3913 239 3966 14
257 3911 422 3984 διακρίνεσθαι
437 3943 468 3952 -
487 3916 519 3970 15
537 3916 664 3986 ἀραιότητι
684 3935 734 3968 om.
753 3919 778 3968 A
793 3914 807 3986 ΙΙ
828 3917 861 3971 18

205 4000 300 4068 χυμούς
318 4003 375 4054 BC:
394 4002 485 4072 χυλοὺς
504 4005 550 4068 (Α)

205 4126 432 4178 TESTIMONIA
450 4129 659 4179 PLUTARGHI

239 4209 269 4264 17
291 4213 302 4263 l
322 4211 408 4270 Pseu.
426 4216 451 4266 d.
469 4217 557 4266 omnif.
571 4216 652 4266 doctr.
671 4233 692 4265 c.
706 4215 737 4266 81
758 4211 859 4282 όσφραί-

204 4313 278 4364 νομιν
300 4297 326 4350 δὲ
349 4307 386 4369 τῷ
404 4301 546 4370 ἡγεμονικῷ
567 4308 604 4372 τῷ
623 4299 674 4354 όντι
692 4300 717 4354 ίν
736 4302 772 4371 τῷ
791 4303 860 4370 ίγκε-

204 4383 290 4454 φιίλιρ,
323 4385 420 4440 ἕλκοντι
451 4387 477 4440 δὲ
509 4387 549 4440 διὰ
575 4393 627 4441 τῶν
656 4389 786 4441 ἀναπνοῶν
816 4390 860 4448 τὰς

203 4469 289 4540 ὀσμάς.

239 4558 272 4612 18
291 4560 308 4612 2
326 4559 402 4618 Idem
420 4567 438 4616 1.
461 4582 482 4616 υ.
508 4561 611 4632 γιύομτν
632 4563 658 4616 δὲ
681 4570 712 4634 τη
732 4561 860 4632 ἀραιότητι

204 4650 250 4716 τῆς
268 4647 382 4717 γλύκττητ
405 4649 449 4700 καὶ
471 4667 502 4720 τη
528 4650 684 4720 μαλακότητι
707 4651 750 4702 καὶ
773 4649 813 4702 διὰ
831 4650 859 4703 τὸ

205 4736 333 4788 συνάπτειν
361 4737 405 4795 τὰς
432 4737 481 4790 ἀπὸ
507 4741 552 4790 τού
580 4737 697 4806 σιὐματος
724 4739 757 4796 τίς
781 4735 860 4806 αὐτὴν

205 4820 299 4890 φλέβας
315 4821 362 4891 τὴν
381 4822 460 4892 φύσιν.

240 4907 274 4962 19
296 4911 307 4962 l
329 4909 404 4968 Idem
423 4916 439 4964 1.
459 4931 479 4965 υ.
504 4913 565 4983 ἡδί
585 4914 672 4983 φωντὴ
696 4912 792 4979 πνεῦμά
810 4911 861 4963 ἐστι

205 4994 245 5050 διά
262 5001 307 5049 τοῦ
325 4997 448 5066 στόματος
466 4999 515 5052 ἀπὸ
533 4999 640 5057 διανοίας
657 4999 772 5069 ἠγμίνον.
