3750 5746
325 373 388 438 348
821 375 923 426 Λευιι
942 374 1044 426 mc.
1056 375 1084 424 11
1097 370 1131 424 νυ
1144 381 1202 421 ι-ι

478 440 1449 530 nummisma.
1462 479 1476 528 1
1489 476 1548 530 νει

383 620 410 686 i,
448 615 531 700 ssepi
555 617 676 686 οὐσίας
698 616 812 700 ἡλίου.
849 623 920 678 (362
1178 614 1266 700 Περὶ
1288 615 1412 686 οὐσίας
1434 617 1548 700 ἡλίου.

370 725 393 772 Ε
406 717 578 773 XV231—e

408 803 676 890 Ἀναξίμανδρος
691 806 796 870 κύκλον
808 805 881 871 εἶναι
893 807 982 870 δκτω-
1003 823 1016 874 1
1067 802 1339 891 Ἀναξίμανδρος
1356 805 1461 869 κύκλον
1473 803 1546 870 εἶναι
1558 806 1647 870 ύκτω

368 909 659 974 καιεικοσαπλασίονα
679 913 732 993 πὴς
746 913 810 994 χὴς,
832 909 981 994 ἁρματείῳ
1033 909 1325 974 καιεικυσαπλασίονα
1360 912 1413 992 τῆς
1449 913 1517 992 τῆς,
1557 909 1647 994 ἅρμα·

347 1017 469 1098 ιτροχῷ
483 1014 694 1096 παραπλήσιον,
708 1013 761 1096 τὴν
774 1013 865 1096 ἁψῖδα
876 1009 983 1097 ἔχοντα
1034 1010 1104 1096 τείῳ
1118 1015 1218 1098 τροχῷ
1234 1012 1446 1096 παραπλήσιον,
1468 1008 1576 1096 ἔχοντα
1590 1012 1647 1076 κυί-

369 1115 479 1199 κυιλην,
501 1117 599 1200 πλήρη
622 1115 726 1200 πυρύς,
752 1118 827 1180 κατά
848 1139 874 1178 τι
897 1115 983 1200 μέρος
1034 1117 1088 1198 λην
1110 1114 1307 1199 περιφέρειαν,
1326 1115 1424 1199 πλήρη
1450 1115 1550 1199 πυρὰς,
1573 1117 1647 1180 κατὰ
1670 1137 1683 1174 ε

369 1217 560 1301 ἐκφαίνουσαν
579 1218 628 1280 διὰ
639 1219 758 1300 στομίου
771 1220 804 1282 τδ
815 1223 873 1302 πῦρ
885 1219 984 1302 ὥσπερ
1035 1217 1121 1301 μέρος
1138 1215 1330 1302 ἐκφαίνουσαν
1345 1217 1393 1280 διὰ
1408 1217 1528 1300 στομίου
1542 1219 1576 1283 τδ
1591 1223 1647 1304 πῦρ

370 1319 418 1382 διά
439 1325 605 1404 πρηστῆρος
619 1319 720 1385 αὐλοῦ·
749 1322 797 1385 καλ
817 1318 891 1386 τοῦτ)
911 1319 984 1384 εἶναι
1036 1318 1135 1404 ὥσπερ
1157 1319 1206 1384 διά
1227 1323 1403 1404 πρηστὴρος.

368 1423 418 1486 τὸν
439 1423 553 1507 ἡλιοκ-

998 1540 1015 1594 ν
1072 1521 1299 1608 Ἀναὰιμένητ
1313 1525 1428 1611 πύρινον
1444 1527 1584 1612 ὑπάρχειν
1598 1529 1647 1592 τὸν

1035 1627 1118 1710 ἥλιον
1142 1627 1322 1712 ἀπεφήνατο.

335 1747 358 1786 ω
412 1726 613 1814 Ξενοφάνης
635 1731 670 1795 ἐκ
691 1731 828 1814 πυριδίων
844 1735 902 1794 τῶν
918 1745 1016 1797 συν-3
1076 1729 1282 1815 Ξενοφάνης
1303 1729 1338 1794 ἐκ
1359 1736 1455 1817 νεφῶν
1476 1731 1683 1818 πεπυρωμύνο

369 1831 586 1914 αδρυιζυμὲνων
610 1836 662 1916 μὲν
685 1835 719 1898 ἐκ
741 1839 793 1918 τὴς
814 1835 901 1918 ὑγρᾶς
917 1835 983 1898 άνα-
1034 1854 1091 1896 νων
1114 1831 1186 1896 εἶναι
1208 1833 1257 1896 τδν
1280 1833 1374 1917 ἡλιυν.

331 2017 334 2026 Ι
370 1935 553 2016 δυμιάσεως,
587 1938 834 2022 συναθροιζόντων
868 1937 901 1999 δὲ
932 1938 982 2000 τδν
1037 1919 1040 1930 ¹

369 2037 460 2122 ἥλιον·
492 2037 511 2121 ἡ
535 2038 568 2102 ἐκ
591 2045 685 2125 νεφῶν
708 2039 935 2124 πεπυρωμένων.

1077 2139 1123 2182 **
1135 2140 1364 2228 Θεόφραστος
1385 2141 1491 2213 ἐντοῖς
1507 2143 1646 2212 Φυσικοῖς
1709 2170 1721 2188 ¹

363 2296 377 2348 1
397 2294 480 2355 υύσίας
493 2299 562 2362 (Α)Β
576 2301 649 2364 (ind.)
664 2303 698 2353 O:
718 2319 768 2353 om.
778 2303 851 2354 EGB
862 2295 980 2367 (contin
1072 2295 1086 2348 l
1106 2297 1138 2348 de
1158 2300 1234 2350 titulo
1253 2302 1284 2351 σί.
1303 2301 1375 2352 Prol.
1394 2317 1419 2366 p.
1433 2299 1467 2354 67

328 2382 399 2452 ἡλίου
412 2386 495 2437 EGO:
515 2383 586 2454 ἡλίου
610 2389 653 2440 καλ
675 2385 713 2440 ύπι
735 2389 778 2440 καλ
796 2385 839 2440 δύο
857 2387 901 2438 καὶ
919 2389 983 2455 τρεῖς
1070 2383 1087 2436 3
1105 2382 1220 2455 ἁρματίῳ
1238 2389 1263 2438 Δ

328 2471 386 2524 τίσιν
404 2474 453 2524 AB
472 2492 497 2524 v.
516 2477 596 2526 Peelii
611 2478 663 2528 ind.
677 2479 748 2529 Ρπυλ.
762 2494 786 2542 ρ.
797 2474 832 2528 30
847 2477 878 2526 ci.
891 2474 905 2537 ξ
920 2472 954 2526 13
968 2471 981 2540 Η
1070 2470 1086 2523 5
1109 2472 1264 2542 περιφέρειαν
1286 2476 1415 2540 glossema
1437 2488 1493 2528 esee
1517 2479 1587 2528 νυυίε
1611 2473 1690 2544 ἁψῖδα

327 2560 343 2613 3
362 2562 394 2610 de
412 2559 426 2625 ξ
442 2559 454 2611 l
475 2563 506 2611 ci.
518 2563 589 2612 Prol,
602 2579 627 2628 p.
637 2561 687 2616 134
701 2559 714 2631 ΙΙ
729 2561 884 2632 4ἀρματείῳ
896 2566 982 2630 τροχῷ
1034 2576 1067 2612 ex
1084 2561 1153 2612 Plut.
1173 2570 1199 2612 et
1216 2578 1237 2613 e.
1251 2559 1310 2615 251
1328 2565 1487 2630 intellegitur

326 2647 373 2716 τὴν
396 2645 474 2716 ἁψῖδα
494 2647 666 2718 παραπλήσιον
689 2653 725 2701 E:
749 2649 876 2719 ἁρματείῳ
897 2654 982 2717 τροχῷ
1074 2647 1103 2700 ll
1124 2649 1296 2715 Theophrasti
1319 2667 1428 2716 nomen,
1451 2657 1523 2704 cuiue
1546 2654 1579 2704 de
1601 2653 1690 2704 Xeno·

326 2733 372 2803 τὴν
395 2733 473 2803 ἁψῖδα
495 2733 675 2806 παραπλησίως
694 2739 730 2792 G:
754 2736 875 2806 ἁρματίου
898 2742 983 2806 τροχῷ
1035 2737 1120 2802 phane
1138 2739 1292 2788 sententiam
1313 2738 1448 2792 eddiderat
1465 2743 1570 2804 Aetius,
1593 2741 1625 2792 ab
1644 2742 1690 2791 iilo

326 2821 372 2890 τὴν
386 2821 461 2890 ἀψίδα
475 2821 646 2894 παραπλήσιον
659 2827 719 2878 AB:
739 2823 873 2895 ἁρματείου
890 2824 984 2894 τροχοῦ
1034 2827 1121 2891 inepte
1145 2827 1258 2876 seiunxit
1280 2825 1415 2879 Stobeeue.
1443 2831 1602 2880 intercidisse
1620 2825 1636 2894 ἡ
1655 2825 1691 2884 ὡς

326 2927 349 2962 τ.
363 2908 387 2960 ἁ.
398 2927 424 2961 π.
435 2911 468 2962 C:
482 2915 581 2964 restitui
595 2930 628 2964 ex
641 2915 664 2964 Ε
677 2921 775 2964 mutate
788 2915 952 2963 distinctione
966 2907 982 2978 ΙΙ
1035 2914 1145 2962 coniecit
1156 2912 1258 2963 Usener
1275 2913 1308 2964 ed
1320 2915 1452 2980 Theophr.
1470 2917 1501 2966 ir.
1515 2915 1548 2968 16
1567 2917 1599 2966 ci.
1618 2915 1690 2966 Prol.

328 2999 343 3051 6
357 2995 440 3048 κοῖλον
454 3001 476 3048 E
492 2997 506 3068 ΙΙ
520 3001 586 3052 κατά
600 3003 622 3052 Ε
638 3003 669 3052 ei.
683 3001 718 3052 G:
737 2997 767 3067 ἡς
780 2999 846 3051 κατά
860 2999 952 3062 (Α)Βῦ
968 2994 982 3066 ΙΙ
1034 3015 1059 3065 p.
1076 2997 1133 3052 140.
1152 2995 1212 3051 217.
1231 2997 1283 3052 220

327 3085 343 3136 7
363 3082 526 3154 ἐκφαιναύσης
546 3089 675 3151 Ε(Δ)Βοι
696 3091 797 3140 correxi
816 3103 830 3137 e
849 3087 922 3138 stob.
942 3084 983 3137 ἀκ-

325 3171 419 3240 φαίνειν
431 3191 463 3225 ex
477 3176 500 3225 Ε
518 3177 623 3240 vulgato
636 3176 709 3226 Beck
723 3171 737 3242 ΙΙ
754 3174 771 3228 8
785 3175 927 3242 πρηστῆρος
940 3171 983 3224 αύ-

326 3257 371 3311 λοῦ
389 3264 406 3312 i.
426 3279 448 3312 e.
468 3259 620 3330 ἀκρυφυσίου
639 3262 766 3329 [Thucyd.
786 3263 824 3314 1v
845 3259 896 3314 100
908 3259 931 3324 ε]
951 3263 983 3312 σί.

326 3350 397 3400 Prol.
411 3346 490 3414 δύνᾳ.
511 3345 524 3416 ΙΙ
548 3348 578 3402 10
590 3354 643 3401 τῶν
657 3350 813 3419 φαινομάνων
826 3343 983 3416 συναθροιζο-

326 3435 852 3506 52&vacs.Prol.p.81113fl0m.E
872 3433 885 3504 ΙΙ
903 3435 982 3488 ίκνε-

326 3527 382 3592 φῶν
392 3524 579 3593 πεπυρωμένων
589 3527 612 3576 Ε
624 3527 655 3577 σί.
665 3527 771 3578 Achilla
785 3523 858 3594 νίφος
867 3541 983 3594 πεπυρω-

327 3750 555 3802 TESTIMONIA
573 3752 784 3802 PLUTAROHI
1035 3745 1203 3797 ALIORUM
1222 3747 1272 3798 EX
1291 3745 1404 3797 AETIO
1423 3746 1618 3798 ExcERPTA

362 3833 401 3888 20
422 3838 433 3889 l
459 3833 561 3892 Aehffl.
585 3857 610 3904 p.
630 3835 704 3890 1382
727 3835 775 3901 [σί.
798 3839 869 3889 Prol.
893 3854 918 3902 p.
931 3833 983 3901 33]
1069 3829 1136 3884 201
1157 3828 1320 3890 Theodorei.
1333 3835 1373 3884 IV
1385 3831 1419 3884 22
1438 3831 1461 3883 ολ
1473 3830 1500 3884 δά
1519 3848 1592 3912 φασιχ
1610 3832 1689 3904 ἁρμα-

326 3923 389 3981 τινὲς
407 3922 446 3988 δὲ,
465 3922 501 3975 ὧν
519 3923 571 3977 ἐστι
589 3926 633 3977 καὶ
650 3922 898 3993 Ἀναξίμανδρος,
923 3923 984 3990 φασί
1035 3917 1107 3988 τιαίῳ
1120 3917 1148 3983 [l.
1162 3919 1301 3989 ἁρματείῳ]
1313 3925 1399 3989 τροχῷ
1412 3918 1583 3989 παραπλήσιον
1596 3923 1640 3984 (ευ.
1651 3920 1694 3973 τὸν

326 4012 432 4080 πέμπειν
450 4010 524 4063 αὺτὸν
542 4010 571 4063 τδ
590 4017 645 4081 φῶς
663 4016 751 4082 σχῆμα
773 4009 864 4081 ἔχοντα
882 4013 983 4080 τροχοῦ.
1036 4005 1124 4074 ἡλιυν).

327 4097 412 4168 ὥσπερ
430 4100 476 4168 γὰρ
494 4100 519 4152 ἐν
531 4106 568 4170 τῷ
581 4107 666 4170 τροχῷ
679 4099 752 4171 κοίλη
766 4099 831 4153 δστὶν
843 4098 859 4168 ἡ
873 4097 995 4168 πλὴμνη,“
1071 4091 1109 4146 20
1122 4093 1139 4146 3
1157 4089 1327 4151 lien1v21
1349 4096 1392 4148 καὶ
1406 4095 1490 4164 μίντυι
1507 4097 1551 4149 καλ
1563 4096 1606 4149 τδν
1623 4096 1693 4166 ἡλιυν

327 4185 379 4255 ἔχει
397 4185 423 4239 δὲ
442 4184 482 4239 ἀπ’
503 4184 582 4257 αύτὴς
600 4188 782 4258 ἀνατεταμένας
799 4189 844 4246 τὰς
862 4185 985 4257 κνημῖδας
1007 4243 1013 4252 ,
1036 4181 1079 4232 καὶ
1104 4180 1151 4250 τὴν
1175 4180 1280 4252 σελήνην
1304 4181 1317 4234 ὁ
1344 4179 1521 4254 Ξενοφάνης
1546 4184 1608 4254 νίφη
1633 4185 1693 4237 ‘Mt

327 4273 386 4342 πρὸς
404 4274 451 4344 τὴν
470 4273 563 4336 ἔξωθεν
580 4279 627 4346 τῆς
645 4275 733 4346 ἁψῖδος
751 4277 897 4347 περιφοράν,
916 4272 984 4327 ούτω
1036 4269 1202 4339 πεπυρωμένα
1221 4270 1303 4340 φησίν.

327 4362 370 4414 καὶ
389 4360 464 4414 αύτδν
483 4361 532 4415 ἀπὸ
550 4363 636 4417 κοίλου
654 4363 682 4418 τὸ
697 4370 753 4436 φῶς
766 4364 927 4432 ίκπίμπυντα
939 4361 985 4432 τὴν

328 4449 444 4502 ἀνάτασιν
465 4455 518 4502 τῶν
541 4452 650 4503 ἀκτίνων
677 4449 799 4504 ποιεῖσθαι
826 4452 869 4504 καὶ
892 4446 986 4511 ίξωδεν

328 4536 404 4596 αύτάς
424 4535 513 4606 κύκλῳ
531 4537 659 4607 φωτίζειν,
683 4539 745 4598 τινὲς
764 4538 790 4591 δὲ
809 4539 898 4603 [immo
917 4540 986 4590 idem

328 4628 525 4679 Anaximander
548 4629 579 4678 τί,
598 4630 669 4680 Ptol.
688 4646 713 4693 ρ.
727 4625 773 4692 26]
796 4624 832 4684 ὡς
855 4623 904 4677 ἀπὸ
928 4621 985 4676 συλ-

327 4732 412 4782 πιχχυς
430 4714 460 4766 ίκ
479 4711 565 4766 κοίλου
582 4712 660 4766 τύπου
681 4713 726 4766 καὶ
744 4715 829 4765 στενοῦ
848 4711 984 4780 ἐκπέμπειν

329 4799 404 4854 αύτδν
422 4799 451 4853 τδ
470 4805 525 4871 φῶς
544 4799 628 4871 ὥσπερ
647 4805 799 4872 πρηστῆρας.

363 4888 380 4941 3
398 4885 474 4945 lien
493 4908 517 4956 p.
535 4888 608 4943 1380
630 4889 693 4947 τινὲς
711 4889 737 4942 δὲ
755 4894 807 4942 τῶν
825 4893 939 4959 φυσικῶν
958 4883 984 4947 ἐξ

327 4973 515 5044 ἀναθυμιάσεως
534 4979 580 5046 γῆς
598 4977 641 5030 καλ
659 4982 741 5048 νεφῶν
760 4974 834 5030 αύτδν
853 4973 921 5028 εἶναι.
