3710 5730
230 491 233 498 ,
319 429 360 493 70
719 433 744 480 ν
788 433 838 481 nn
857 431 935 482 sun
952 431 1088 482 nrnrur
1104 429 1270 483 nrmouu

318 599 425 665 nullos
452 600 485 666 in
513 601 656 666 eiusdem
683 599 802 665 erroris
829 598 1085 665 communionem
1112 599 1221 666 traxit.
1265 619 1366 684 quare
1391 619 1459 666 rem
1481 599 1588 666 denuo
1610 599 1680 666 dili·

318 707 432 784 genter
453 699 702 789 perpendamus.

406 805 598 890 Priusquam
620 811 728 870 autem
755 804 798 870 ad
826 804 950 870 incerta
983 803 1237 889 progrediamur,
1264 804 1299 870 in
1325 805 1423 872 certis
1446 799 1681 888 aliquantisper

319 906 543 992 subsistamus,
565 927 629 992 quo
652 906 768 973 melius
790 905 954 990 scriptoris
977 905 1146 974 consilium
1169 913 1203 972 et
1223 907 1307 972 ratio
1329 913 1552 991 cognoscatur.
1590 911 1679 971 certa

320 1027 381 1091 ego
403 1009 585 1092 fragmenta
606 1029 727 1094 usurpo
750 1009 881 1092 eclogas
904 1007 1029 1074 ethicas
1052 1027 1079 1073 o.
1096 1011 1114 1073 7
1132 1009 1250 1092 [vulgo
1266 1009 1300 1092 6]
1322 1009 1470 1094 insertas,
1491 1014 1559 1074 tum
1580 1007 1680 1074 Euse-

320 1110 420 1178 blana
440 1112 633 1196 fragmenta.
655 1134 674 1179 e
697 1111 839 1178 Stobaeo
860 1116 999 1194 apparet
1021 1111 1257 1195 Prolegomena
1278 1131 1351 1178 eum
1372 1109 1579 1196 praemisisse
1600 1108 1680 1176 ethi·

320 1233 379 1280 cae
401 1213 474 1280 libri
497 1215 593 1300 parti,
616 1233 701 1299 quae
722 1231 763 1278 er
786 1211 926 1278 omnium
948 1211 1215 1297 philosophorum
1230 1231 1271 1279 ac
1292 1220 1453 1280 sectarum
1475 1212 1680 1296 opinionibus

320 1316 457 1382 miscuit.
492 1318 596 1401 primo
619 1314 847 1401 pao-3811.
870 1321 1034 1398 ponuntur
1048 1315 1159 1383 variae
1177 1315 1381 1382 definitiones
1403 1312 1573 1380 moralium
1594 1313 1680 1398 prin-

320 1417 486 1504 cipiorum.
513 1419 605 1486 initio
628 1435 829 1504 anonymae,
861 1423 928 1482 tum
951 1417 1192 1484 Platonicorum
1216 1419 1396 1485 Stoicorum
1417 1416 1602 1484 Aristotelis
1623 1417 1681 1484 Ze

320 1521 424 1605 nonis,
461 1521 568 1587 omnia
590 1521 706 1588 leviter
734 1520 892 1603 impressa
925 1539 986 1585 nec
1021 1527 1110 1586 certa
1139 1521 1265 1588 ratione
1297 1521 1484 1605 composita
1534 1519 1679 1604 sequitur

320 1644 352 1707 p.
369 1625 497 1688 38-46
520 1623 656 1708 διαίρεσις
679 1625 786 1708 ἠδικοῦ
808 1624 909 1700 τόπου,
932 1639 1029 1705 quam
1052 1622 1108 1687 lmi
1129 1622 1227 1690 debet
1248 1621 1406 1689 Philoni
1429 1620 1585 1688 Larisaeo
1599 1621 1681 1688 Aca·

320 1723 455 1790 demico.
499 1726 528 1790 is
550 1724 777 1809 philosophiae
799 1743 858 1789 sex
878 1731 989 1807 partes
1011 1723 1122 1790 divisit

524 1830 540 1892 1
587 1829 831 1911 όπροτρεπτικός
854 1828 938 1910 λόγος

522 1931 542 1994 2
587 1929 835 2013 όδερσπευτικός

523 2032 543 2095 3
587 2032 691 2116 όπερλ
712 2035 804 2095 τελῶν

522 2135 543 2198 4
587 2134 689 2217 όπερλ
712 2133 782 2218 βίων

523 2237 543 2299 5
588 2235 772 2304 όπολιτικός

523 2339 544 2402 6
588 2337 807 2406 όίιποδετικός.

322 2443 384 2508 hac
418 2439 592 2525 partitione
620 2437 787 2522 proposita
812 2437 908 2502 Arius
938 2437 1044 2521 pergit
1070 2459 1100 2522 p.
1116 2439 1209 2504 46Η.
1244 2440 1302 2521 ἐγὼ
1329 2439 1354 2503 δ’
1386 2441 1411 2503 εἰ
1439 2441 1491 2522 μὲν
1518 2441 1680 2526 ἀργοτέρως

322 2547 484 2627 διεκείμην,
511 2541 663 2626 ἀρκεσθεὶς
692 2541 726 2603 ἂν
752 2539 828 2623 αὐτῇ
857 2545 985 2625 συνεῖρον
1011 2539 1070 2624 ἤδη
1097 2543 1133 2604 τὰ
1159 2541 1223 2624 περὶ
1248 2546 1307 2604 τῶν
1334 2543 1532 2626 ἀρεσκόντων,
1562 2549 1599 2626 τῇ
1626 2548 1679 2628 τῆς

322 2645 488 2730 ἐξαμερείας
510 2644 765 2728 ἐπικουφιῖόμενος
787 2649 964 2732 περιγραφῇ·
989 2642 1147 2726 ἡγούμενος
1169 2641 1194 2706 δ’
1222 2644 1341 2729 ἐμαυτῷ
1361 2645 1479 2730 πρέπειν
1498 2647 1554 2730 πρό
1574 2648 1680 2717 παντός

322 2750 374 2832 τὴν
405 2747 505 2811 οὐσίαν
532 2747 590 2809 δεῖν
617 2745 782 2808 ἐπισκοπεῖν
814 2745 849 2809 ob
875 2769 916 2815 τις
942 2745 1187 2830 πραγματεύεται,
1218 2743 1340 2808 κᾶπειτα
1371 2748 1510 2832 ποιότητα
1535 2749 1587 2832 τὴν
1614 2751 1680 2833 περὶ

323 2852 413 2934 αὐτὴν
437 2849 484 2913 καλ
500 2847 658 2930 ποσότητα,
681 2849 729 2909 καί
751 2847 862 2917 τούτοις
884 2847 987 2932 ἐφεξῆς
1009 2849 1042 2910 τό
1065 2849 1136 2932 πρὸς
1157 2847 1195 2924 τί,
1217 2847 1326 2929 νομίζω
1347 2851 1610 2934 προσεπιπονητέον
1623 2851 1681 2934 [τε]

323 2954 395 3018 εῖναι
417 2953 465 3014 καὶ
488 2951 524 3014 τό
545 2955 604 3014 τῶν
626 2951 723 3014 ἄλλων
745 2950 926 3026 ἐπισκοπεῖν,
949 2951 1082 3034 καθάπερ
1104 2949 1139 3014 οὐ
1161 2950 1287 3027 πάντων,
1309 2951 1401 3021 οὕτως
1422 2957 1481 3016 τῶν
1504 2955 1568 3038 περὶ
1589 2960 1682 3018 ταῦτα

323 3057 535 3139 διανεμόντων.
568 3052 751 3136 excerpitur
773 3051 869 3133 igitur
892 3049 1056 3136 Edddpou
1077 3057 1129 3114 τοῦ
1148 3049 1355 3136 Ἀλεξανδρέως
1377 3052 1576 3139 Ἀκαδημικοῦ
1603 3060 1682 3141 φιλο-

323 3158 414 3242 σόφου
437 3155 572 3239 διαίρεσις
594 3159 645 3217 τοῦ
668 3156 742 3218 κατὰ
764 3154 935 3238 φιλοσοφίαν
957 3154 1054 3237 λόγου,
1077 3153 1185 3239 βιβλίον
1200 3151 1379 3238 ἀξιόκτητον,
1401 3157 1431 3220 ἐν
1450 3155 1476 3244 ᾤ
1500 3163 1595 3222 πᾶσαν
1618 3159 1681 3223 ἐπε

323 3259 463 3343 Εελήλυδε
488 3259 730 3342 προβληματικῶς
757 3259 809 3340 τὴν
837 3257 1015 3342 ἐπιστήμην,
1041 3258 1078 3342 ἧς
1103 3257 1163 3338 ἐγὼ
1189 3255 1356 3340 διαιρέσεως
1382 3257 1547 3342 ἐκθήσομαι
1573 3263 1681 3345 τὸτῆς

323 3362 429 3446 ηδικῇς
451 3360 567 3424 οἰκεῖον.
601 3358 780 3442 tripertitae
802 3357 1029 3442 philosophiae
1045 3357 1177 3422 moralis
1191 3377 1268 3441 pars
1284 3358 1438 3426 diriditm
1450 3361 1485 3426 in
1501 3361 1680 3447 θεωρητικόν

323 3465 478 3548 ὁρμητικὸν
502 3461 692 3547 πρακτικόν.1
737 3462 800 3527 hae
827 3467 937 3544 partes
958 3459 1113 3542 deinceps
1135 3457 1323 3541 singillatim
1346 3461 1562 3547 disponuntur
1583 3466 1682 3549 plane

270 3551 276 3562 ⁵
323 3565 503 3631 Stoicorum
526 3583 615 3630 more
639 3564 828 3630 erratione.
864 3563 922 3628 sed
936 3561 1032 3626 Arius
1055 3560 1201 3627 neutrius
1223 3563 1398 3646 partitione
1419 3572 1590 3633 contentus
1610 3569 1682 3654 ipse

322 3667 559 3752 problematum
575 3666 720 3731 tabulam
735 3665 897 3749 proponit.
924 3683 951 3729 c.
965 3665 1030 3748 περὶ
1045 3664 1144 3732 τέλους
1159 3683 1190 3746 p.
1203 3665 1331 3729 διό-78
1345 3666 1395 3731 vis
1410 3667 1501 3733 vocis
1516 3670 1598 3741 τέλος
1613 3671 1682 3755 pbi-

322 3772 500 3854 lologorum
516 3769 620 3852 magis
631 3789 720 3834 more
732 3767 913 3852 explicatur
924 3765 1064 3831 Homero
1077 3764 1231 3848 Euripide
1250 3765 1383 3833 Cratino
1399 3767 1515 3854 citatis,
1531 3777 1597 3836 tum
1609 3773 1684 3858 Epi·

323 3873 389 3939 curi
406 3872 553 3938 Platonis
568 3871 711 3938 Socratis
727 3868 874 3935 Platonis
890 3866 1098 3952 Pythagoraa
1109 3867 1236 3932 Eudoxi
1253 3887 1294 3934 ex
1306 3867 1439 3936 Aristot
1449 3869 1681 3940 Nicomachll

322 3973 354 4062 [2
369 3997 400 4060 p.
412 3977 513 4040 ntor
526 3971 558 4060 9]
574 3971 750 4040 Democriti
768 3971 936 4056 opiniones
955 3987 1103 4035 sermone
1118 3969 1215 4037 solito
1231 3971 1372 4054 eleganti
1379 3992 1436 4038 ore
1450 3972 1682 4061 disceptantur,

322 4085 357 4142 ut
373 4097 413 4144 ea
428 4095 556 4160 quoque
571 4075 613 4140 ab
630 4074 707 4140 Ario
723 4095 789 4140 non
805 4072 987 4156 conscripta
1003 4071 1060 4137 sed
1075 4071 1240 4158 descripta
1262 4073 1444 4140 videantur.
1466 4095 1562 4160 porro
1579 4097 1606 4142 c.
1619 4081 1683 4163 περὶ

322 4179 502 4262 ἀγαθῶνκαὶ
515 4183 613 4241 κακῶν
628 4197 659 4261 p.
672 4177 799 4243 80-88
814 4173 924 4239 varias
935 4171 1140 4242 definitiones
1151 4176 1304 4260 continet,
1320 4177 1509 4245 nominatim
1521 4179 1684 4246 Stratonis

322 4281 469 4348 Platonis
484 4280 677 4346 Aristotelis.
701 4287 878 4347 extremum
901 4283 951 4342 est
975 4297 1001 4342 o.
1022 4277 1048 4340 sl
1069 4283 1126 4344 πᾶν
1148 4282 1182 4344 τὸ
1204 4283 1292 4344 καλὸν
1316 4278 1352 4343 δι’
1380 4281 1451 4345 αὑτὸ
1474 4281 1588 4364 αἱρετόν
1610 4301 1681 4347 cum

322 4383 470 4449 Platonis
486 4387 519 4448 et
533 4381 717 4448 Aristotelis
732 4379 909 4446 sententiis.
933 4385 1058 4446 tantum
1074 4399 1114 4447 ex
1129 4381 1244 4449 ethicis
1258 4382 1497 4467 prolegomenis
1510 4383 1682 4469 sichaeus,

324 4506 401 4551 num
423 4487 518 4570 plura
539 4484 598 4549 illa
619 4481 923 4569 comprehenderint
944 4482 1114 4549 nescimus.

407 4585 559 4671 Sequitur
585 4585 688 4652 altera
722 4585 836 4669 ecloga
864 4604 905 4651 er
931 4583 1000 4649 Arii
1027 4583 1175 4669 epitome.
1202 4583 1386 4652 inscribitur
1407 4607 1439 4672 p.
1456 4588 1497 4654 88
1520 4587 1682 4674 Ζήνωνος

321 4689 380 4754 καῖ
407 4695 474 4754 τῶν
501 4692 634 4753 λοιπῶν
656 4689 820 4753 Στωικῶν
841 4689 998 4772 δόγματα
1019 4689 1097 4773 περὶ
1123 4693 1183 4752 τοῦ
1205 4689 1333 4774 ἠδικοῦ
1356 4689 1483 4775 μέρους
1505 4695 1567 4774 τῆς
1588 4695 1684 4776 φιλο·

322 4792 457 4878 σοφίας.
485 4792 556 4877 Περὶ
578 4793 610 4856 δὲ
630 4797 688 4856 τῶν
712 4793 824 4878 ἠθικῶν
847 4790 914 4875 ἐίῖγς
936 4793 1095 4876 ποιήσομαι
1117 4793 1166 4856 τὸν
1190 4793 1459 4875 όπομνηματισμόν,
1480 4792 1517 4855 τό
1539 4795 1683 4878 κεφαλαια

322 4949 451 4958 nana——

393 5031 401 5064 ¹
421 5033 488 5086 hanc
507 5037 633 5087 rationem
653 5037 767 5100 sequitur
785 5035 861 5082 etiam
881 5032 1006 5084 Seneca
1024 5035 1097 5104 epist.
1116 5031 1151 5088 89
1170 5041 1200 5088 ιι,
