3756 5736
321 403 384 469 182
588 403 653 458 XVI
689 407 739 456 DE
757 407 860 458 AETII
878 405 1116 457 PLAGITORUM
1136 403 1410 458 COMPOSITIONE

485 575 506 640 8
539 575 603 658 περί
626 574 771 656 δαιμόνων
793 575 841 638 καὶ
864 575 971 657 ἡρώων

485 678 506 741 9
538 677 603 760 περί
627 675 697 760 θλης

464 778 506 844 10
539 778 603 861 περὶ
626 776 705 847 ἰθέας

464 882 503 946 11
538 879 603 962 περὶ
625 877 724 942 αἰτίων

465 983 506 1047 12
538 982 602 1065 περὶ
625 983 769 1064 σωμάτων
856 983 897 1046 16
929 981 994 1065 περὶ
1016 986 1108 1066 τομῆς
1131 986 1275 1066 σωμάτων

464 1084 505 1148 13
539 1083 604 1166 περὶ
626 1083 790 1168 ἐλαχίστων

464 1185 506 1250 14
538 1185 602 1267 περὶ
625 1187 786 1269 σχημάτων

465 1289 506 1352 15
540 1287 605 1370 περὶ
627 1289 793 1370 χρωμάτων

465 1389 503 1454 17
538 1387 603 1472 περὶ
627 1387 730 1470 μίξεως
753 1390 801 1452 καὶ
823 1391 955 1472 κράσεως

466 1491 506 1556 18
538 1490 603 1573 περὶ
626 1495 711 1554 κενοῦ

463 1593 505 1658 19
538 1592 602 1675 περὶ
625 1593 715 1656 τόπου

462 1695 505 1759 20
536 1695 601 1776 περὶ
625 1696 726 1778 χώρας

462 1797 502 1862 21
538 1796 602 1880 περὶ
625 1795 732 1880 χρόνου
818 1797 859 1862 22
891 1797 956 1880 περὶ
979 1796 1079 1867 οὐσίας
1102 1800 1209 1884 χρόνου

463 1899 504 1964 23
538 1898 603 1982 πιρὶ
625 1898 767 1981 κινήσεως

463 2001 506 2064 24
539 2000 603 2083 περὶ
624 1998 763 2080 γενέσεως
785 2001 833 2064 καὶ
854 2001 968 2086 φθοράς

464 2102 506 2166 25
538 2102 603 2184 περὶ
626 2101 751 2185 ἀνάγκης
837 2102 880 2167 26
912 2103 976 2187 περὶ
998 2103 1098 2174 οὐσίας
1120 2107 1247 2190 ἀνάγκης

463 2203 502 2268 27
537 2203 602 2286 περὶ
623 2203 800 2286 εἱμαρμένης
887 2204 929 2268 28
961 2207 1026 2288 περὶ
1049 2206 1149 2277 οὐσίας
1170 2209 1347 2292 εἱμαρμένης

463 2306 505 2371 29
538 2305 602 2388 περὶ
624 2303 716 2388 τάχης

463 2410 506 2474 30
537 2405 602 2488 περὶ
624 2405 739 2489 φύσεως

6 2485 403 2594 ΜἛ.
421 2527 467 2594 de
487 2524 624 2590 mundo

431 2627 600 2694 111-10
631 2627 696 2712 περὶ
718 2626 853 2708 κόσμουι

463 2729 598 2795 11-12
632 2729 697 2813 περὶ
720 2729 843 2813 οὐρανοῦ

463 2832 597 2897 13-13
630 2833 694 2914 περὶ
717 2831 846 2916 ἀστέρων

463 2933 600 2998 20-24
632 2933 696 3017 περὶ
719 2933 803 3017 ἡλίου

464 3035 599 3100 25-31
634 3037 698 3119 περὶ
721 3038 844 3120 σελήνης

334 3153 383 3218 111
425 3153 471 3219 de
494 3151 721 3219 sublimibus

413 3255 463 3320 III
488 3257 504 3320 1
539 3256 603 3340 περὶ
625 3255 759 3339 γαλαξίου

484 3359 504 3422 2
537 3357 602 3442 περὶ
624 3362 761 3443 κομητῶν
782 3361 844 3422 κτλ.

483 3461 502 3526 3
536 3461 600 3545 περὶ
623 3462 749 3545 βροντῶν
772 3466 833 3525 κτλ.

481 3564 503 3628 4
536 3563 599 3646 περὶ
622 3565 718 3647 νεφῶν
740 3567 802 3628 κτλ.

482 3665 502 3728 5
536 3665 600 3748 περὶ
623 3662 712 3747 ἴριδος

482 3765 501 3830 7
535 3766 600 3850 περὶ
622 3765 738 3848 ἀνέμων

482 3867 503 3932 8
535 3869 599 3953 περὶ
622 3872 767 3953 χειμῶνος
790 3871 838 3934 καὶ
861 3871 966 3957 θέρους

329 3985 375 4050 IV
418 3986 464 4052 de
485 3985 736 4054 terrestribus

412 4088 596 4154 1119—15
629 4091 695 4176 περὶ
716 4094 770 4174 γῆς

453 4191 586 4256 16-17
621 4193 685 4276 περὶ
711 4191 862 4278 θαλάσσης

409 4291 454 4356 lv
476 4293 572 4378 Ῑατρὶ
595 4293 701 4358 Νείλου
731 4295 899 4379 ἀναβάσεως

343 4409 372 4474 V
416 4409 461 4474 de
484 4409 616 4476 anima

408 4511 455 4576 IV
477 4513 580 4578 2-7
615 4516 681 4600 περὶ
702 4517 800 4602 ψυχῆς

413 4676 417 4683 .
477 4615 584 4682 8-10
615 4619 680 4703 περὶ
701 4617 868 4703 αἰσθήσεων
891 4622 940 4686 καὶ
959 4621 1110 4706 αἰσθητῶν

458 4718 584 4784 13-15
617 4721 682 4804 περὶ
706 4715 844 4804 ὁράσεως’
857 4725 919 4786 κτλ.

387 4891 394 4921 ¹
413 4891 463 4942 hue
481 4895 592 4957 pertinet
610 4895 623 4945 1
642 4891 658 4947 5
680 4893 701 4946 τί
724 4893 751 4946 1ν
769 4895 798 4947 τὸ
816 4899 878 4960 τᾶν,
903 4899 972 4961 quod
992 4908 1069 4965 σορυτ
1086 4905 1192 4952 vetustis
1210 4905 1360 4969 plerumque
1378 4909 1479 4972 placid·
1497 4917 1607 4976 οιοορία
1624 4908 1639 4974 ξ
1657 4907 1673 4960 3

314 4983 423 5045 constat,
442 4980 488 5030 ned
506 4982 573 5031 inter
590 4983 604 5032 1
621 4982 639 5033 4
657 4991 683 5036 et
701 4983 716 5036 6
734 4991 839 5052 proptor
857 5001 931 5038 ταυτα
950 4989 1085 5039 eonsilium
1104 4990 1242 5042 οοΙΙοσοτίτ
1259 4994 1360 5046 Λυσίαν.
