3648 5736
363 395 428 458 570
633 397 827 450 HIPPOLYTI
847 399 1209 450 PHILOSOPHUMENON
1232 399 1263 452 19
1276 409 1341 450 εκκε
1359 397 1462 452 θοι-ε

413 565 494 649 εἴπερ
518 566 616 648 μέλλει
638 567 778 650 κάθαρσις
799 570 858 628 τῶν
881 571 980 632 κακῶν
1002 567 1147 649 γίνεσθαι·
1171 569 1219 632 καὶ
1242 569 1288 632 ίνα
1311 568 1401 651 μηδὲν
1424 569 1628 652 ἁμαρτάνωσιν
1649 572 1674 633 ο1

414 670 510 734 λοιποὶ
534 669 686 739 ἀκούοντες
709 669 870 752 ἀνθρωττοι,
893 669 969 734 ἀλλά
989 672 1194 754 φυλάσσονται
1215 673 1267 755 τὴν
1290 671 1426 752 τοιαύτην
1448 673 1568 755 πλάνην.

365 778 399 831 23
468 777 559 836 κακοῦ
587 772 620 834 δὲ
646 771 730 856 φύσιν
759 769 826 834 οὔτε
852 771 909 834 ὑπὸ
938 773 1009 836 θεοῦ
1036 773 1171 854 γενέσθαι
1204 771 1271 838 οὔτε
1297 771 1366 838 καθ’
1399 773 1491 857 αὑτήν
1521 773 1675 840 ὑπόστασιν

415 873 509 959 ἔχειν,
535 874 610 938 ἀλλά
639 873 701 938 κατ’
730 873 894 938 ἐναντίωσιν
924 875 972 938 καὶ
1001 876 1257 959 παρακολούθησιν
1279 882 1331 942 τοῦ
1353 876 1468 960 ἀγαθοῦ
1495 877 1632 958 γενέσθαι
1659 879 1676 960 ᾖ

416 975 484 1040 καθ’
513 977 675 1062 ὑπερβολὴν
698 977 716 1060 ἢ
741 978 814 1040 κατὰ
838 977 967 1058 μείωσιν,
991 981 1031 1046 ὡς
1054 982 1118 1062 περὶ
1141 983 1199 1040 τῶν
1222 979 1334 1063 ἀρετῶν
1356 979 1543 1064 προείπομεν.
1587 982 1604 1044 ὁ
1628 980 1703 1061 μὲνι

415 1078 465 1143 οὖν
489 1079 651 1154 Πλάτων,
673 1079 774 1149 καθὼς
796 1081 981 1163 προείπομεν,
1005 1085 1172 1164 συναγαγὼν
1194 1081 1231 1145 τά
1252 1081 1319 1166 τρία
1340 1083 1415 1167 μέρη
1429 1086 1483 1166 τῆς
1498 1083 1573 1145 κατὰ
1588 1085 1678 1145 πάντα

416 1181 600 1266 φιλοσοφίας,
622 1182 715 1251 οὑτως
737 1182 959 1266 ἐφιλοσόφησεν.

502 1287 544 1350 20
585 1281 832 1367 Ἀριστοτέλης
860 1285 962 1348 τούτου
989 1285 1140 1367 γενόμενος
1169 1288 1314 1370 ἀκροατής
1336 1287 1377 1355 εἰς
1400 1287 1505 1371 τέχνην
1527 1287 1581 1370 τήν
1604 1289 1679 1370 φιλο

414 1389 517 1470 σοφίαν
540 1386 644 1471 ἤγαγεν
667 1389 714 1452 καὶ
737 1391 926 1470 λογικώτερος
950 1386 1062 1469 ἐγένετο
1085 1389 1121 1451 τά
1144 1389 1196 1468 μὲν
1227 1393 1358 1474 στοιχεῖα
1383 1393 1441 1452 τῶν
1464 1389 1580 1452 πάντων
1610 1391 1675 1453 ὑπο-

416 1489 538 1570 θέμενος
560 1489 659 1554 οὐσίαν
683 1490 731 1554 καὶ
747 1489 943 1574 συμβεβηκός·
968 1490 1020 1572 τὴν
1036 1491 1088 1572 μέν
1108 1491 1208 1554 οὐσίαν
1225 1491 1292 1573 μίαν
1307 1491 1359 1574 τήν
1374 1494 1461 1554 πᾶσιν
1478 1492 1679 1575 ὑποκειμένην,
1695 1511 1714 1548 ιν

417 1590 452 1654 τὰ
474 1592 507 1654 δὲ
529 1593 733 1678 συμβεβηκότα
748 1591 843 1656 ἐννέα·
878 1594 969 1656 ποσὸν
1002 1595 1083 1658 ποιόν
1117 1594 1188 1678 πρός
1217 1617 1243 1656 τι
1277 1599 1333 1658 πού
1366 1594 1437 1658 πότε
1464 1593 1543 1680 ἔχειν
1567 1595 1680 1658 κεῖσθαι

385 1699 401 1753 2
420 1699 512 1758 ποιεῖν
535 1697 672 1779 πάσχειν·
846 1697 899 1779 τὴν
922 1696 974 1777 μὲν
997 1694 1047 1760 ούν
1070 1697 1170 1761 οὐσίαν
1192 1698 1327 1780 τοιαύτην
1350 1695 1432 1773 εἶναι,
1455 1697 1516 1760 οἷον
1539 1698 1611 1762 θεδν
1636 1697 1679 1761 ἀν

418 1797 536 1880 θρωπον
551 1798 599 1860 καὶ
616 1798 737 1861 ἕκαστον
752 1803 810 1860 τῶν
831 1798 876 1882 τιγῖ
898 1798 992 1882 ὁμοίη)
1007 1798 1086 1882 λόγῳ
1109 1798 1264 1864 ὑποπεσεῖν
1285 1798 1461 1881 δυναμένων.
1504 1801 1570 1885 περὶ
1593 1801 1627 1862 δὲ
1648 1799 1681 1862 τά
1782 1853 1783 1856 ,

416 1900 620 1986 συμβεβηκότα
640 1901 793 1984 θεωρεῖται
808 1901 841 1962 τό
868 1901 920 1982 μὲν
940 1901 1033 1978 ποιόν,
1055 1901 1116 1964 οἷον
1130 1903 1233 1966 λευκὸν
1256 1903 1360 1986 με’λαν·
1383 1903 1416 1967 τὸ
1439 1904 1472 1968 δέ
1494 1903 1598 1980 ποσόν,
1620 1903 1677 1966 οἷον

419 2002 529 2085 δίπηχυ
551 2002 693 2087 τρίπηχυ·
716 2003 749 2064 τδ
764 2003 797 2066 δὲ
812 2001 883 2085 πρός
897 2027 935 2078 τι,
958 2003 1018 2066 οἷον
1033 2005 1130 2087 πατὴρ
1152 2005 1225 2075 υἱός·
1249 2006 1283 2069 τό
1307 2007 1340 2070 δὲ
1365 2009 1433 2082 ποῦ,
1456 2005 1516 2069 οῖον
1539 2003 1678 2090 Ἀθήνησι
1695 2023 1713 2059 1⁵
1782 2021 1783 2092 γ

420 2101 565 2187 Μεγαροῖ·
588 2105 621 2168 τδ
644 2104 677 2166 δὲ
699 2104 780 2181 πότε,
803 2105 863 2168 οῖον
887 2105 934 2168 ἐπὶ
954 2111 1006 2189 τῆς
1029 2108 1151 2190 δεκάτης
1174 2107 1365 2190 ὀλυμπιάδος·
1396 2109 1430 2172 τδ
1453 2108 1486 2171 δέ
1507 2106 1601 2193 ἔχειν,
1623 2107 1679 2171 οῖον
1782 2103 1783 2198 J

418 2207 593 2290 κεκτῆσθαι·
617 2209 649 2270 τὸ
673 2208 705 2270 δὲ
727 2213 830 2284 ποιεῖν,
852 2209 914 2272 οῖον
935 2211 1053 2293 γράφειν
1076 2210 1124 2274 καὶ
1148 2210 1224 2280 όλως
1245 2211 1369 2294 ἐνεργεῖν
1390 2230 1431 2274 τι·
1453 2212 1487 2274 τδ
1506 2212 1539 2274 δὲ
1554 2209 1680 2284 κεῖσθαι,

385 2307 480 2370 3οίον
509 2309 711 2374 κατακεῖσθαι·
743 2312 776 2374 τὸ
806 2311 839 2376 δὲ
868 2312 1008 2396 πάσχειν,
1038 2311 1098 2374 οῖον
1121 2312 1290 2377 τύπτεσθαι.
1442 2312 1613 2378 ὑποτίθεται
1635 2311 1679 2376 καὶ
1782 2335 1783 2372 f

419 2411 506 2480 αὑτδς
529 2410 566 2474 τὰ
588 2413 640 2494 μὲν
664 2413 810 2496 μεσότητα
832 2411 921 2498 ἔχειν,
943 2415 980 2478 τὰ
1002 2415 1035 2478 δέ
1056 2413 1152 2497 ἀμεσα
1174 2414 1257 2494 εἶναι,
1280 2417 1320 2485 ὡς
1342 2413 1460 2497 εἴπομεν
1483 2417 1531 2479 καὶ
1550 2416 1679 2501 περὶτοῦ

419 2511 633 2585 Πλάτωνος·
659 2518 707 2580 καὶ
730 2517 836 2602 σχεδὸν
861 2517 898 2580 τὰ
925 2519 1046 2582 πλεῖστα
1073 2522 1115 2602 τῷ
1148 2518 1308 2583 Πλάτωνι
1338 2519 1494 2603 σύμφωνός
1518 2519 1583 2582 ἐστι
1609 2517 1714 2600 πλήνει

385 2619 470 2678 4τοϋ
501 2617 565 2700 περὶ
592 2624 689 2704 ψυχῆς
719 2619 871 2702 δόγματος.
1028 2622 1044 2684 ό
1072 2620 1124 2702 μέν
1150 2621 1205 2705 γὰρ
1234 2621 1379 2685 Πλάτων
1409 2621 1571 2699 ἀθάνατον,
1604 2623 1620 2685 ό
1650 2619 1679 2682 δὲ
1782 2661 1783 2664 =

415 2715 660 2804 Ἀριστοτέλης
689 2721 882 2803 ἐπιδιαμένειν
909 2722 957 2784 καὶ
985 2722 1056 2802 μετά
1080 2728 1171 2788 ταῦτα
1193 2724 1241 2788 καὶ
1263 2725 1370 2808 ταύτην
1393 2723 1620 2809 έναφανίζεσθαι
1641 2721 1680 2806 τιγῖ

419 2820 542 2906 πέμπτῳ
572 2827 700 2906 σώματι,
730 2825 746 2887 θ
774 2824 941 2888 ὑποτίθεται
968 2823 1039 2888 εἶναι
1068 2827 1140 2906 μετά
1166 2833 1225 2890 τῶν
1253 2826 1350 2891 ἄλλων
1380 2827 1543 2912 τεσσάρων,
1571 2832 1625 2892 τοῦ
1652 2847 1681 2888 τε

416 2926 576 3006 πυρόςκαὶ
599 2932 651 3011 τῆς
673 2931 726 3010 γῆς
748 2926 796 2990 καὶ
819 2930 870 2990 τού
894 2927 995 2995 ύδατος
1018 2927 1140 2992 καὶτοῦ
1164 2928 1248 3012 ἀέρος
1270 2929 1452 3013 λεπτότερον,
1475 2929 1536 2994 οῖον
1559 2933 1679 3011 πνεὺμσ.

385 3035 401 3087 5
463 3029 479 3090 ό
506 3028 558 3110 μὲν
587 3027 636 3093 οὑν
660 3029 808 3095 Πλάτων
832 3029 907 3111 μόνα
929 3029 1028 3111 ἀγαθὰ
1050 3029 1141 3100 ὄντως
1162 3030 1200 3094 τὰ
1220 3032 1285 3115 περὶ
1308 3033 1406 3118 ψυχήν
1428 3031 1504 3096 εἶναί
1523 3055 1615 3118 φησιν
1635 3031 1713 3094 καῖε

418 3131 515 3213 ἀρκεῖν
539 3133 610 3214 πρὸς
632 3133 685 3215 τὴν
707 3131 902 3214 εὐδαιμονίαν.
947 3133 963 3195 ό
986 3132 1019 3194 δὲ
1037 3130 1284 3218 Ἀριστοτέλης
1305 3135 1460 3219 τριγένειαν
1482 3139 1541 3198 τῶν
1563 3135 1681 3219 ἀγαθόν
1782 3125 1783 3130 ’

417 3232 525 3316 εἰσάγει
549 3235 598 3298 καλ
620 3235 696 3316 λέγει
720 3236 760 3318 μή
784 3233 986 3298 εἶναιτέλειον
1009 3235 1186 3320 τδνσοφύν,
1212 3235 1262 3300 έάν
1291 3237 1332 3320 μὴ
1359 3237 1440 3322 παρή
1468 3239 1550 3323 αὐτῷ
1579 3235 1682 3302 καὶτὰ

419 3341 470 3400 τοῦ
499 3340 634 3419 σώματος
662 3337 760 3421 ἀγαθά
787 3337 835 3402 καὶ
863 3337 900 3400 τὰ
926 3335 1023 3414 ἐκτός,
1052 3339 1073 3402 ἀ
1099 3339 1160 3403 έστι
1190 3341 1296 3408 κάλλος
1319 3340 1403 3426 ἰσχὺς
1434 3340 1613 3425 εὐαισθησία
1638 3341 1681 3424 ἀρ-
1782 3323 1783 3358 ³

418 3440 528 3523 πιότης·
563 3439 599 3503 τὰ
626 3441 659 3504 δὲ
684 3441 766 3510 ἐκτὸς
795 3442 918 3510 πλοῦτος
946 3439 1075 3522 εὐγένεια
1098 3441 1167 3510 δόξα
1189 3441 1308 3524 δύναμις
1329 3443 1431 3528 εἰρήνη
1452 3445 1544 3528 φιλία.
1591 3444 1628 3508 τά
1652 3441 1681 3505 δὲ

418 3541 497 3612 ἑντδς
524 3544 594 3628 περὶ
616 3546 730 3628 ψυχήν,
756 3543 857 3612 καθὼς
879 3545 927 3606 καὶ
951 3543 1115 3608 Πλάτωνι
1137 3543 1232 3622 έδοέε,
1260 3546 1399 3630 φρόνησιν
1428 3546 1621 3630 σωφροσύνην
1647 3547 1680 3608 δι-
1694 3559 1714 3598 ³⁰

386 3646 574 3729 6καιοσύνην
602 3646 746 3730 ἀνδρείαν.
907 3646 944 3709 τά
973 3647 1005 3709 δὲ
1033 3647 1110 3710 κακά
1139 3669 1212 3731 φησι
1242 3649 1290 3712 καὶ
1317 3648 1401 3717 ούτος
1428 3646 1492 3710 κατ’
1520 3647 1682 3712 ἐναντίωσιν

418 3753 476 3812 τῶν
512 3749 632 3830 ἀγαθῶν
663 3748 798 3828 γενέσθαι
829 3750 877 3812 καὶ
907 3748 980 3812 εἶναι
1011 3749 1068 3812 ύπδ
1098 3748 1146 3812 τδν
1179 3750 1244 3832 περὶ
1274 3753 1398 3834 σελήνην
1424 3750 1529 3826 τόπον,
1558 3749 1682 3835 ὑπὲρδὲ

420 3853 543 3934 σελήνην
568 3848 680 3931 μηκέτι.
727 3851 778 3934 τήν
808 3853 840 3916 δέ
863 3852 961 3936 ψυχήν
983 3853 1036 3936 τήν
1059 3851 1111 3933 μέν
1135 3851 1204 3916 ὅλου
1226 3857 1277 3916 τοῦ
1300 3853 1412 3936 κόσμου
1434 3854 1581 3917 ἀθάνατον
1606 3853 1682 3925 εἶναι,

421 3954 469 4015 καὶ
490 3953 578 4015 αὐτὸν
602 3953 651 4014 τδν
674 3953 783 4035 κόσμον
806 3953 913 4032 ἀίδιον,
935 3955 987 4039 τήν
1010 3956 1043 4018 δὲ
1066 3953 1134 4016 καθ’
1164 3955 1300 4034 ἕκαστον,
1329 3960 1370 4026 ὡς
1397 3955 1589 4039 προείπομεν,
1617 3957 1682 4038 ἀφα·

367 4117 568 4126 .-.-—-——---—.
1082 4121 1280 4129 --„—„-

369 4212 384 4265 2
409 4209 472 4281 μηδέ
492 4212 563 4262 Ιίὺτίι
587 4227 653 4261 corr.
672 4213 855 4276 Gottingenses
877 4207 889 4276 β
910 4210 927 4263 θ
946 4213 1028 4262 κακοῦ
1081 4213 1183 4280 Βυερετ
1215 4214 1227 4281 ΙΙ
1259 4215 1290 4267 17
1317 4212 1346 4264 τδ
1370 4211 1396 4266 δὲ
1426 4203 1722 4264 κεῖσθαι-κατακεῖσθαι

367 4297 396 4349 δέ
415 4293 486 4364 φύσιν
500 4301 591 4364 ιυιΙροι
610 4296 691 4350 κακόν
709 4297 736 4350 δέ
749 4299 857 4366 φησινΒ
879 4296 891 4362 M
911 4298 928 4349 4
948 4315 1026 4365 παρα·
1081 4303 1262 4354 collocandum
1290 4309 1346 4353 ετεέ
1369 4311 1428 4366 ροσε
1451 4296 1592 4368 κεκτῆσθαι
1618 4319 1631 4351 ν
1657 4296 1721 4348 1711

367 4381 1026 4455 zomomowbnfcfflosossmTmmm-supas(-
1080 4387 1155 4438 Cedr.
1188 4391 1253 4440 ordo
1284 4398 1324 4440 εει
1350 4387 1599 4456 ποιεῖν-πάσχειν,
1631 4385 1720 4455 ἔχειν·-

368 4491 447 4541 πομιν
462 4471 692 4541 οὑκΒΙΙόκατά
706 4473 786 4525 πάντα
802 4475 852 4524 del.
865 4475 966 4525 Usener
982 4469 1028 4540 ζίθ
1079 4470 1176 4526 κεῖσθαι
1210 4473 1223 4542 ΙΙ
1257 4474 1290 4528 '21
1324 4473 1408 4544 ψυχῆς
1445 4475 1517 4524 Cedr.
1550 4485 1577 4525 ετ
1615 4477 1720 4534 uon-ge:

368 4565 448 4614 libere
466 4579 521 4614 οπο.
539 4580 560 4613 ο.
574 4561 607 4614 10
625 4563 701 4614 Οεάτ.
723 4560 736 4628 ΙΙ
759 4562 790 4614 10
812 4561 855 4614 καὶ
870 4571 930 4612 ante
946 4557 1029 4612 οὐσίαν
1081 4561 1166 4630 ψυχήν
1205 4563 1263 4614 libri
1309 4560 1322 4630 ΙΙ
1361 4562 1394 4614 22
1437 4565 1517 4612 ταῦτα
1553 4559 1633 4631 αὑτήν
1665 4572 1720 4610 τινα·

368 4653 414 4703 sed
427 4651 539 4702 deletum
552 4651 575 4702 B
589 4646 602 4716 Η
617 4649 727 4718 οίοντὴν
740 4647 824 4701 υύσίαν
837 4646 921 4700 καὶτὸ
940 4645 1029 4715 συμβε-
1082 4645 1226 4718 φανίζεσθαι
1244 4652 1321 4702 Cedr.
1335 4648 1349 4718 Ιγ
1365 4647 1399 4702 23
1417 4647 1431 4701 δ
1449 4650 1508 4701 ΒΟε
1527 4645 1548 4718 ᾦ
1568 4652 1591 4701 L
1609 4646 1623 4717 ΙΙ
1642 4645 1672 4700 θὺ
1686 4641 1720 4710 μθ

370 4735 449 4806 βηκός
468 4738 545 4789 Cedr.
560 4734 573 4805 Η
592 4737 622 4790 10
641 4737 700 4804 μίαν
719 4743 770 4794 τοῖς
783 4740 856 4788 πᾶσιν
871 4737 947 4788 Οειίτ.
963 4733 975 4803 ΙΙ
1000 4733 1031 4788 12
1083 4733 1114 4787 αὑ
1127 4738 1230 4803 Roeper
1250 4735 1263 4805 [1
1283 4735 1317 4790 θθ
1336 4736 1466 4806 ἐρρωμένη
1486 4735 1566 4806 φίλων
1585 4739 1653 4789 libri=
1670 4745 1719 4784 ωπ-

369 4820 503 4892 όνθρωπον
522 4823 565 4876 καὶ
584 4824 658 4893 ζῷον,
676 4825 732 4892 περὶ
751 4825 767 4876 ἀ
785 4825 829 4876 καὶ
847 4823 878 4876 τὰ
891 4837 912 4874 σ.
928 4825 1003 4874 Οεάτ.
1016 4821 1030 4890 ΙΙ
1081 4825 1185 4890 Roepor
1203 4842 1236 4878 εκ
1258 4829 1324 4878 Ario
1342 4827 1457 4890 Didymo
1475 4841 1517 4891 ερ.
1536 4826 1610 4878 Stob.
1628 4818 1719 4874 ecl.1[⁶

372 4913 404 4964 15
430 4909 547 4980 Ἀθήνησι
574 4905 700 4979 Μεγάροις
723 4915 810 4964 Cadra
840 4912 960 4980 άθήνησιν
989 4929 1030 4977 με·
1082 4931 1105 4978 ρ.
1120 4912 1211 4966 27411.
1242 4912 1254 4980 ΙΙ
1284 4912 1319 4966 33
1345 4915 1390 4964 τοῦ
1413 4912 1459 4979 μὲν
1487 4909 1548 4964 όλοιι
1576 4915 1643 4965 libri:
1668 4919 1718 4958 οοπ.

369 4999 477 5067 γάμοισιν
505 5001 539 5052 Oa
570 5001 717 5068 μεγάροισιν.
746 4997 867 5069 ἀθήνησιν
894 5002 930 5052 B:
964 5015 1030 5050 corr.
1080 5003 1191 5066 Βοερετ.
1211 4998 1296 5070 ψυχὴν
1315 4997 1374 5052 ὅλου
1392 5003 1437 5051 τοῦ
1456 4999 1553 5069 κόσμου
1572 5003 1644 5054 Codr.
