3710 5730
676 439 950 492 roonueounus
1460 437 1500 501 13

137 605 338 672 librariorum
362 605 520 689 singulari
543 614 674 692 stupore
698 609 836 674 alterum
857 606 1120 692 impedimentum
1137 609 1244 676 obstat
1265 607 1366 691 ipsius
1381 606 1498 673 (taleni

137 706 268 774 lieentia
296 715 330 775 et
362 709 491 774 inanitio
512 708 658 775 inlatum.
702 729 763 776 neo
789 709 935 776 enimse
963 729 999 775 se
1021 709 1219 792 eontinebat,
1248 716 1283 774 ut
1308 710 1499 793 plaoitorurn

139 807 290 874 brevitati
322 811 431 894 νομίζει
459 813 512 878 tel
539 812 629 877 otetur
662 812 812 896 adderet,
842 819 899 878 aut
928 810 1064 878 Thalem
1091 813 1124 877 in
1151 811 1263 878 Ioniae
1289 811 1500 895 philosophos

138 919 281 978 uerteret
303 920 361 978 aut
383 915 524 999 ἀρχαίους
547 916 659 981 mallet
680 915 886 998 παλαιοτέρους
908 913 1075 978 nominare
1094 921 1151 978 aut
1164 913 1298 979 verbum
1313 915 1498 998 πυθαγορίζει

138 1011 175 1099 [e.
192 1011 247 1100 49]
269 1013 418 1098 pluribus
438 1016 606 1082 vocabulis
629 1015 817 1100 explicaret,
844 1014 902 1080 sed
925 1015 1091 1098 exemplar
1113 1015 1262 1081 liberiore
1284 1034 1411 1098 quoque
1432 1014 1498 1079 imi-

135 1117 261 1183 tatione
283 1116 373 1200 sequi
397 1125 430 1183 et
452 1119 545 1200 quasi
568 1119 716 1184 oonsoius
737 1115 814 1182 furti
836 1115 951 1182 leviter
970 1116 1169 1182 immutando
1190 1117 1298 1183 aliena
1314 1119 1420 1183 celare
1435 1125 1498 1182 stu·

137 1217 246 1284 debat.
273 1227 324 1285 est
339 1219 393 1284 ubi
411 1221 606 1286 sententiam
630 1229 717 1287 reete
738 1219 936 1285 intellexerit
957 1226 992 1284 ut
1008 1237 1035 1284 e.
1050 1219 1092 1284 48
1107 1219 1304 1285 Aristotelis:
1325 1221 1350 1283 εί
1365 1221 1497 1306 τρέφεται

137 1320 153 1380 b
177 1320 288 1402 κόσμος
311 1323 357 1385 καὶ
374 1322 568 1408 φθαρήσεται,
591 1325 666 1388 ἀλλὰ
689 1324 746 1407 μὴν
769 1322 906 1404 οὐδεμιᾶς
930 1345 1005 1392 τινος
1027 1323 1165 1385 ἐπιδεῖται
1186 1328 1309 1407 τροφῆς,
1340 1324 1386 1386 διὰ
1412 1327 1497 1386 τοῦτο

137 1422 183 1484 καὶ
208 1421 310 1492 ἀίδιος·
354 1423 400 1490 ita
423 1423 629 1507 Plutarchus,
660 1445 753 1506 quem
781 1424 827 1490 sie
850 1423 1000 1508 exprimit
1026 1425 1052 1488 εί
1073 1424 1206 1509 τρέφεται
1229 1425 1433 1509 φθαρήσεσθαι
1457 1449 1497 1487 νε-

137 1523 265 1606 νόμικεν,
288 1525 438 1611 υδδίτερον
461 1529 494 1590 δὲ
508 1528 617 1590 τούτων
640 1532 682 1611 τῷ
699 1528 803 1613 κδσμιρ
818 1527 1009 1612 συμβέβηκεν.
1042 1527 1142 1591 multo
1158 1525 1288 1609 saepius
1303 1527 1497 1592 eontrarium

135 1625 268 1710 oceidit,
302 1633 338 1692 ut
364 1630 543 1695 sententias
570 1647 668 1694 sanas
694 1637 750 1693 aut
776 1649 841 1694 non
869 1635 1120 1712 nonaequeretm·
1146 1635 1201 1692 aut
1228 1627 1327 1692 illotis
1348 1629 1497 1696 manibus

135 1735 320 1795 temeraret.
364 1730 441 1796 illue
468 1731 609 1814 pertinet
631 1731 716 1812 quod
738 1733 820 1796 (121
845 1729 1041 1796 Plutarohea
1061 1728 1142 1795 haee
1163 1734 1216 1812 τῆς
1237 1731 1270 1792 δὲ
1290 1736 1344 1814 γῆς
1360 1775 1368 1790 .
1385 1779 1393 1795 .
1410 1780 1418 1796 .
1435 1733 1497 1796 ἐστί

135 1853 197 1894 τινα
220 1833 347 1916 πρότερα
370 1832 400 1902 ἐξ
423 1834 464 1896 ὧν
486 1835 608 1916 γέγονεν·
633 1836 651 1917 i,
677 1835 730 1917 uta,
753 1833 884 1918 ἄμορφος
906 1831 979 1896 οὖσα
1001 1833 1049 1896 καὶ
1072 1833 1171 1915 ἀειδὴς
1193 1833 1290 1896 καὶτὸ
1312 1833 1387 1903 είδος
1409 1835 1424 1898 δ
1448 1859 1496 1898 κα-

135 1936 242 2015 λοῦμεν
266 1936 447 2020 ἐντελέχειαν
474 1936 531 2000 tali
557 1935 654 2002 modo
677 1935 829 2002 reddidit:
855 1939 914 1998 τῶν
942 1935 975 1997 δὲ
1001 1935 1153 2019 στοιχείων
1179 1936 1319 2020 προτέραν
1345 1937 1419 2000 εἶναί
1444 1937 1490 2000 τιν’

135 2036 218 2119 ἀειδῆ
243 2039 292 2100 καὶ
314 2037 446 2122 δίμορφον
470 2037 569 2102 οὐσίαν
592 2039 628 2122 ἣν
651 2040 677 2102 οἱ
701 2039 753 2120 μὲν
774 2037 876 2100 ἄποιον
900 2038 981 2120 ὅλην,
1003 2039 1029 2100 oi
1051 2039 1084 2100 δὲ
1098 2037 1277 2123 ἐντελέχειαν
1293 2041 1340 2103 καὶ
1364 2041 1495 2124 στέρησιν

136 2138 335 2220 ὀνομάζουσιν.
369 2139 520 2206 licentiae
541 2141 691 2224 exempla
713 2140 795 2206 haee
814 2139 933 2205 habeto
949 2139 1033 2203 Plut.
1050 2139 1098 2204 Ill
1115 2141 1152 2203 11
1173 2147 1190 2200 3
1211 2145 1262 2204 τοῦ
1279 2143 1384 2211 παντὸς
1399 2143 1495 2205 ἑστίαν

135 2239 300 2305 inversum
320 2241 354 2305 in
376 2241 484 2320 αἰτίαν,
514 2243 614 2308 1121
644 2245 670 2305 οἱ
693 2245 726 2307 δὲ
748 2241 856 2328 ᾠοειδῆ
884 2241 918 2306 iu
940 2241 1022 2305 ἄλλοι
1045 2245 1213 2327 κυκλοειδῆ,
1235 2241 1366 2324 gravius
1388 2243 1492 2307 1181

136 2343 161 2404 οἱ
185 2343 245 2405 rioth
260 2341 366 2408 Θαλεω
389 2347 504 2429 φυσικοὶ
528 2393 536 2409 .
560 2393 568 2410 .
593 2393 600 2410 .
624 2347 657 2410 τὸ
681 2347 763 2410 κενὸν
786 2345 966 2427 ἀπέγνωσαν,
990 2343 1076 2426 quod
1099 2343 1186 2409 haud
1209 2345 1275 2410 seio
1298 2365 1342 2411 au
1357 2345 1494 2411 Boethio

135 2441 277 2528 labendi.
305 2445 388 2512 Phil.
412 2446 469 2512 llb
493 2445 522 2533 l]
549 2447 785 2531 gratifioaturus
817 2446 850 2510 in
876 2443 1071 2511 eontrarium
1099 2447 1197 2512 vertit
1223 2447 1326 2515 'Phole
1352 2449 1494 2516 sublato:

135 2547 161 2608 οἱ
188 2548 247 2610 ἀπὸ
276 2547 449 2632 Πυθαγόρου
475 2553 522 2614 καὶ
550 2553 576 2613 οἱ
603 2553 718 2636 φυσικοί
745 2551 849 2618 πάντες
875 2549 962 2633 μέχρι
987 2548 1140 2619 Πλάτωνος
1165 2550 1195 2613 ἐν
1221 2555 1263 2635 τῷ
1288 2551 1390 2636 κόσμῳ
1413 2556 1494 2617 κενδν

134 2648 205 2712 εἶναι
228 2650 371 2734 λέγουσιν.
393 2659 428 2717 ut
449 2651 502 2718 hio
517 2653 725 2738 Pythagorae
740 2650 894 2718 memoria
908 2650 989 2715 eitra
1005 2650 1170 2715 Plutarobi
1193 2649 1287 2716 fidem
1309 2653 1411 2719 inlata
1434 2665 1493 2738 est,

134 2752 181 2816 sio
210 2773 237 2818 o.
258 2753 302 2818 88
332 2753 544 2839 Euthymenis
570 2754 765 2821 Massilienis
797 2773 838 2820 ex
864 2773 890 2818 o.
912 2752 954 2818 89
980 2759 1175 2818 transveetu.
1224 2775 1288 2818 uon
1319 2775 1492 2840 numquam

134 2863 227 2920 vetus
251 2855 447 2938 exemplaris
468 2857 560 2924 labes
586 2877 699 2923 ansam
723 2855 813 2921 dedit
833 2854 1051 2938 interpolandi
1075 2863 1107 2920 et
1130 2855 1323 2920 alucinandi.
1354 2858 1396 2924 de
1419 2861 1493 2926 Par-

133 2956 272 3021 menidis
304 2957 423 3023 mundo
450 2959 654 3026 consentiunt
681 2957 873 3024 Plutarchus
904 2965 936 3023 et
967 2957 1129 3024 Stobaeus
1155 2958 1187 3022 Il
1210 2959 1261 3026 lt
1298 2962 1344 3024 καὶ
1378 2965 1411 3026 τὸ
1445 2989 1492 3028 ιτε-

133 3057 231 3144 ριέχον
254 3060 288 3122 δὲ
309 3063 419 3130 πάσας
440 3062 579 3148 τείχους
602 3061 699 3145 δίκην
720 3063 861 3145 στερεὸν
877 3061 1028 3144 ὑπάρχειν.
1053 3058 1165 3142 accipe
1180 3058 1257 3141 quid
1271 3061 1327 3128 ille
1342 3065 1491 3132 somniet:

131 3163 179 3224 καὶ
202 3163 236 3224 rh
259 3163 395 3248 περιέχον
418 3164 451 3226 δὲ
473 3165 506 3227 τδ
528 3169 593 3228 πᾶν
616 3169 790 3249 στοιχεῖον
819 3163 901 3246 δίκην
930 3165 1072 3248 στεφάνου
1101 3167 1218 3246 στερεοῦ
1245 3161 1329 3229 aium!
1367 3167 1492 3232 miraris

131 3263 376 3348 interpolatoris
397 3264 573 3332 absurdam
596 3265 840 3350 impudentiam.
874 3271 909 3330 at
930 3265 986 3330 ille
1009 3267 1133 3349 legerat
1153 3266 1249 3336 πάσας
1271 3267 1382 3352 στίχου,
1406 3270 1491 3350 quod

131 3366 263 3434 Eusebii
294 3387 422 3451 quoque
454 3368 637 3452 exemplum
668 3373 820 3450 testatur,
850 3387 914 3451 qua
945 3367 1083 3434 lectione
1110 3366 1174 3432 iam
1203 3366 1362 3433 ariolandi
1393 3369 1491 3436 ianua

130 3478 201 3534 erat
224 3469 399 3552 patefaota.
437 3477 579 3536 aeterum
594 3470 648 3536 ubi
664 3477 812 3554 apertum
828 3471 941 3536 vitium
957 3477 1149 3553 oeourrerat,
1172 3489 1237 3534 non
1252 3477 1420 3536 eunetatus
1442 3479 1491 3538 est

131 3589 232 3655 saepe
259 3591 392 3637 numero
419 3573 518 3656 plane
545 3571 694 3638 omittere
717 3579 752 3638 ut
774 3575 1007 3640 oonolarnatum
1030 3572 1110 3636 illud
1131 3571 1187 3642 ἔξω
1214 3575 1338 3654 γεγονὼς
1359 3577 1410 3635 τοῦ
1434 3575 1491 3637 ὑπὸ

129 3678 181 3736 τοῦ
205 3673 278 3737 θεοῦ
301 3674 317 3738 I
341 3677 381 3740 10
400 3687 427 3760 t,
449 3675 591 3757 itemque
612 3675 660 3739 III
685 3675 701 3738 'l
722 3684 738 3736 3
762 3677 850 3739 θείων
873 3683 906 3742 et
927 3675 976 3739 III
1000 3675 1075 3739 163
1098 3675 1280 3758 ἐπιπόλαιον;
1304 3673 1343 3740 ef.
1360 3675 1433 3739 114
1460 3686 1491 3736 tn

130 3777 312 3860 κηραίνεται,
334 3779 375 3844 de
398 3799 460 3861 quo
483 3777 561 3844 dixi.
597 3777 682 3844 enim
705 3797 782 3843 vero
805 3797 881 3843 rara
903 3785 953 3844 est
974 3776 1049 3842 talis
1070 3775 1280 3860 verecundia,
1304 3777 1490 3861 plerumque

131 3887 259 3945 oonstat
282 3879 337 3946 illo
360 3881 468 3946 omnia
490 3881 696 3965 pervertendi
720 3879 870 3965 pruritus.
905 3879 1035 3944 omniuo
1058 3879 1144 3944 eadit
1167 3877 1200 3943 in
1223 3877 1383 3944 Galerium
1405 3881 1490 3964 quod

129 3981 349 4066 Hieronymus
371 4003 422 4068 ep.
438 3983 480 4048 52
507 3983 549 4048 de
579 4001 658 4048 suae
686 3981 803 4048 aetatis
832 3981 945 4047 soribis
972 3981 1190 4064 conqueritur:
1218 3981 1390 4048 soribunt
1412 4005 1488 4049 nou

127 4084 228 4166 qnod
256 4083 461 4151 inveniunt
488 4085 556 4150 sed
582 4085 683 4166 quod
711 4084 951 4166 intellegunt
979 4091 1017 4151 ot
1043 4084 1128 4149 dum
1154 4081 1309 4148 alienos
1331 4104 1489 4151 errores

127 4187 331 4254 emendare
354 4188 530 4253 nituntur
553 4187 772 4252 ostendunt
794 4205 883 4251 suos
905 4183 957 4272 [of.
981 4185 1112 4265 Quintil.
1134 4185 1183 4250 IX
1204 4186 1226 4248 4
1248 4183 1304 4271 39].

213 4291 332 4357 Verum
354 4289 502 4372 quamvis
523 4290 566 4354 sit
584 4307 712 4355 summa
733 4307 815 4370 opus
837 4287 988 4354 cautione
1010 4307 1052 4354 ne
1071 4287 1199 4354 ventosi
1219 4287 1391 4354 nebulonis
1405 4309 1489 4355 oom-

126 4400 237 4457 menta
251 4413 310 4476 pro
326 4393 453 4459 sineere
468 4392 623 4458 memoria
638 4391 870 4476 amplexemur,
886 4391 971 4456 inest
985 4388 1140 4456 tamenin
1153 4388 1278 4454 Galeno
1294 4390 1487 4473 optimarum

125 4494 300 4560 lectionum
323 4512 429 4578 paene
451 4495 592 4560 intactus
614 4494 795 4560 thesaurus.
840 4493 932 4558 mitto
961 4511 1033 4560 eam
1056 4492 1233 4576 seripturae
1255 4493 1488 4575 praestantiam

125 4604 283 4680 repetere,
305 4617 402 4680 quam
424 4617 625 4664 communem
648 4595 715 4661 dixi
734 4595 871 4662 vetustis
887 4595 1043 4679 exemplis
1059 4593 1190 4660 Eusebii
1206 4599 1238 4659 et
1253 4592 1376 4678 Cyrilli.
1410 4595 1487 4678 quid

124 4697 225 4762 roro?
249 4698 321 4782 ipso
333 4699 474 4766 Eusebio
489 4698 698 4765 vetustiorem
714 4697 998 4780 interpolationem
1014 4717 1149 4780 eamque
1165 4695 1387 4780 gravissimam
1400 4697 1487 4760 solus

124 4800 228 4883 aperit
244 4799 399 4867 Galenus.
433 4809 560 4867 onustat
583 4821 603 4866 a
626 4799 858 4884 posterioribus
874 4799 1040 4865 Sooratem
1064 4809 1099 4865 ut
1122 4809 1364 4864 eonsummatos
1387 4797 1486 4880 pbilo-

124 4903 258 4986 sophiae
280 4912 446 4971 auotoreru
477 4925 540 4968 ιιοιι
563 4904 666 4968 solum
695 4902 781 4966 iusto
807 4901 1018 4967 veneratione
1045 4903 1211 4984 nitentum,
1240 4901 1299 4966 sed
1325 4901 1422 4964 etiarn
1453 4900 1485 4964 in

125 5004 273 5072 Platonis
296 5006 464 5072 suffectum
487 5025 559 5071 ease
580 5007 695 5070 loonm.
728 5003 813 5088 hino,
837 5010 871 5068 ut
887 5003 947 5068 hoo
964 5011 1045 5086 utar,
1070 5002 1243 5068 Salvianus
1262 5001 1303 5066 de
1318 5001 1485 5082 gubernat.
