3708 5732
679 424 954 476 Puonsconnuu
1435 419 1497 483 153

140 594 308 660 efficiatur.
355 614 466 659 verum
495 593 623 674 longios
649 591 800 675 progredi
827 592 928 656 multa
955 599 1029 656 sunt
1058 611 1143 674 qnae
1175 611 1234 656 nos
1261 596 1381 656 vetent.
1426 589 1499 671 ipsa

139 696 345 781 Pythagorae
377 694 493 760 ceteris
528 693 688 778 copiosior
722 693 898 777 descriptio
926 715 991 759 non
1018 693 1212 759 Heraclides
1242 698 1302 758 est.
1345 691 1374 756 is
1399 690 1498 756 Meta-

141 798 232 881 ponti
259 817 332 861 eum
359 796 470 861 inedia
493 795 626 880 obiisse,
654 794 851 880 Hippolytus
878 795 1020 861 Crotone
1047 801 1284 861 concrematum
1313 815 1384 859 cum
1407 792 1499 858 disci-

141 899 228 983 pulis
250 897 383 964 rettulit.
418 905 486 963 turn
501 897 648 962 Platonis
663 903 697 962 et
711 897 894 962 Aristotelis
909 898 1063 979 dogmata
1081 896 1123 961 ab
1145 917 1209 961 uno
1232 901 1320 961 certe
1342 894 1499 978 scriptore

141 999 324 1082 composita
348 1000 466 1066 Christi
495 1000 598 1064 natali
624 998 679 1064 rix
706 1005 781 1064 sunt
802 1000 978 1082 superiora.
1022 1018 1097 1064 narn
1125 997 1339 1080 acategon‘is
1360 996 1500 1081 philoso-

141 1101 253 1184 phiam
276 1101 459 1168 Aristotelis
485 1100 660 1167 incohandi
691 1121 760 1166 mos
792 1107 866 1185 post
895 1101 1070 1166 Andronici
1100 1102 1228 1166 demum
1259 1100 1433 1165 editionem
1467 1105 1500 1164 ot

138 1200 343 1286 disciplinam
371 1204 404 1268 in
432 1204 551 1269 scholis
578 1205 724 1270 invaluit.
768 1204 908 1287 denique
936 1203 1176 1287 Apollodoreae
1203 1210 1382 1286 temporum
1410 1207 1499 1267 nota·

138 1306 247 1371 tiones
269 1305 331 1370 nisi
357 1306 389 1370 vi
411 1307 551 1389 quadam
574 1308 616 1372 ad
639 1305 845 1373 Heraclidem
868 1305 980 1372 referri
1001 1326 1067 1370 non
1089 1313 1233 1388 possunt.
1275 1325 1356 1386 quas
1378 1325 1419 1369 cx
1442 1307 1500 1367 δια-

139 1411 240 1493 δοχῶν
263 1408 474 1493 scriptoribus
496 1409 617 1492 primns
639 1407 828 1474 adhibuisse
853 1408 980 1474 videtur
1006 1427 1127 1491 suppar
1148 1407 1287 1474 fortasse
1309 1405 1498 1490 Apollodori

140 1510 323 1576 Sosiorates
350 1508 401 1596 [cf.
430 1511 512 1576 Mus.
536 1510 596 1574 Rh.
620 1511 734 1576 XXXI
756 1507 819 1596 20].
863 1517 972 1576 tamen
998 1529 1206 1592 comparum
1234 1509 1275 1575 de
1302 1509 1364 1574 hoc
1391 1509 1500 1592 explo-

136 1619 246 1678 ratum
273 1611 466 1696 habeamus,
499 1613 691 1679 temeritatis
722 1618 771 1677 est
803 1633 875 1678 eum
907 1613 939 1676 in
973 1632 1104 1677 censum
1132 1632 1259 1677 vocare.
1309 1610 1437 1676 omnino
1465 1615 1500 1674 ut

139 1713 239 1780 facile
261 1721 310 1780 est
334 1713 491 1778 eiusmodi
514 1715 705 1800 scriptiones
727 1717 836 1799 plures
852 1734 1041 1780 enumerare
1056 1721 1091 1779 ut
1106 1713 1325 1798 Hippobotum
1341 1712 1501 1778 Antisthe-

139 1837 218 1882 nem
240 1815 472 1899 Alexandrum,
495 1816 542 1880 ita
564 1818 731 1882 ridiculum
755 1818 787 1882 in
810 1824 902 1882 tanta
924 1818 1121 1883 Graecorum
1143 1816 1237 1882 huius
1253 1815 1380 1898 generis
1402 1813 1500 1880 felici·

138 1925 208 1985 tate
231 1925 354 1984 certum
377 1918 537 2000 quendam
567 1919 697 2000 eligere.
748 1919 808 1985 hoo
839 1921 939 1986 teneri
974 1921 1049 1984 volo
1082 1919 1228 1984 Vitarum
1262 1917 1500 2001 compendium,

138 2022 173 2086 in
205 2039 269 2103 quo
298 2019 438 2104 priorum
469 2020 653 2086 Aristoxeni
677 2022 706 2106 [Ι
728 2024 747 2086 2
773 2023 818 2104 ιν]
842 2022 985 2088 Sotionis
1011 2021 1193 2086 Heraclidis
1216 2019 1403 2104 Apollodori
1427 2017 1499 2084 libri

139 2121 285 2206 excerpti
309 2129 412 2206 erant,
437 2121 575 2204 priorem
598 2121 699 2188 fuisse
721 2123 890 2208 Hippolyti
912 2124 1045 2190 fontem.

225 2225 316 2290 Alter
335 2223 417 2289 liber
438 2231 474 2288 nt
495 2223 562 2289 dixi
585 2223 846 2308 Theophrasti
870 2224 1046 2311 Opiniones
1068 2233 1240 2309 excerptas
1256 2225 1378 2290 habuit.
1414 2225 1500 2290 unde

137 2328 274 2409 eclogae
297 2347 337 2392 ea
358 2326 485 2391 ratione
507 2315 720 2394 concinnatae
743 2333 835 2410 sunt,
865 2333 900 2392 ut
927 2351 984 2413 per
1011 2329 1139 2412 singula
1162 2328 1270 2411 capita
1293 2347 1377 2410 quae
1400 2326 1502 2392 cuius-

138 2448 203 2510 que
226 2427 410 2512 philosophi
434 2429 595 2494 recensita
618 2437 711 2495 erant
733 2429 888 2512 dogmata
910 2431 1050 2499 breviter
1065 2436 1325 2514 excerperentur,
1348 2435 1502 2512 excerpta

139 2551 200 2594 suo
236 2530 348 2595 ordine
381 2529 515 2610 singulis
549 2531 752 2616 philosophis
785 2532 1047 2616 adiungerentur.
1097 2553 1160 2616 qua
1192 2531 1360 2614 diligentia
1393 2529 1427 2594 id
1460 2529 1502 2594 sit

137 2632 272 2714 factum,
295 2630 372 2696 inde
395 2630 584 2716 perspicias,
607 2633 693 2714 quod
709 2634 945 2718 Theophrastei
970 2636 1042 2700 libri
1065 2637 1194 2720 partitio
1217 2635 1305 2700 haud
1328 2631 1501 2700 temeraria

43 2821 47 2830 Ι
137 2733 326 2799 coniectura
348 2733 560 2815 redintegrari
589 2737 702 2820 possit.
747 2756 843 2818 quam
866 2737 911 2802 sio
937 2737 1005 2803 fere
1028 2737 1161 2804 habeto:
1190 2741 1270 2824 ἀρχή
1299 2737 1367 2806 θεός
1393 2736 1501 2818 κόσμος

137 2842 177 2918 γῆ
211 2836 348 2919 balasco
379 2839 505 2918 ποταμοί
538 2837 642 2907 Νεῖλος
674 2839 766 2924 ἄστρα
797 2835 880 2924 ἥλιος
907 2844 1015 2926 σελήνη
1039 2841 1174 2924 γαλαξίας
1206 2839 1366 2924 διᾴττοντες
1397 2838 1501 2920 ἄνεμος

139 2938 226 3007 betis
252 2940 368 3022 χαλαζα
396 2941 471 3022 χιών
499 2941 633 3024 ἀστραπή
659 2940 714 3024 ἶρις
743 2942 860 3022 σεισμός
883 2948 956 3028 ζῷα.
990 2945 1207 3025 gratissimum
1233 2949 1342 3007 autem
1371 2939 1503 3023 originis

137 3039 316 3122 vestigium
337 3039 458 3104 inritus
480 3040 609 3124 reliquit
632 3042 718 3126 quod
741 3063 768 3106 c.
787 3045 861 3112 144
883 3066 949 3110 non
965 3047 1068 3110 solum
1084 3045 1308 3130 Xenophanis,
1332 3042 1502 3108 sedetiam

137 3141 327 3224 contiguam
354 3142 530 3208 Metrodori
565 3144 606 3208 de
635 3145 715 3210 mari
746 3149 895 3233 opionem
924 3149 1096 3214 transtulit.
1141 3149 1212 3232 quis
1238 3145 1520 3231 philosophorum-

136 3245 300 3326 dogmata
323 3263 365 3308 ex
380 3243 593 3328 Opinionihus
614 3253 831 3332 composuerit
853 3257 885 3317 et
907 3252 1048 3335 quando,
1070 3250 1242 3316 nescimus.
1276 3247 1371 3314 simili
1394 3253 1504 3311 tamen

136 3344 225 3410 libro
250 3365 327 3408 usus
349 3351 400 3410 est
414 3345 749 3418 Pseudo-Plutarchus
770 3355 802 3418 in
827 3355 998 3421 Stromatis
1020 3361 1053 3419 et
1073 3353 1223 3418 Laertius
1244 3351 1417 3432 Diogenes.
1440 3368 1503 3431 quo

141 3445 321 3533 pretiosior
341 3447 394 3512 hic
410 3445 604 3532 Opinionum
625 3451 699 3518 fons
721 3462 780 3542 est,
804 3477 842 3522 eo
866 3457 970 3539 magis
991 3477 1032 3521 ne
1054 3453 1241 3520 futtilissimi
1256 3452 1401 3518 Vitarum
1422 3469 1507 3515 com-

136 3548 252 3634 pendii
282 3557 436 3634 excerpta
463 3549 701 3620 confundantur
728 3560 908 3626 cavendum
937 3565 996 3624 est.
1041 3557 1192 3640 quocirca
1218 3555 1383 3638 utriusque
1405 3551 1504 3618 fontis

136 3653 203 3720 hoc
227 3651 402 3718 discrimen
425 3659 532 3720 statuo

274 3754 420 3819 Vitarum
443 3757 667 3842 compendium
821 3771 825 3854 Ι
967 3761 1214 3846 Theophrastea
1236 3766 1388 3844 excerpta

135 4393 163 4436 c.
182 4371 204 4436 6
224 4379 240 4432 7
263 4370 577 4452 οὗτος-ὀλυμπιάδας
852 4392 877 4435 c.
895 4372 915 4433 6
942 4379 1006 4429 1—7
1029 4369 1150 4454 νεφέλας

135 4497 163 4540 c.
184 4475 202 4538 7
224 4483 240 4534 9
851 4473 913 4537 ol
940 4481 1007 4532 1-8

135 4598 165 4642 c.
182 4576 204 4640 8
231 4583 262 4636 13
851 4598 876 4642 e.
894 4576 914 4640 8
939 4583 1022 4636 1-12

850 4700 876 4744 o.
893 4679 913 4742 9

134 4803 163 4848 c.
184 4782 227 4848 10
248 4791 258 4843 1
