3710 5730
340 421 382 484 46
806 425 844 473 IV
880 425 928 473 DE
949 425 1050 474 ΑΕΤΙΙ
1070 423 1235 475 PLACITIS

426 591 440 654 1
456 593 476 655 9
492 601 560 652 1-1
583 591 826 655 aTheodoreto
843 590 885 654 lV
905 601 936 652 13
958 593 1074 656 melius
1096 599 1282 676 excerptum
1306 601 1356 657 cst
1378 612 1473 675 quam
1489 611 1510 658 a
1525 593 1698 659 Plutarcho

340 699 373 758 et
396 693 548 778 Stobaeo,
577 693 692 775 quibus
714 691 850 774 pulchra
877 701 1107 758 succreverunt
1134 695 1369 778 supplementa.
1414 695 1470 776 §2
1492 693 1621 761 brevior
1650 702 1699 758 est

340 795 532 860 Plutarchus
558 799 585 860 οἱ
609 797 667 860 ἀπό
688 795 793 858 Ochae
812 795 859 858 acl
881 794 1054 880 Πυθαγόρου
1076 798 1124 860 καὶ
1149 799 1176 860 οἱ
1197 795 1330 874 Στωικοί,
1354 797 1519 862 ohscurior
1540 795 1699 863 Stobaeus

340 901 366 961 ol
390 901 448 962 ἀπὸ
472 897 576 962 Galam
603 899 650 962 nal
674 897 846 980 Πυθαγόρου
869 898 945 980 λέγω
968 899 1000 960 δὲ
1021 899 1088 968 rob<
1111 899 1197 984 μέχρι
1223 903 1282 960 τῶν
1305 897 1443 962 Στωικῶν
1465 899 1699 984 καταβεβηκότας

340 1001 391 1064 σὺν
408 999 595 1085 Ἡρακλείτῳ.
630 1003 798 1081 utrumque
821 1007 1006 1083 pertaesum
1029 1007 1078 1064 est
1100 1001 1196 1084 pleno
1218 998 1411 1066 describere.
1441 1005 1561 1082 quanto
1585 999 1699 1065 melius

339 1102 394 1168 ille
425 1103 524 1187 Θαλῆς
551 1103 599 1165 καὶ
624 1101 796 1184 Πυθαγόρας
823 1103 871 1165 καὶ
891 1101 1080 1186 Ἀναξαγόρας
1103 1105 1151 1166 καὶ
1170 1101 1355 1187 Ἡράκλειτος
1376 1103 1424 1166 καὶ
1447 1105 1463 1166 ό
1486 1109 1545 1166 τῶν
1561 1101 1698 1166 Στωικῶν

341 1206 481 1290 appetite,
504 1203 558 1269 ubi
578 1209 687 1268 tamen
702 1203 847 1269 ultimam
862 1225 974 1270 vocem
989 1204 1139 1287 ignosces
1155 1205 1307 1289 episcopo
1324 1203 1556 1287 elegantiarum
1572 1203 1698 1287 aucupi.

340 1309 394 1388 §3
417 1305 635 1372 Democritum
664 1305 768 1370 solum
794 1311 1013 1389 cognorerunt
1034 1305 1226 1371 Plutarchus
1248 1313 1281 1371 et
1303 1305 1473 1390 Stobeem,
1496 1305 1624 1390 plenior
1645 1305 1699 1370 ille

339 1409 518 1493 Δημόκριτος
546 1410 579 1471 δὲ
606 1409 653 1470 καὶ
684 1405 882 1493 Μητρόδωρος
910 1409 958 1471 καὶ
985 1405 1162 1492 Ἐπίκουρος.
1206 1409 1268 1488 §4
1294 1415 1416 1474 temere
1445 1407 1598 1474 conflavit
1626 1407 1699 1472 Plu-

341 1509 472 1576 tarchus
494 1510 677 1575 Aristotelis
700 1510 909 1592 Platonisque
933 1511 1070 1594 lemma,·
1090 1509 1252 1576 Stobaeus
1275 1510 1382 1594 priore
1405 1517 1509 1595 caret,
1532 1511 1701 1594 distinguit

340 1621 510 1694 utrumque
532 1619 620 1678 recte
642 1611 874 1677 Theodoretus.

425 1715 469 1779 IV
491 1716 532 1778 14
560 1713 685 1779 addidit
714 1715 844 1798 eclogas
872 1714 913 1780 de
942 1735 1045 1780 vacuo
1075 1733 1159 1798 quae
1182 1713 1380 1800 respondent
1402 1715 1597 1781 Placitorum
1618 1717 1635 1782 I
1658 1717 1697 1782 18

343 1826 419 1880 1-5.
465 1817 523 1882 sed
550 1815 682 1882 liberius
709 1837 773 1881 non
800 1817 897 1882 modo
928 1817 1073 1882 ordinem
1096 1817 1233 1882 mutavit
1256 1817 1580 1898 moriannae
1603 1820 1699 1884 collo-

339 1928 436 2006 caret,
459 1919 639 1984 sedetiam
662 1921 681 1999 ξ
705 1921 724 1982 3
747 1920 1022 1985 Democriteorum
1046 1919 1240 1984 sententiam
1262 1919 1334 2002 ipse
1355 1919 1546 2004 immutavit,
1568 1920 1631 1986 nisi
1653 1927 1699 1984 ta-

339 2045 412 2090 men
445 2021 543 2086 aliam
571 2021 765 2088 sententiam
793 2041 814 2086 a
843 2021 985 2088 Stobaeo
1013 2019 1251 2104 Plutarchoque
1284 2021 1437 2087 omissam
1467 2043 1508 2088 ex
1540 2023 1698 2108 ampliore

339 2125 421 2190 libro
443 2123 566 2208 petivit.
1373 2142 1381 2156 ⁸

423 2227 525 2292 V113
548 2245 589 2290 ex
611 2223 725 2290 Plaoit.
749 2225 764 2289 I
787 2227 829 2290 25
852 2233 1024 2311 excerptae
1047 2231 1121 2290 sunt
1143 2227 1183 2306 ἐξ
1200 2227 1230 2291 2.
1247 2227 1276 2291 3.

425 2329 469 2392 VI
487 2329 528 2392 14
550 2347 590 2393 ex
613 2328 629 2391 Ι
644 2327 683 2392 27
704 2337 725 2388 1.
744 2337 768 2388 1.
788 2337 804 2390 5
826 2328 963 2393 accessit
978 2327 1152 2413 Chrysippi
1167 2327 1295 2410 lemma,
1318 2328 1404 2412 quod
1419 2329 1514 2412 culpa
1528 2329 1650 2394 librarii
1665 2328 1698 2392 in

343 2430 483 2498 Stobaeo
505 2427 723 2495 interciderat.

424 2533 543 2598 ibidem
566 2553 607 2597 ex
630 2531 703 2596 128
722 2539 780 2594 34
804 2538 958 2617 excerpta
980 2529 1177 2596 brevissime.

424 2635 469 2700 VI
485 2637 525 2700 11)
548 2655 588 2701 ex
610 2633 721 2698 1191.
742 2641 800 2695 13
829 2641 973 2700 extremo
996 2633 1102 2716 capito
1124 2632 1212 2696 illinc
1234 2633 1410 2699 Democriti
1432 2655 1549 2700 nomen
1575 2655 1596 2699 a
1625 2635 1698 2700 Plu-

340 2739 452 2806 tarcho
469 2745 502 2803 et
516 2735 657 2802 Stobaeo
675 2734 826 2799 omissum
842 2735 964 2802 addere
979 2733 1077 2798 licuit.
1111 2733 1249 2800 fortasse
1272 2735 1529 2818 coniungendum
1553 2743 1603 2803 est
1624 2757 1695 2802 oum

342 2843 401 2906 hoc
428 2842 594 2920 lemmate,
623 2835 709 2920 quod
738 2835 772 2900 in
800 2835 863 2902 line
890 2835 1051 2902 Stobaeus
1078 2835 1170 2902 addit
1203 2837 1355 2902 omissum
1377 2857 1398 2902 a
1421 2837 1594 2904 Plutarcho
1625 2839 1699 2926 τύχη

340 2947 466 3010 ἀτάκτου
488 2939 628 3025 ἐνεργείας
650 2939 710 3002 ἐστὶ
733 2939 921 3024 προσηγορία.

426 3046 471 3110 IV
487 3044 527 3109 15
550 3041 706 3126 incipiunt
728 3047 883 3124 excerpta
903 3041 1037 3108 alterius
1059 3041 1141 3107 libn‘.
1175 3041 1390 3126 respiciuntur
1411 3043 1558 3108 11113.

425 3148 470 3212 Ν
487 3145 527 3210 16
559 3141 627 3208 112
645 3151 710 3204 1-3
737 3141 926 3209 brevissime
954 3143 1205 3228 comprehendit.
1244 3133 1302 3208 sed
1329 3143 1519 3226 gravissime
1542 3144 1634 3210 addit
1660 3144 1701 3209 de

340 3249 452 3316 mundi
477 3247 618 3312 motione
640 3247 687 3310 καὶ
711 3247 737 3308 οἱ
761 3245 813 3326 μὲν
837 3247 1011 3327 μυλοειδῶς,
1034 3248 1060 3310 οἱ
1083 3248 1116 3310 δὲ
1137 3251 1245 3332 τροχοῦ
1268 3245 1350 3330 δίκην
1372 3249 1593 3331 περιδινεῖσθαι,
1616 3247 1700 3330 quod

340 3353 384 3418 ad
405 3349 681 3417 Anaximenem
711 3353 743 3412 et
765 3345 1095 3430 Anaximandrum
1126 3347 1204 3412 mibi
1232 3346 1384 3414 referenti
1413 3350 1504 3414 multi
1525 3337 1626 3415 ¹erunt
1648 3347 1700 3432 qui

341 3455 615 3621 oredllii'll--to
635 3551 764 3634 stringit
782 3551 850 3616 113
869 3559 929 3614 11.
953 3553 975 3615 4
992 3559 1084 3624 1-11,
1106 3549 1227 3616 ibidem
1243 3552 1283 3615 13
1302 3559 1612 3618 13-11311-15
1634 3574 1703 3620 rer·

341 3660 389 3724 bis
412 3656 528 3722 alienis
550 3676 602 3720 res
624 3655 796 3736 diligenter
819 3653 1011 3736 exprimens.
1045 3653 1164 3718 multus
1188 3659 1238 3717 est
1259 3651 1304 3716 lV
1319 3653 1369 3716 21.
1387 3651 1429 3715 22
1449 3652 1482 3716 in
1499 3653 1703 3738 opinionibus

343 3761 387 3826 dc
410 3761 479 3825 sole
495 3755 730 3824 enumerandis.
759 3775 834 3820 nam
851 3757 882 3820 ΙΙ
897 3757 941 3821 20
957 3765 979 3816 1,
993 3763 1016 3817 3.
1031 3763 1052 3819 5,
1069 3765 1130 3820 111.
1145 3766 1239 3817 1-16.
1262 3755 1301 3818 21
1321 3763 1396 3814 1-4.
1418 3755 1460 3820 22
1477 3765 1531 3820 13
1548 3758 1706 3822 111οεί1111

342 3869 428 3944 sunt,
452 3859 598 3926 similiter
613 3859 657 3924 IV
674 3859 715 3924 23
738 3857 779 3922 de
799 3857 876 3921 luna
895 3857 980 3922 1125
1003 3867 1255 3922 1311111311.
1278 3854 1415 3921 accessit
1437 3854 1513 3921 inde
1535 3878 1621 3924 nova
1643 3859 1704 3924 He

341 3964 446 4030 moliti
469 3961 589 4028 mentio
612 3967 686 4045 post
708 3959 773 4040 ὅθ.
798 3957 923 4023 omissis
946 3957 1107 4025 lemmatis
1130 3964 1315 4042 excerptum
1337 3957 1431 4022 1126
1454 3967 1475 4018 1.
1494 3965 1519 4017 1.
1537 3967 1562 4019 3.
1580 3971 1606 4022 4.
1628 3960 1704 4027 inde

342 4067 486 4132 ditantur
513 4064 638 4128 Plaoite
665 4063 728 4127 hoc
756 4081 854 4126 novo:
885 4059 967 4124 ἄλλοι
990 4063 1023 4124 δὲ
1045 4061 1196 4146 σπιθαμῆς
1218 4059 1297 4147 ἔχειν
1319 4060 1482 4143 διάμετρον.
1514 4058 1704 4129 brevissime

341 4168 447 4251 tangit
469 4167 514 4233 IV
529 4167 572 4232 24
594 4163 702 4249 capita
723 4164 774 4228 27.
795 4163 847 4228 29.
869 4163 920 4228 31.
944 4163 1057 4228 tertius
1079 4161 1161 4228 liber
1181 4163 1349 4245 neglectus
1371 4165 1429 4226 est

426 4272 470 4335 At
496 4267 628 4334 crebrae
651 4271 725 4331 sunt
747 4263 926 4346 summique
947 4265 1043 4348 pretii
1064 4265 1198 4347 eclogae
1220 4283 1262 4329 ex
1284 4263 1372 4327 Plac.
1394 4261 1416 4327 l.
1436 4263 1491 4348 IV,
1514 4265 1568 4346 qui
1591 4271 1640 4331 est
1663 4265 1704 4331 de

342 4371 461 4438 anima.
486 4368 682 4436 Theodoroti
697 4367 725 4432 V
742 4367 781 4431 17
794 4387 863 4449 sqq.
878 4365 911 4430 in
927 4365 1070 4433 Stobaeo
1086 4363 1302 4432 Plutarchore
1313 4363 1358 4428 IV
1370 4365 1390 4428 2
1404 4373 1480 4427 1-1.
1496 4366 1516 4430 3
1533 4373 1648 4431 1-411.
1665 4377 1704 4429 11.

347 4481 378 4535 13
401 4474 618 4559 reperiuntur,
647 4467 761 4551 quibus
784 4465 936 4533 addenda
958 4487 998 4532 ex
1020 4467 1076 4533 illo
1099 4465 1333 4533 Anaximandri
1355 4463 1562 4549 Empedoclis
1585 4465 1706 4532 Critiae

342 4576 483 4642 nomina.
527 4574 609 4639 IV4
629 4577 704 4656 post
728 4571 782 4649 §1
805 4569 1000 4636 Xenocratis
1027 4577 1060 4636 et
1085 4567 1270 4635 Aristotelis
1298 4573 1393 4650 grata
1420 4576 1595 4650 augmenta
1616 4587 1706 4635 acce-

342 4679 431 4744 dunt.
456 4675 636 4744 Stoicorum
652 4671 795 4739 definitio
812 4673 864 4751 §4
879 4677 958 4736 nota
972 4671 1042 4760 fuit,
1057 4671 1170 4754 ignota
1182 4669 1300 4736 deinde
1316 4669 1605 4755 Pythagoreorum.
1629 4671 1706 4736 lvs

345 4787 421 4841 1-6.
440 4789 457 4842 8
478 4779 643 4860 aliquanto
672 4772 798 4839 auctius
828 4778 861 4838 et
883 4773 988 4840 minus
1014 4774 1177 4840 turbatum
1200 4791 1296 4854 quam
1318 4772 1353 4836 in
1375 4773 1551 4840 Plutarcho
1578 4772 1705 4856 legitur.

341 4877 574 4963 amplissimum
606 4875 805 4960 spicilegium
836 4874 880 4940 ad
907 4877 952 4940 IV
980 4879 996 4941 l
1027 4875 1198 4957 colligitur.
1247 4873 1475 4941 Theodoretus
1510 4874 1596 4942 enim
1633 4881 1706 4940 octo
