3708 5738
499 425 756 478 FRAGMENTUM
776 426 825 475 DE
848 424 1023 477 SENSIBUS
1041 422 1172 487 §30-37
1455 423 1518 488 509

205 592 280 656 κατὰ
301 593 335 655 rb
360 590 483 674 μέγεθος
504 595 563 656 τῶν
585 590 784 676 αἰσθητηρίων
806 590 878 656 εἰναι
900 593 954 677 τὴν
976 592 1129 678 αἴσθησιν,
1151 594 1184 656 rb
1211 593 1263 676 μὲν
1284 593 1381 657 αὐτῶν
1403 591 1468 678 ἔχει

203 694 267 758 τινὰ
296 693 435 777 ἀπορίαν,
468 693 529 757 οῖον
562 693 683 777 πότερον
715 693 751 756 rb
778 693 867 777 μικρὰ
894 697 1003 776 μᾶλλον
1034 697 1054 780 ἢ
1087 697 1124 760 τὰ
1155 696 1266 778 μεγαλα
1294 699 1353 758 τῶν
1381 695 1467 782 ζῴων

204 796 375 880 αἰσθητικά·
408 794 499 864 δόξειε
520 796 574 881 γὰρ
596 794 631 859 ἀν
653 794 857 880 ἀκριβεστέρας
878 795 1046 882 αἰσθήσεως
1072 797 1144 862 εἰναι
1171 798 1207 862 τὰ
1229 798 1317 882 μικρὰ
1340 799 1381 882 μὴ
1404 801 1468 863 λαν-

208 899 323 978 θάνειν,
346 897 394 961 καί
418 897 481 980 ἅμα
501 897 535 960 rb
557 897 593 960 τὰ
615 897 727 960 ἐλάττω
748 899 905 980 δυνάμενον
920 901 968 964 καί
982 901 1019 964 rb
1041 901 1132 984 μείζω
1154 901 1257 986 κρίνειν
1279 899 1333 964 οὐκ
1354 900 1467 983 οῖλογον.

178 1031 190 1069 ς
208 1001 271 1084 ἅμα
293 1001 327 1064 δὲ
347 1000 396 1063 καί
419 1001 501 1063 δοκεῖ
521 999 587 1083 περὶ
609 998 686 1068 ἐνίας
707 998 859 1084 αἰσθήσεις
874 1001 986 1086 βέλτιον
1003 999 1081 1088 ἔχειν
1096 1003 1133 1066 τὰ
1148 1003 1236 1088 μικρὰ
1250 1007 1308 1066 τῶν
1325 1005 1468 1086 μεγάλων,

207 1106 285 1170 ὥστε
304 1103 397 1187 ταότη
420 1103 473 1186 μὲν
495 1102 601 1187 χείρων
624 1103 644 1185 η
666 1105 725 1164 τῶν
742 1103 882 1184 μειζόνων
897 1102 1043 1188 αἴσθησις.
1196 1106 1221 1168 εἰ
1237 1103 1262 1169 δ’
1282 1103 1320 1169 αδ
1335 1104 1465 1189 φαίνεται
1483 1112 1518 1166 35

207 1205 372 1272 καὶπολλὰ
397 1203 549 1268 λανθάνειν
576 1205 614 1268 τὰ
640 1205 729 1288 μικρά
755 1205 826 1286 [τῶν
852 1207 993 1288 μειζόνων
1022 1206 1082 1270 οῖον
1109 1209 1136 1270 οἱ
1164 1208 1268 1294 ψόφοι,
1301 1208 1470 1294 χρώματα],

206 1309 369 1396 βελτίωνὴ
395 1310 454 1370 τῶν
481 1307 635 1388 μειζόνων·
668 1307 731 1390 ἅμα
754 1307 857 1371 δὲκαὶ
885 1306 1017 1392 εὔλογον,
1046 1309 1144 1394 ὥσπερ
1167 1312 1215 1375 καὶ
1243 1311 1296 1396 τὴν
1325 1311 1396 1394 ὅλην
1417 1315 1469 1374 τοῦ

206 1414 342 1494 σώματος
363 1413 476 1493 κρᾶσιν,
498 1409 608 1491 ὁμοίως
629 1407 709 1495 ἔχειν
731 1411 780 1473 καί
801 1410 839 1474 τὰ
860 1411 925 1495 περὶ
946 1411 998 1481 τοῖς
1019 1411 1183 1496 αἰσθήσεις.
1223 1416 1308 1476 τοῦτο
1332 1412 1384 1494 μὲν
1406 1411 1467 1490 οὖν,

169 1543 192 1582 ιο
210 1516 309 1598 ὥσπερ
330 1511 454 1597 ἐλέχθη,
477 1513 677 1596 διαπορήσειεν
699 1511 735 1576 ἄν
756 1535 814 1590 τις,
843 1513 869 1576 εἰ
890 1513 948 1598 ἀρα
969 1515 1017 1577 καλ
1039 1515 1085 1577 δεῖ
1104 1513 1196 1597 λέγειν
1222 1513 1329 1584 οὕτως·
1357 1515 1391 1578 οἰι
1414 1515 1468 1599 γὰρ

206 1619 237 1681 ἐν
258 1621 318 1687 τοῖς
340 1615 451 1698 ὁμοίοις
472 1613 580 1698 γένεσιν
603 1616 766 1699 ἀφώρισται
788 1615 916 1679 κατὰτὸ
940 1615 1076 1700 μέγεθος,
1104 1617 1180 1680 ἀλλὰ
1207 1619 1369 1702 κυριώτατα
1396 1615 1467 1687 ἴσως

207 1722 227 1804 ἡ
260 1724 312 1783 τοῦ
348 1721 484 1801 σώματος
521 1717 650 1787 διάθεσίς
687 1739 719 1780 τε
749 1718 798 1780 καὶ
829 1721 939 1802 κροῖσις.
983 1720 1017 1782 rb
1043 1719 1077 1782 δὲ
1103 1719 1174 1803 πρδς
1200 1719 1236 1783 rb
1263 1719 1373 1804 μεγέθη
1409 1721 1462 1804 τὴν

179 1830 181 1834 ‘
205 1821 381 1906 συμμετρίαν
407 1819 576 1885 ἀποδιδόναι
601 1823 660 1882 τῶν
680 1818 830 1902 αἰσθητῶν
854 1817 947 1884 ἔοικεν
973 1822 1084 1904 ὁμοίως
1109 1822 1200 1905 λέγειν
1226 1819 1467 1904 Ἐμπεδοκλεῖ·

206 1929 248 2008 τῷ
271 1923 326 2008 γὰρ
348 1923 531 2008 ἐναρμόττειν
553 1925 613 1991 τοῖς
634 1922 734 2006 πόροις
755 1923 905 2007 ποιεῖτὴν
928 1920 1073 2006 αἴσθησιν.
1118 1925 1194 2008 πλὴν
1217 1923 1264 1987 ἐπὶ
1286 1928 1338 2008 τῆς
1361 1925 1468 2009 ὀσφρή-

168 2053 192 2092 ιι
210 2046 284 2094 σεως
307 2023 377 2090 ῖδιον
400 2025 550 2109 συμβαίνει
570 2022 724 2108 δυσχερές·
748 2021 824 2096 ὄζειν
847 2025 899 2106 μὲν
921 2025 975 2108 γάρ
990 2046 1061 2110 φησι
1076 2026 1126 2089 τδν
1141 2027 1244 2089 λεπτδν
1259 2023 1331 2109 ἀέρα
1348 2029 1467 2108 μᾶλλον,

209 2127 418 2214 ὀσφραίνεσθαι
440 2127 474 2190 δὲ
494 2124 696 2211 ἀκριβέστερον
719 2126 774 2190 ὅσα
795 2127 845 2190 τὸν
867 2128 974 2190 πυκνὸν
996 2128 1016 2212 ἢ
1038 2128 1087 2190 τδν
1110 2128 1200 2210 μανδν
1221 2128 1310 2191 ἕλκει.

271 2231 336 2314 περί
351 2231 384 2293 δέ
398 2233 451 2313 τῖγς
466 2229 621 2314 ἐμφάσεως
642 2229 724 2312 κοινή
747 2228 789 2298 τίς
809 2229 885 2293 ἐστιν
907 2231 927 2314 ἡ
950 2227 1032 2298 δόξα·
1056 2231 1161 2315 σχεδδν
1183 2231 1237 2315 γὰρ
1259 2231 1286 2294 οί
1308 2230 1410 2293 πολλοὶ
1432 2231 1465 2292 rb
1485 2237 1518 2292 36

207 2334 277 2416 ὁρᾶν
299 2331 392 2401 οὕτως
413 2331 649 2415 ὑπολαμβάνουσι
679 2330 727 2394 διά
748 2331 801 2415 τὴν
815 2331 978 2416 Ιγινομένην
1000 2331 1113 2402 ἐντοῖς
1143 2333 1306 2418 ὀφθαλμοῖς
1333 2329 1468 2416 ἔμφασιν.

200 2423 292 2497 ’τοῦτο
315 2435 348 2497 δὲ
370 2433 466 2498 οδκέτι
489 2435 617 2497 συνεῖδον
646 2413 687 2502 ὡς
713 2431 781 2496 οὔτε
806 2434 842 2498 τὰ
870 2433 981 2518 μεγέθη
1008 2434 1158 2520 σύμμετροι
1186 2435 1222 2498 rb
1250 2436 1384 2518 ὁρώμενα
1409 2439 1469 2504 τοῖς

169 2565 193 2604 ιο
211 2535 431 2623 ἐμφαινομένοις
453 2533 520 2600 οὔτε
542 2535 734 2621 ἐμφαίνεσθαι
762 2535 856 2598 πολλὰ
882 2535 945 2618 άμα
971 2537 1019 2599 καί
1046 2537 1181 2602 τάναντία
1207 2536 1340 2614 δυνατόν,
1366 2535 1409 2600 ἔτι
1437 2537 1470 2600 δέ

207 2640 318 2724 κίνησις
347 2639 395 2704 καί
425 2640 569 2722 διάστημα
598 2639 647 2701 καί
678 2636 801 2719 μέγεθος
831 2638 921 2721 δρατὰ
951 2639 1002 2721 μέν
1010 2686 1022 2717 ,
1051 2637 1175 2724 ἔμφασιν
1205 2639 1238 2702 δὲ
1264 2639 1299 2703 ob
1328 2643 1468 2703 ποιοῦσιν.

211 2741 297 2812 ἐνίοις
318 2741 352 2804 δέ
373 2744 431 2803 τῶν
453 2739 539 2826 ζῴων
561 2738 645 2802 οὐδὲν
668 2739 853 2824 ἐμφαίνεται,
884 2740 1019 2825 καθάπερ
1047 2747 1107 2812 τοῖς
1135 2741 1391 2827 σκληροφθαλμοις
1420 2744 1468 2807 καί

209 2849 270 2914 τοῖς
292 2844 429 2928 ἐνόδροις.
472 2840 515 2906 ἔτι
537 2841 570 2904 δὲ
591 2841 640 2904 καὶ
661 2845 720 2904 τῶν
742 2841 865 2927 ἀψύχων
888 2843 937 2905 διά
958 2867 991 2926 γε
1012 2848 1097 2908 τοῦτο
1118 2845 1214 2908 πολλὰ
1235 2842 1270 2908 ἀν
1290 2846 1397 2930 δρῷεν·
1421 2845 1469 2908 καί

206 2946 261 3031 γὰρ
284 2946 313 3010 ἐν
337 2947 419 3010 ὕδατι
440 2945 489 3009 καί
511 2946 615 3030 χαλκῷ
639 2944 687 3006 καὶ
710 2943 818 3029 ἑτέροις
840 2947 959 3015 πολλοῖς
980 2946 1056 3011 ἐστιν
1076 2948 1242 3017 ἀνάκλασις.
1393 2950 1464 3033 φησὶ
1484 2955 1518 3010 37

169 3075 193 3114 τε
211 3049 244 3112 bb
271 3049 321 3112 καί
347 3048 434 3118 αέτδς
462 3046 654 3132 ἐμφαίνεσθαι
682 3047 734 3128 μέν
763 3045 804 3116 εἰς
829 3045 945 3131 ἄλληλα
971 3045 1033 3134 (τά)
1060 3053 1220 3134 χρώματα,
1247 3053 1355 3133 μᾶλλον
1378 3051 1411 3114 δὲ
1433 3051 1466 3114 rb

209 3149 328 3235 ἰοχυρδν
354 3150 396 3220 εἰς
422 3151 455 3213 rb
485 3149 619 3218 ἀσθενές·
648 3149 725 3212 ὥστε
750 3148 885 3234 ἑκάτερον
913 3151 965 3234 μὲν
993 3151 1085 3236 ἐχρῆν
1108 3153 1193 3236 δρᾶν,
1225 3155 1334 3235 μᾶλλον
1357 3153 1389 3216 δέ
1410 3151 1470 3238 (rb)

209 3251 299 3336 μέλαν
322 3253 371 3316 καὶ
393 3253 469 3322 όλως
497 3250 557 3337 (rb)
583 3249 799 3333 ἀσθενέστερον.
844 3253 888 3315 διδ
918 3253 966 3316 καί
993 3254 1045 3337 τὴν
1075 3251 1140 3338 ὄψιν
1167 3254 1304 3338 δμόχρων
1331 3259 1409 3318 ποιεῖ
1431 3261 1469 3338 τῇ

208 3355 286 3418 νυκτὶ
308 3355 357 3418 καί
378 3356 413 3418 rb
434 3358 498 3440 φῶς
519 3352 610 3418 αἴτιον
632 3357 685 3436 τῆς
706 3351 871 3435 ἐμφάσεως.
905 3355 998 3418 καίτοι
1020 3361 1135 3440 πρῶτον
1158 3357 1210 3439 μὲν
1226 3357 1258 3420 rb
1274 3362 1339 3442 φῶς
1354 3359 1468 3442 δρῶμεν

210 3457 281 3520 αὐτδ
305 3455 342 3520 δι’
370 3458 507 3540 οὐδεμιᾶς
529 3457 700 3542 ἐμφάσεως,
723 3451 822 3517 ἔπειτα
848 3455 932 3520 οὐδὲν
958 3457 1044 3541 ἧττον
1070 3458 1107 3521 τὰ
1134 3459 1244 3542 μέλανα
1257 3464 1329 3548 Ιτῶν
1357 3461 1469 3522 λευκῶν

170 3586 194 3626 ει
211 3559 264 3623 οίικ
298 3557 361 3645 ἔχει
394 3565 467 3646 φῶς.
513 3557 555 3622 ἔτι
582 3559 615 3621 δέ
642 3559 695 3620 κάν
722 3561 782 3626 τοῖς
809 3555 907 3628 ἄλλοις
933 3560 978 3622 ἀεὶ
1004 3561 1057 3646 τὴν
1084 3559 1210 3647 ἔμφασιν
1233 3565 1347 3646 δρῶμεν
1370 3561 1410 3632 εἰς
1433 3561 1467 3624 rb

209 3661 406 3748 λαμπρότερον
430 3663 479 3726 καί
500 3662 706 3745 καθαρώτερον
727 3657 889 3742 γινομένην,
911 3660 1011 3746 ὥσπερ
1025 3663 1074 3726 καί
1088 3664 1176 3734 αὐτὸς
1190 3665 1265 3748 λέγει
1280 3666 1347 3734 τοὺς
1363 3665 1470 3748 ὑμένας

206 3769 267 3828 τῶν
290 3765 429 3848 ὀμμάτων
452 3765 573 3834 λεπτοὺς
595 3763 668 3827 εῖναι
690 3763 738 3826 καὶ
761 3761 920 3846 λαμπρούς.
963 3763 1077 3829 τιθέασι
1099 3766 1202 3830 δὲκαὶ
1224 3767 1276 3851 τὴν
1299 3764 1363 3851 ὄψιν
1378 3767 1469 3853 αὐτὴν

210 3867 238 3929 οἱ
253 3867 355 3930 τολλοί
370 3867 470 3950 πυρός,
492 3865 522 3951 <‘
546 3867 559 3952 >
580 3866 682 3931 τούτου
696 3865 748 3934 τὰς
769 3864 861 3950 χρόας
883 3866 1063 3952 μετεχούσας
1086 3871 1204 3950 μᾶλλον.
1240 3866 1470 3955 Ἀναξαγόρας

162 4057 172 4107 1
192 4052 258 4124 ίχιιν
279 4057 336 4108 PF:
355 4073 420 4108 οοπ.
441 4059 582 4109 Vossianus
600 4065 626 4108 et
645 4053 777 4107 cumatius
798 4047 811 4120 ΙΙ
865 4055 1008 4124 ἐμφαίνεται
1031 4061 1157 4110 wimmer
1181 4055 1195 4126 Ιί
1219 4055 1253 4112 73
1276 4057 1386 4128 ἐνόδροις
1409 4059 1444 4110 P:
1468 4055 1520 4110 ἐνό-

159 4141 176 4194 3
199 4139 263 4202 δόξει
281 4145 339 4195 PF:
359 4160 424 4195 αοπ.
443 4144 589 4210 Stephanus
617 4140 631 4211 ΙΙ
660 4143 678 4195 4
702 4139 754 4210 ἅμα
781 4139 813 4191 τό
864 4147 964 4215 γροιςίἰ
984 4137 998 4211 ΙΙ
1019 4142 1054 4197 25
1071 4144 1215 4197 rbaddidit
1227 4146 1371 4198 Schneider
1391 4143 1405 4214 ΙΙ
1424 4143 1451 4197 δὲ
1469 4149 1521 4202 τοῖς

160 4235 199 4282 τῶ
221 4249 259 4298 pr.
288 4231 311 4283 F
334 4229 348 4301 Η
373 4231 390 4284 ό
412 4229 464 4283 ἐνια
487 4233 545 4284 PFt
574 4248 639 4283 οοιτ.
658 4231 813 4296 stephanus.
863 4235 897 4284 F:
917 4231 943 4284 δέ
965 4229 1016 4287 τδῐς
1038 4235 1075 4283 sic
1097 4250 1133 4299 pr.
1158 4235 1180 4284 P
1206 4229 1220 4300 Η
1244 4233 1278 4287 26
1304 4231 1334 4284 rb
1361 4243 1421 4284 ante
1444 4230 1521 4300 μίλαν

158 4316 219 4388 πρὸς
247 4318 313 4376 ἐνίας
338 4322 406 4370 coni·
435 4321 536 4371 Usener
564 4316 577 4386 ΙΙ
607 4319 623 4371 7
650 4321 702 4370 τῶν
733 4313 812 4385 peteb-
864 4331 890 4372 ει
908 4301 1081 4388 ἀσθενέστερον
1099 4321 1198 4371 addidit
1221 4321 1362 4374 schneider
1381 4317 1396 4388 ΙΙ
1415 4318 1450 4372 30
1474 4317 1521 4370 ταν

158 4424 210 4458 νων
234 4409 329 4458 delevit
350 4407 499 4460 Schneider.
523 4403 744 4475 οἰον-χριίιματα
767 4406 812 4454 de·
864 4413 967 4475 scripsit
980 4405 1001 4478 γ
1014 4407 1039 4459 ἐν
1052 4410 1129 4472 vulgo
1142 4410 1173 4459 οἰ.
1186 4409 1217 4460 G.
1227 4410 1338 4460 Mueller
1347 4409 1379 4459 de
1389 4407 1520 4471 Theophr.

158 4497 222 4546 levit
239 4495 393 4560 Philippson
418 4491 431 4561 Η
454 4493 488 4547 10
510 4495 554 4546 καί
576 4493 614 4545 δεῖ
639 4497 676 4546 εἰσ
704 4495 748 4546 PF
781 4493 812 4542 εἰ.
866 4498 968 4548 dicendi
987 4511 1046 4561 gen.
1064 4494 1204 4558 [Ασυειεόι
1218 4493 1297 4560 1874]
1316 4513 1340 4561 p.
1354 4493 1387 4545 27
1403 4490 1417 4559 ΙΙ
1438 4489 1471 4543 33
1485 4489 1521 4548 ὡς

160 4582 263 4634 Vahlen
290 4583 324 4634 ad
352 4583 460 4632 Aristot.
489 4583 564 4634 Poet.
590 4579 696 4643 [Berol.
727 4573 811 4646 1874]
865 4585 953 4635 addidi
980 4578 995 4650 ΙΙ
1021 4579 1113 4650 ταότης
1138 4585 1195 4634 PF:
1225 4585 1336 4632 correxit
1362 4583 1463 4632 Usener
1489 4580 1520 4630 οῖ.

158 4687 184 4736 ρ.
197 4669 246 4724 176
261 4666 275 4738 11
291 4670 322 4721 11
337 4667 478 4737 κυριωτέρα
491 4683 544 4718 non
558 4671 730 4718 necessarium
744 4675 783 4716 est
797 4661 811 4734 ΙΙ
865 4669 995 4735 [λείριον]
1017 4672 1049 4721 de
1068 4672 1117 4720 eol.
1136 4687 1161 4735 p.
1175 4667 1274 4722 791ο8.
1302 4668 1346 4720 καὶ
1364 4664 1458 4735 ταὺτης
1475 4668 1521 4734 τῆς

161 4755 193 4807 14
210 4752 240 4806 rb
257 4755 303 4824 γὰρ
315 4757 372 4807 PF:
392 4771 458 4807 corr.
477 4757 630 4821 Philippson
650 4751 664 4823 ΙΙ
687 4754 718 4807 16
736 4751 753 4821 ἢ
771 4749 814 4803 τδν
866 4754 964 4826 φόσεως
981 4757 1026 4814 rb:
1042 4754 1119 4826 χρόας
1138 4751 1290 4824 μεττχοῖισας
1308 4752 1402 4822 μᾶλλον
1414 4755 1521 4806 Schnei-

158 4840 247 4910 μικρὸν
259 4843 316 4894 PF:
336 4858 402 4893 οοπ.
415 4845 540 4894 Wimmer
552 4845 583 4894 οἰ.
598 4841 656 4906 §30
674 4859 699 4907 p.
709 4839 769 4902 507,
780 4837 814 4890 33
867 4847 912 4895 der
931 4841 944 4913 ΙΙ
964 4847 1011 4913 τῆς
1028 4841 1105 4912 χρόας
1117 4845 1152 4894 P:
1171 4845 1217 4911 τῆς
1235 4839 1319 4911 χρείας
1332 4843 1390 4892 ead.
1404 4858 1436 4892 m.
1453 4858 1520 4894 corr.

157 4939 184 4981 ει
202 4927 287 4992 508,1
318 4925 332 4996 ΙΙ
364 4927 396 4981 18
417 4927 522 4998 ἔμφασις
548 4933 575 4981 in
597 4945 660 4994 πεπρ.
686 4944 736 4979 εεο.
759 4926 780 4974 P
800 4922 815 4994 ΙΙ
867 4949 904 4998 pr.
923 4933 957 4982 F:
975 4947 1041 4982 corr.
1061 4931 1202 4982 Schneider

158 5015 192 5068 22
211 5015 281 5068 οὐδὲν
301 5015 412 5088 φαίνεται
424 5017 481 5068 PFz
500 5033 565 5068 corr.
584 5017 738 5069 Schneider:
758 5012 813 5066 οὐδ’
