3708 5738
531 359 608 412 tun
626 361 761 412 υιυτιεε
779 361 964 414 ιεΡιευοιοε
983 361 1036 414 κο.
1055 362 1157 414 unus.
1170 359 1212 414 ου.
1487 363 1548 426 471

189 532 333 616 σύγκρισιν
361 531 414 616 τὴν
444 531 516 616 πρδς
542 529 609 599 τοὺς
636 527 741 601 ἀλλους
768 531 907 615 φυσικοός
928 552 1026 616 φησιν,
1055 531 1098 595 ότι
1125 530 1246 615 Ζήνων
1274 533 1326 616 τὴν
1353 533 1450 617 ψυχὴν
1477 534 1554 617 λέγει
1648 569 1654 577 ·

189 634 364 718 αἰσθητικὴν
386 631 590 716 ἀναθυμίασιν,
616 632 750 718 καθάπερ
774 631 1006 718 Ἡράκλειτος.
1049 633 1223 720 βουλόμενος
1244 634 1299 719 γάρ
1321 633 1487 719 ἐμφανίσαι,
1510 637 1554 701 ότι

189 738 219 801 αἱ
241 737 333 822 ψυχαὶ
355 737 596 820 ἀναθυμιῶμεναι
617 735 715 819 νοεραῖ
743 737 788 800 ἀεὶ
810 735 949 820 γίνονται,
970 735 1084 802 εἴκασεν
1106 734 1196 806 αὑτὰς
1217 742 1278 807 τοῖς
1298 742 1439 820 ποταμοῖς
1461 738 1553 822 λέγων

188 838 282 910 οὕτως
300 838 471 922 ’ποταμοῖσι
493 843 583 902 τοῖσιν
605 835 733 904 αότυῖσιν
757 838 941 924 ἐμβαίνουσιν
964 840 1049 924 ἔτερα
1070 838 1119 902 καὶ
1141 838 1226 924 ἕτερα
1249 841 1340 904 ὕδατα
1355 839 1477 924 ἐπιρρεῖ·
1501 841 1579 909 tati

188 943 280 1027 ψυχαὶ
308 942 341 1006 δέ
368 942 426 1006 ἀπδ
453 945 512 1006 τῶν
545 941 640 1026 ὑγρῶν
668 939 902 1024 ἀναθυμιῶνται.’
993 941 1185 1025 ἀναθυμίασιν
1213 943 1264 1026 μέν
1291 940 1342 1006 οὑν
1369 942 1478 1025 δμοίως
1504 949 1546 1030 τῷ
1568 946 1587 1010 3

182 1043 398 1130 Ἡρακλείτῳ
413 1044 466 1128 τὴν
492 1044 590 1129 ψυχὴν
611 1044 764 1129 ἀποφαίνει
783 1043 916 1129 Ζήνων,
939 1043 1110 1128 αἰσθητικὴν
1133 1045 1165 1108 δέ
1191 1043 1282 1130 αὐτὴν
1302 1042 1375 1108 εἰναι
1397 1043 1445 1110 διὰ
1466 1050 1551 1110 τοῦτο

186 1149 279 1232 λέγει,
301 1149 345 1214 ότι
365 1147 529 1212 τυποῦσθαί
550 1169 582 1212 τε
603 1145 721 1212 δόναται
744 1146 790 1228 [τὸ
813 1147 949 1230 μέγεθος]
972 1147 1005 1210 τδ
1029 1146 1115 1231 μέρος
1141 1147 1175 1210 τὸ
1197 1147 1357 1232 ὴγοόμενον
1379 1145 1470 1231 αὐτῆς
1492 1149 1551 1213 ἀπὸ

187 1255 246 1316 τῶν
270 1249 360 1316 όντων
384 1250 432 1314 καὶ
455 1248 646 1334 ὑπαρχόντων
668 1249 716 1314 διά
737 1253 795 1314 τῶν
811 1249 1010 1334 αἰσθητηρίων
1032 1250 1081 1313 καὶ
1096 1249 1316 1335 παραδέχεσθαι
1331 1250 1383 1320 τὰς
1397 1252 1549 1324 τυπώσεις.

185 1359 276 1420 ταῦτα
298 1353 352 1437 γάρ
377 1351 435 1420 ίδια
457 1357 554 1438 ψυχῆς
575 1349 652 1416 een:
1569 1377 1581 1414 υ

273 1470 325 1528 Kal
343 1469 402 1543 μεθ’
422 1471 506 1542 ἕτερα·
1559 1485 1581 1548 4

273 1574 357 1642 Εἶναι
379 1577 412 1641 δὲ
433 1575 531 1662 ψυχὴν
555 1575 585 1639 ἐν
607 1580 649 1660 τῷ
673 1575 734 1659 όλιρ
757 1575 854 1659 φασίν,
877 1576 1044 1641 δκαλοῦσιν
1060 1574 1165 1660 αἰθέρα
1180 1575 1228 1640 καί
1244 1574 1316 1660 ἀέρα
1338 1577 1437 1661 κύκλῳ
1458 1579 1549 1662 ὴπερί

185 1683 237 1765 τὴν
259 1685 312 1765 γῆν
336 1679 385 1744 καὶ
407 1679 558 1743 θαλασσαν
580 1677 628 1742 καί
651 1677 685 1741 ἐκ
707 1677 816 1742 τοότων
838 1678 1059 1760 ἀναθυμιάσεις·
1089 1678 1140 1748 τάς
1162 1680 1195 1742 δὲ
1222 1679 1325 1748 λυιπάς
1346 1679 1443 1765 ψυχάς
1464 1701 1550 1764 προσ-

185 1783 342 1869 πεφυκέναι
369 1781 478 1865 ταὺτῃ,
507 1781 573 1846 όσαι
601 1803 633 1852 τε
659 1779 689 1844 ἐν
717 1777 805 1864 ζιγίοις
832 1779 887 1845 εἰσί
917 1779 965 1844 καὶ
993 1781 1058 1846 ὅσαι
1087 1781 1116 1844 έν
1138 1785 1181 1866 τῷ
1204 1781 1381 1868 περιέχοντι·
1406 1781 1547 1865 διαμένειν

185 1887 239 1971 γάρ
253 1887 316 1950 ἐκεῖ
329 1886 381 1956 τὰς
396 1889 454 1950 τῶν
470 1883 677 1950 ἀποθανόντων
694 1883 799 1968 ψυχάς.
886 1880 956 1946 ἔνιοι
975 1884 1074 1968 δὲτὴν
1091 1885 1142 1966 μὲν
1158 1888 1209 1948 τοῦ
1232 1885 1302 1948 όλυυ
1324 1885 1425 1964 ἀίδιον,
1447 1886 1498 1956 τὰς
1513 1886 1546 1950 δέ
1561 1885 1582 1950 5

185 1988 288 2058 λοιπάς
309 1987 522 2072 συμμίγνυσθαι
546 1985 593 2050 ἐπὶ
615 1986 736 2068 τελευτῇ
759 1984 800 2055 εἰς
822 1985 944 2069 ἐκείνην.
988 1984 1066 2072 ἔχειν
1089 1987 1122 2051 δέ
1143 1990 1239 2052 πεῖσαν
1261 1988 1358 2072 ψυχὴν
1373 1988 1544 2072 ἡγεμονικόν
1563 2015 1587 2055 ιιι

185 2115 211 2156 τι
233 2094 263 2156 ἐν
286 2093 374 2174 αὑτὴ,
396 2093 412 2156 δ
436 2091 472 2174 δὴ
496 2089 558 2172 ζωὴ
582 2087 631 2152 καί
654 2085 792 2171 αἰσθησίς
813 2087 875 2156 ἐστι
896 2089 945 2152 καί
968 2089 1056 2174 όρμή.

270 2208 322 2266 Καὶ
340 2211 376 2265 ἰτι
395 2209 450 2280 μετ’
471 2207 552 2278 ὀλίγα·
1562 2231 1583 2294 6

268 2312 329 2398 Τὴν
356 2315 389 2378 δέ
410 2315 509 2400 ψυχὴν
531 2313 653 2397 γενητὴν
679 2334 712 2374 τε
739 2311 787 2376 καὶ
810 2311 943 2396 φθαρτὴν
970 2311 1111 2396 λέγουσιν.
1155 2311 1209 2376 οὐκ
1236 2312 1325 2384 εὐθὺς
1351 2315 1385 2378 δέ
1410 2323 1462 2382 τοῦ
1490 2323 1545 2382 σῶ-

184 2439 273 2500 ματος
295 2418 508 2500 ἀπαλλαγεῖσαν
535 2415 723 2500 φθείρεσθαι,
754 2412 817 2477 ἀλλ’
845 2413 989 2497 ἐπιμένειν
1010 2415 1088 2485 τινάς
1109 2415 1231 2500 χρόνους
1253 2414 1321 2480 καθ’
1349 2419 1469 2504 ἑαυτήν·
1491 2422 1544 2505 τὴν

184 2518 236 2600 μὲν
265 2523 323 2582 τῶν
351 2519 515 2583 σπουδαίων
549 2518 637 2603 μέχρι
669 2522 722 2601 τῆς
747 2518 788 2588 εἰς
815 2521 871 2602 πῦρ
900 2517 1067 2587 ἀναλύσεως
1094 2521 1152 2580 τῶν
1183 2519 1314 2599 πάντων,
1343 2521 1396 2606 τὴν
1424 2523 1457 2586 δέ
1483 2526 1542 2585 τῶν
1561 2554 1584 2592 w

182 2623 316 2706 ἀφρόνων
332 2624 404 2706 πρὸς
419 2621 527 2692 ποσοός
541 2644 618 2690 τινας
633 2619 765 2705 χρόνους.
852 2621 886 2682 τδ
901 2620 934 2683 δέ
948 2619 1092 2703 διαμένειν
1107 2621 1158 2690 τὰς
1173 2621 1269 2705 ψυχὰς
1290 2623 1383 2695 οὑτως
1398 2625 1541 2708 λέγουσιν,
1560 2629 1577 2691 l

183 2726 226 2790 ότι
248 2724 420 2808 διαμένομεν
443 2726 527 2808 ἡμεῖς
553 2721 645 2808 ψυχαί
672 2721 818 2806 γενομένοι
844 2726 896 2785 τοὺ
922 2725 1058 2806 σώματος
1080 2721 1275 2808 χωρισθέντες
1297 2727 1345 2790 καὶ
1368 2726 1410 2798 εἰς
1431 2728 1544 2793 ἐλάττω

182 2827 391 2914 μεταβαλόντες
420 2825 519 2892 οὑσίαν
547 2826 600 2910 τὴν
626 2829 678 2908 τῆς
705 2828 816 2909 ψυχῆς,
848 2825 899 2896 τάς
926 2826 959 2889 δέ
986 2831 1044 2890 τῶν
1071 2825 1205 2911 ἀφρόνων
1232 2827 1280 2891 καὶ
1308 2829 1422 2913 ἀλόγων
1457 2830 1542 2918 ζῴων

180 2931 277 3017 ψυχὰς
299 2929 534 2995 συναπόλλυσθαι
555 2933 615 2998 τοῖς
636 2930 764 3011 σώμασι.
1557 2956 1581 2994 ιι

263 3047 374 3104 Τοιαῦτα
387 3051 430 3103 καί
442 3050 474 3102 τά
486 3053 532 3119 τῆς
545 3045 662 3118 Στωικῆς
675 3046 820 3117 φιλοσοφίας
832 3047 944 3122 δόγματα
956 3047 1005 3101 ἀπὸ
1018 3054 1070 3101 τῶν
1083 3045 1256 3118 Ἐπιτομῶν
1274 3049 1387 3122 Ἀρείου
1404 3049 1476 3107 Διδὺ
1481 3073 1539 3123 μου
1556 3058 1578 3122 8

180 3137 359 3208 συνειλεγμένα.

180 3415 196 3468 θ
217 3411 330 3484 αἰσθὴσιν
348 3413 365 3484 ὴ
384 3411 546 3482 ἀναθυμίασιν
564 3417 656 3479 uulgo:
675 3415 834 3464 cornwell-
887 3415 979 3464 behem
1002 3415 1073 3466 Prol.
1097 3431 1122 3480 p.
1139 3413 1190 3468 86¹
1211 3411 1225 3483 ΙΙ
1250 3415 1283 3468 14
1302 3417 1348 3484 γάρ
1371 3415 1407 3468 ἰτι
1426 3420 1483 3471 cit:
1507 3423 1539 3472 de

179 3521 257 3555 mann
276 3506 306 3554 ci.
324 3523 348 3556 ν.
362 3506 378 3558 6
394 3499 406 3570 ll
427 3502 443 3554 3
464 3504 639 3554 similitudinis
655 3503 737 3570 gratia
756 3497 836 3568 ἐτεραι
887 3505 977 3552 ceteris
1001 3517 1053 3552 non
1082 3509 1195 3552 constat:
1223 3507 1323 3556 correxi
1347 3503 1401 3555 ἐκεῖ
1426 3509 1443 3556 i.
1466 3524 1489 3556 e.
1512 3512 1539 3559 in

179 3591 217 3642 ἀεὶ
230 3601 362 3656 exspectes
375 3595 406 3642 ci.
419 3587 671 3642 Arist.d.anim.12
684 3607 708 3654 ρ.
718 3587 836 3654 405127,
887 3605 955 3640 sere.
975 3605 1035 3639 nam
1055 3584 1134 3656 ἀλογοι
1152 3586 1205 3656 ζῷα
1223 3606 1280 3640 oum
1293 3607 1400 3658 corpore
1415 3611 1466 3645 nus
1482 3599 1539 3647 ani·

178 3681 225 3730 sed
243 3681 273 3730 ci.
293 3679 364 3731 Sext.
382 3679 435 3728 VII
451 3675 500 3728 lte
521 3672 533 3742 ll
555 3675 572 3728 4
589 3679 652 3726 τοῖσι
671 3673 765 3727 αὑτοῖσι
783 3678 834 3743 By·
887 3693 956 3726 mam
974 3679 1093 3727 amittunt
1116 3677 1147 3726 ci.
1168 3695 1191 3726 ν.
1205 3675 1239 3728 23
1260 3673 1272 3744 ll
1295 3677 1327 3731 18
1345 3679 1539 3734 Theodoret.

180 3773 263 3816 water
281 3767 406 3817 Heracliti
425 3767 456 3816 ir.
469 3762 512 3825 42,
531 3767 575 3829 qui
594 3773 709 3816 extrema
727 3765 770 3815 καί
789 3763 834 3831 ψυ-
886 3765 903 3814 l.
916 3781 937 3814 c.
951 3761 983 3818 26
1002 3760 1032 3814 οὑ
1044 3761 1075 3832 δὴ
1090 3763 1161 3832 χάριν
1173 3761 1251 3832 αὑτὴν
1269 3765 1312 3817 καὶ
1331 3763 1446 3837 φθαρτὴν
1465 3787 1538 3839 προα-

179 3851 223 3920 χαὶ
242 3850 267 3903 δί
286 3850 335 3903 ἀπὸ
353 3855 405 3903 τῶν
423 3849 506 3920 ὑγρῶν
524 3847 711 3919 ἀναθυμιῶνται
734 3854 833 3904 Zenoni
885 3851 1023 3920 ὴγόρευσεν.
1054 3847 1197 3920 Νουμὴνιος
1219 3849 1245 3903 δέ
1272 3850 1285 3904 δ
1309 3849 1473 3925 Πυθαγόρειος
1495 3858 1539 3922 [de

179 3941 267 3990 tribuit
304 3942 429 3991 Heracliti
466 3941 546 3991 verba
580 3941 660 3990 libere
692 3941 780 3990 citanti
812 3947 838 3990 et
887 3941 1047 3991 hocerrore
1074 3943 1105 3992 ci.
1130 3941 1200 3992 Prol.
1219 3959 1244 4006 p.
1261 3941 1295 3993 47
1304 3941 1324 4006 ¹]
1351 3939 1412 4010 πρός
1436 3940 1539 4002 τοὺτους

179 4029 385 4078 accommodanti
415 4023 428 4092 ll
458 4025 474 4079 5
501 4024 527 4078 δ1
558 4035 683 4078 testantur
706 4027 801 4080 CDFG
821 4023 833 4094 ll
885 4025 1072 4095 ἀποτεινόμενος
1090 4023 1153 4095 ἰφὴ·
1176 4026 1223 4094 τὴν
1241 4025 1267 4079 δὲ
1285 4025 1370 4098 ψυχὴν
1388 4030 1494 4099 γενητὴν
1511 4049 1539 4084 τε

178 4114 194 4165 7
215 4131 242 4182 γε
260 4111 360 4165 δόναται
378 4117 470 4180 vulgos
489 4117 590 4166 correxi
606 4111 618 4180 Η
632 4111 661 4165 τὸ
675 4111 779 4186 μέγεθος
791 4132 835 4167 νει-
885 4115 929 4166 καί
947 4111 1062 4184 φθαρτὴν
1079 4112 1198 4182 λέγουσιν.
1225 4113 1272 4166 οὑκ
1289 4112 1363 4174 εὑθὺς
1381 4115 1407 4168 δί
1425 4121 1471 4168 τοὺ
1489 4117 1538 4170 σόε-

177 4204 241 4252 riam
266 4204 404 4254 lectionem
429 4219 484 4253 csse
507 4203 634 4252 intellexit
650 4203 761 4266 Vigcrus
782 4199 795 4269 11
817 4203 833 4256 θ
884 4219 962 4269 ματος
981 4199 1162 4270 ἀπαλλαγεῖσαν
1180 4197 1331 4270 φθείρεσθαι,
1350 4201 1402 4256 ἀλλ’
1418 4205 1539 4272 ἐπιμένειν

177 4285 342 4358 ὑπαρχόντων
355 4293 386 4341 ci.
397 4289 590 4342 Laertvntt.
604 4289 675 4340 Sext.
686 4291 745 4340 adv.
753 4291 832 4341 math.
883 4288 950 4346 τινάς
977 4288 1081 4358 χρόνους
1107 4285 1170 4340 καθ’
1201 4287 1304 4356 ἑαυτὴν·
1337 4289 1383 4359 τὴν
1411 4291 1456 4360 μέν
1486 4297 1538 4344 τῶν

177 4377 231 4427 vn
243 4375 296 4428 402
312 4373 325 4444 ll
340 4394 400 4428 num
413 4371 587 4447 περιίχεσθαιῖ
599 4373 611 4442 ll
623 4376 639 4428 9
652 4373 703 4427 ἐστι
717 4395 767 4428 om.
781 4378 802 4429 O
818 4374 830 4444 ll
883 4373 1024 4427 σπουδαίων
1046 4375 1120 4446 μίχρι
1141 4379 1188 4445 τῆς
1210 4374 1244 4433 είς
1260 4377 1309 4443 πῦρ
1328 4374 1468 4436 ἀναλὺσεως
1485 4383 1538 4430 τῶν

180 4462 208 4514 11
230 4481 286 4513 cum
310 4459 398 4533 αἰθέρα
422 4473 449 4515 ct
472 4463 532 4533 ἀέρα
555 4466 689 4514 articulum
707 4473 767 4514 ante
785 4466 832 4532 γὴν
883 4463 996 4526 πάντων,
1022 4462 1069 4532 τὴν
1096 4462 1122 4516 δέ
1144 4469 1196 4515 τῶν
1223 4461 1338 4532 ἀφρόνων
1368 4463 1428 4532 πρὸς
1454 4462 1538 4523 ποιοὺς

178 4559 322 4616 suspectum
335 4553 452 4614 reddunt,
471 4554 596 4617 corruptis
609 4552 693 4602 verbis
706 4553 831 4602 substituo
882 4567 949 4609 τινας
968 4549 1070 4620 χρόνους
1091 4548 1103 4618 ll
1130 4549 1164 4602 22
1188 4549 1312 4618 γενόμενοι
1330 4553 1448 4616 vulgata:
1473 4550 1536 4618 γινό-

176 4637 335 4706 περιίχοντας
352 4641 399 4707 γῆν
417 4639 461 4690 καὶ
478 4633 605 4690 θάλασσαν
622 4637 666 4689 καὶ
689 4636 718 4689 ἐκ
736 4634 832 4690 τοὺτιιιν
884 4654 953 4706 μενοι
965 4640 1022 4690 cod.
1040 4639 1211 4692 GGeisiord:
1230 4635 1357 4706 γενόμεναι
1372 4638 1442 4689 ODF
1458 4634 1469 4704 ll
1485 4655 1537 4706 χω·

176 4721 406 4791 ἀναθυμιασθίντας
426 4723 439 4792 Η
461 4725 494 4778 13
513 4721 568 4777 όσαι
591 4724 616 4777 έν
638 4724 675 4794 τῷ
693 4724 832 4794 περιέχοντι
884 4722 1008 4794 ρισθέντος
1026 4727 1096 4777 libri:
1125 4728 1227 4776 correxi
1250 4721 1263 4791 Η
1291 4723 1325 4782 εἰς
1354 4721 1456 4776 ἔλαττον
1474 4727 1537 4777 DE:

176 4815 193 4863 i.
212 4829 236 4862 c.
255 4821 413 4864 mortuorum
432 4815 564 4865 hominum
583 4815 693 4864 animae.
711 4813 745 4862 ad
764 4814 832 4864 hunc
882 4809 930 4863 οὑκ
949 4809 1051 4864 ἔλαττον
1069 4813 1136 4865 CFG
1158 4809 1171 4880 ll
1192 4809 1225 4864 23
1244 4808 1426 4881 μεταβαλόντος
1446 4815 1536 4878 vulgos

176 4901 234 4950 Arii
252 4901 338 4950 locum
356 4909 454 4965 spectat
475 4901 675 4952 Tertulliani
695 4901 726 4950 de
744 4901 831 4950 anima
882 4903 983 4953 correxi
1005 4896 1017 4968 ll
1038 4897 1145 4952 ἀλλοίων
1164 4899 1232 4952 CFG

176 5004 197 5037 o.
213 4985 246 5039 55
265 4989 347 5050 iocus,
366 4987 450 5051 quode
468 4988 638 5038 confidentius
651 4987 765 5038 iudicare
785 4988 829 5036 ds·
