3710 5730
381 1390 395 1444 1
430 1389 479 1444 lili
497 1385 761 1444 Pammenia
779 1387 962 1446 armenas
979 1385 1148 1443 fflfflffl

167 1595 331 1660 Plutarchi
361 1614 444 1678 quae
466 1594 568 1661 fertur
595 1594 636 1660 de
663 1594 794 1660 Plaeitis
818 1596 980 1680 epitomen
1002 1596 1124 1680 primus
1146 1593 1292 1677 attigisse
1314 1593 1442 1658 videtur

72 1696 189 1762 Phile
212 1697 362 1781 Iudaeus,
386 1696 527 1762 simodo
550 1697 634 1761 hune
656 1697 761 1762 iocum
784 1697 855 1764 iibri
879 1698 973 1782 primi
994 1697 1039 1764 de
1061 1695 1314 1782 providentia
1336 1693 1378 1760 ab
1401 1713 1440 1759 eo

71 1799 231 1882 seriptum
255 1819 328 1865 esse
351 1791 543 1864 eredimus·

165 1901 237 1966 122
260 1921 292 1984 p.
309 1902 348 1966 11
377 1900 453 1966 edit.
486 1919 607 1966 armen.
639 1901 730 1966 latin.
760 1899 900 1966 Aueher.
949 1901 1051 1968 Haee
1078 1899 1243 1989 [mundum
1270 1917 1342 1966 eum
1370 1917 1441 1982 prn-

22 2053 26 2062 .
74 2001 209 2089 creatis]
225 2003 339 2068 Plato
354 2021 375 2065 a
390 2003 462 2069 deo
478 2003 582 2068 faeta
597 2001 716 2067 fuisse
731 2003 840 2068 novit
862 2009 899 2070 et
920 2005 1121 2070 materiam
1143 2025 1210 2088 per
1232 2021 1276 2067 ee
1298 2007 1441 2066 ornatu

74 2112 275 2170 earentem
292 2103 330 2168 in
346 2106 484 2169 mundo
508 2124 589 2170 eum
605 2111 744 2169 ornatu
765 2103 849 2188 ipso
871 2105 1082 2190 prodiisse3
1104 2106 1182 2182 hae
1205 2101 1305 2170 enim
1329 2110 1441 2169 erant

21 2219 28 2290 μ
78 2207 231 2290 primae
258 2225 427 2272 caussae
454 2206 553 2272 unde
582 2205 799 2274 eimundus
821 2205 904 2271 fuit.
936 2207 1118 2289 queniam
1141 2215 1180 2273 et
1201 2205 1440 2272 Judaeorum

75 2308 311 2390 legislator
338 2307 492 2392 Moyses
514 2326 646 2390 aquam
674 2309 858 2374 tenebras
888 2315 925 2374 et
953 2308 1070 2374 chaos
1095 2309 1198 2375 dixit
1223 2314 1316 2374 ante
1338 2327 1441 2372 mnn-

73 2408 321 2475 dumfuisse.

925 2513 1009 2578 Plat.
1032 2513 1073 2578 de
1097 2512 1211 2579 Piaeit.
1234 2513 1292 2577 13

119 2615 240 2680 Plato
264 2620 391 2680 autom
413 2616 613 2682 materiam
838 2623 869 2675 21
908 2614 1117 2678 Πλάτων..
1143 2619 1247 2698 .τμεῖς
1273 2615 1366 2700 ἀρχὰς
1392 2617 1441 2678 τὸν

242 2760 244 2768 ,
786 2717 855 2780 θεὸν
877 2718 930 2800 τὴν
953 2717 1038 2801 ὕλην
1060 2719 1113 2802 τὴν
1135 2717 1223 2781 ἰδέαν.

122 2817 275 2884 Thales
299 2818 476 2884 Milesius
499 2839 634 2902 aquam
843 2828 854 2880 l
891 2817 1244 2904 ΘαλῆςὸΜιλήσιος
1266 2821 1361 2906 ἀρχὴν
1382 2827 1441 2884 τῶν

788 2921 878 2986 ὄντων
901 2923 1070 3006 ἀπεφήνατο
1091 2923 1131 2984 τὸ
1155 2921 1261 3007 ὕδωρ.

124 3023 418 3088 Anaximander
443 3023 619 3088 Milesius
646 3021 736 3088 inii·
842 3031 858 3082 3
888 3022 1162 3108 Ἀναξίμανδρος
1184 3024 1216 3087 δὲ
1236 3027 1252 3088 ὁ
1269 3023 1443 3110 Μιλήσιός

80 3125 206 3189 nitum
788 3147 859 3212 φησι
887 3129 945 3189 τῶν
976 3122 1066 3188 ὄντων
1098 3126 1150 3209 τὴν
1185 3127 1281 3212 ἀρχὴν
1307 3126 1379 3191 εἶναι
1406 3131 1443 3191 τὸ

788 3229 945 3313 ἄπειρον.

126 3327 387 3395 Anaximenes
408 3349 553 3402 aerem,
841 3341 859 3392 4
887 3328 1118 3414 Ἀναξιμένης
1140 3331 1173 3394 δὲ
1195 3332 1211 3395 ο
1230 3329 1373 3418 Μιλήσιος
1396 3336 1443 3417 ἀρ-

789 3435 847 3518 χὴν
871 3437 929 3496 τῶν
953 3430 1043 3494 ὄντων
1067 3431 1152 3514 ἀέρα
1174 3435 1353 3517 ἀπεφήνατο.

121 3531 737 3613 AnaxagorasOlanomeniushn·
842 3543 858 3596 5
887 3531 1127 3616 Ἀναξαγόρας
1155 3531 1444 3618 ὁΚλαζομένιος

86 3634 358 3700 mosomeriam
681 3689 690 3698 .
789 3636 883 3720 ἀρχὰς
906 3639 964 3698 τῶν
988 3633 1078 3697 ὄντων
1100 3635 1164 3704 τὰς
1187 3637 1444 3722 ὁμοιομερείας

789 3737 968 3820 ἀπεφήνατο.

129 3837 375 3922 Pythagoras
423 3839 645 3906 Mnesarchi
692 3841 737 3904 si·
843 3847 861 3899 8
982 3837 1200 3923 Πυθαγόρας
1230 3839 1444 3927 Μνησάρχου

87 3941 189 4004 iius¹
230 3960 412 4006 numeros
451 3960 737 4007 commensura·
788 3941 897 4023 Σάμιος
925 3987 933 4004 .
963 3987 971 4002 .
999 3987 1008 4002 .
1035 3941 1130 4026 ἀρχὰς
1157 3943 1237 4012 τοὺς
1263 3944 1445 4028 ἀριθμοὺς

87 4043 216 4107 tiones
239 4048 276 4107 et
297 4042 552 4110 harmonias*
789 4045 849 4108 καὶ
872 4042 936 4110 τὰς
958 4044 1180 4126 συμμετρίας
1206 4046 1257 4114 τὰς
1283 4045 1312 4108 ἐν
1335 4047 1445 4114 τούτοις

790 4147 824 4215 ἃς
846 4145 903 4207 καὶ
927 4143 1099 4228 ἁρμονίας
1122 4149 1264 4210 καλεῖ...

132 4245 389 4312 Heraelitua⁸
409 4247 650 4332 etHippaeus
665 4247 738 4313 Me·
844 4257 872 4308 ll
914 4245 1141 4332 Ἡράκλειτος
1165 4248 1223 4310 καὶ
1240 4244 1407 4319 Ἵππασος
1429 4255 1445 4314 ὁ

91 4347 292 4431 tapontius
314 4347 440 4431 ignem
792 4348 1060 4417 Μεταποντῖνος
1079 4349 1175 4433 ἀρχὴν
1195 4355 1253 4412 τῶν
1269 4353 1383 4415 πάντων
1407 4355 1445 4414 τὸ

791 4475 866 4536 πορ.

159 4643 166 4674 ¹
185 4645 331 4695 armeniano
349 4643 532 4707 Mnesarqaj
553 4641 635 4704 ordi,
655 4642 799 4706 quodcum
814 4639 950 4691 Aueherua
967 4641 1094 4691 divideret
1113 4641 1201 4691 Mnes
1220 4617 1393 4707 arqa'jordi
1413 4644 1446 4694 ad

96 4732 166 4782 rerba
188 4740 271 4790 reete,
294 4732 328 4780 ael
350 4747 451 4781 sensum
476 4733 560 4795 inepte
585 4732 659 4780 vertit-
682 4729 770 4778 Mass
795 4714 880 4792 regia
904 4728 1003 4778 filius.
1042 4743 1127 4776 veram
1154 4729 1289 4778 lectionem
1313 4737 1338 4777 et
1357 4729 1397 4778 hie
1422 4738 1447 4778 et

96 4819 155 4868 inira
173 4819 256 4868 debeo
277 4817 465 4870 Giidemeistari
485 4817 685 4867 benevolentiae.

158 4901 169 4933 ²
187 4905 389 4955 harmoniam
406 4919 540 4971 perperam
558 4904 666 4952 Anaher.

159 4991 169 5022 ²
187 4992 381 5042 Heraclides
399 4993 463 5042 faiae
485 4991 593 5040 Aucher.

142 5105 231 5150 Diels,
252 5104 395 5154 Dexographi
413 5103 494 5150 maeel.
