3708 5738
450 391 708 444 THEOPHRASTI
725 391 864 444 PHYSIO.
884 393 1044 443 OPINION.
1065 392 1116 443 mi.
1133 391 1172 442 19.
1185 390 1227 444 20.
1240 390 1272 442 21
1479 389 1543 454 493

182 579 327 626 summa
356 560 562 627 eeleritate
591 565 793 627 convertat
819 564 856 625 et
883 565 1079 644 torqueat,
1113 560 1246 626 eadem
1274 558 1382 624 eifiei
1416 559 1543 624 omnia

183 663 336 746 quaesi
358 669 489 729 stante
511 670 616 729 iorra
637 664 783 729 eaelum
805 669 1033 728 moveretur.

843 950 884 1014 19

245 1059 359 1106 Aetius
378 1056 410 1106 tie
428 1058 499 1107 Pinc.
514 1053 610 1107 11292

265 1155 494 1240 ’λναξαγόρας
528 1159 569 1227 ὥς
601 1179 672 1242 φησι
707 1157 935 1242 Θεόφραστος
968 1153 1122 1240 (ἐκλείπειν
1150 1159 1202 1241 τὴν
1232 1157 1368 1242 σελήνην)
1395 1159 1452 1221 καὶ
1475 1162 1542 1220 τῶν

183 1261 352 1324 ὑποκάτω
374 1265 434 1342 τῆς
458 1262 609 1344 σελήνης
631 1257 706 1322 ἔσθ’
735 1259 793 1322 ὅτε
816 1261 990 1340 σωμάτων
1012 1260 1335 1344 ἐπιπροσθούντων.

842 1547 885 1612 20

243 1655 376 1704 Procius
395 1655 421 1700 in
439 1653 507 1702 Tim.
526 1671 550 1718 p.
566 1652 615 1706 138
628 1654 708 1704 Βαεὶί.
728 1649 780 1704 328
793 1652 914 1704 Schneid.

263 1752 399 1837 ‘'Hinip
421 1753 526 1836 μόνος
549 1756 568 1838 ἢ
594 1756 747 1837 μάλιστα
771 1753 917 1818 Πλάτων
939 1759 981 1835 τῇ
1005 1753 1161 1816 ἀπὸτοῦ
1184 1759 1424 1838 προνοοῦντος
1446 1755 1574 1838 αἰτίαν

181 1855 441 1941 κατεχρήσατο’
470 1858 557 1942 φησὶν
580 1859 596 1920 ό
619 1856 846 1941 Θεόφραστος
868 1855 953 1918 τοῦτό
975 1877 1008 1937 γε
1030 1859 1127 1924 καλῶς
1149 1856 1229 1941 αὐτῷ
1254 1863 1416 1942 μαρτυρῶν.

841 2146 881 2210 21

245 2249 369 2299 Taurus
388 2265 428 2316 ap.
448 2251 551 2316 Phiiop.
572 2252 631 2301 adv.
650 2252 736 2301 Proei.
750 2251 818 2300 xm
833 2249 865 2302 15
884 2249 967 2312 (181)

262 2348 294 2414 Ὀ
317 2352 490 2436 δημιουργὸς
512 2351 621 2436 ἤρχετο
643 2357 696 2436 τῆς
719 2353 884 2420 συστάσεως
906 2355 957 2413 τοῦ
979 2349 1090 2432 κόσμου
1112 2350 1145 2413 ἐκ
1167 2349 1256 2434 πυρός
1278 2352 1326 2414 καί
1349 2357 1411 2435 γῆς.
1446 2353 1544 2416 δεῖδὲ

180 2454 213 2516 τὸ
229 2453 420 2536 γενησόμενον
436 2455 629 2536 σωματοειδὲς
645 2455 825 2518 ἀντιτοπικθν
841 2452 912 2516 εἶναι
929 2453 976 2516 καὶ
998 2452 1101 2537 ὁρατόν
1119 2494 1126 2510 .
1143 2494 1151 2510 ·
1168 2495 1176 2509 ·
1206 2451 1436 2539 Θεόφραστός
1458 2476 1545 2539 φησιν

176 2555 224 2618 ‘ei
250 2557 289 2617 τὸ
318 2557 444 2637 ὁρατὸν
471 2558 531 2620 καί
561 2558 599 2619 τὸ
625 2558 734 2619 ἁπτὸν
761 2557 799 2619 ἐκ
825 2560 888 2639 γῆς
917 2557 975 2618 καί
1003 2555 1114 2639 πυρός
1136 2554 1227 2630 ἐστι,
1255 2555 1296 2617 τιλ
1318 2555 1426 2640 ἄστρα
1448 2559 1504 2620 καλ
1529 2560 1545 2621 ό

181 2658 331 2741 οὐρανὸς
354 2655 457 2722 ἔσται
480 2661 517 2723 ἐκ
540 2659 688 2722 τούτων·
712 2659 775 2721 οὐκ
798 2656 871 2722 ἔστι
894 2656 961 2720 δέ’.
998 2661 1088 2721 ταῦτα
1115 2655 1189 2738 λέγει
1212 2656 1335 2740 είσοίγων
1356 2659 1389 2721 τὸ
1414 2659 1544 2742 πέμπτον
1565 2687 1587 2726 ιν

182 2765 268 2843 σῶμα
284 2761 316 2823 τὸ
337 2763 591 2847 κυιιλοφορητινιόν.

182 2907 284 2914 ...-
298 2909 383 2916 ..—.-—-
889 2908 1088 2918 -ι--ν--ι

216 2983 232 3036 2
262 3001 325 3050 ρναε
355 2987 379 3035 ον’
407 2987 552 3036 Μουσείοις
582 2983 660 3049 φασιν·
689 2986 747 3036 libri
777 2982 790 3052 ii
820 2983 836 3036 3
889 2983 995 3052 μάλιστα
1017 2983 1064 3052 γὰρ
1086 2981 1115 3034 τό
1138 2979 1205 3051 θθωρ
1225 2981 1335 3052 σβίννινσι
1357 2982 1386 3036 τὸ
1404 2986 1462 3052 πῦρ.
1499 2986 1542 3036 ιιαὶ

179 3073 210 3123 fr.
226 3071 257 3124 19
281 3075 401 3124 omissum
425 3076 452 3123 in
471 3074 580 3124 Useneri
598 3073 696 3138 sylloge
719 3075 837 3138 typothe·
889 3070 954 3123 lenm
973 3071 1089 3140 ἑκάτερος
1106 3076 1159 3122 τῶν
1176 3069 1258 3138 λόγων
1270 3069 1380 3141 ἀληθής·
1399 3070 1481 3122 κοινὸν
1498 3071 1544 3140 γὰρ

180 3167 220 3210 ine
240 3161 315 3224 enipe
333 3161 365 3210 ef.
387 3161 460 3211 Proi.
477 3157 534 3210 138.
550 3157 601 3211 217
621 3157 634 3225 ΙΙ
655 3161 754 3225 plenius
767 3162 837 3212 The·
890 3157 982 3227 ἀμφοῖν
1005 3157 1034 3208 τὸ
1062 3157 1088 3209 ἐν
1109 3163 1161 3216 τοῖς
1184 3157 1269 3227 ἅνιροις
1290 3153 1385 3210 τιθίναι
1405 3157 1453 3227 τὴν
1477 3159 1544 3210 evav-

181 3248 331 3312 ophrneium
348 3249 506 3312 transcripsit
526 3247 680 3313 Hippolytus
694 3248 736 3302 8⁹
759 3245 838 3300 ίιελεί-
889 3245 990 3308 πίωσιν,
1018 3246 1062 3296 itai
1084 3244 1163 3314 ταίντη
1188 3247 1362 3314 συμφωνοῦσιν
1385 3244 1411 3296 σί
1432 3245 1544 3315 αἱρέσεις,

183 3349 236 3383 πειν
254 3330 280 3383 θλ
298 3331 346 3401 τήν
364 3331 469 3402 σελήνην
487 3337 533 3403 γῆς
551 3333 774 3405 ἀντιφραττοίνσης,
792 3333 838 3387 ini·
890 3331 925 3390 ὡς
948 3333 994 3401 μὲν
1016 3331 1043 3383 ἐν
1065 3329 1192 3402 αἰσθηταῖς
1214 3333 1251 3401 τῷ
1274 3333 1332 3402 περὶ
1349 3335 1395 3402 τῆς
1413 3337 1459 3402 γῆς
1477 3332 1545 3384 ἐναν-

181 3437 222 3470 στε
235 3417 261 3471 θλ
277 3421 321 3471 καὶ
334 3425 386 3471 τῶν
399 3418 520 3490 ignomin)
533 3425 579 3490 τῆς
593 3420 697 3491 σελήνης
711 3420 724 3489 ii
740 3425 839 3477 6ιιατε-
889 3418 942 3477 τίας
965 3415 1053 3488 οὔσης,
1081 3417 1117 3476 ὡς
1139 3418 1165 3470 ii
1190 3419 1215 3470 ίν
1241 3425 1293 3477 τοῖς
1320 3417 1485 3488 μεταβλητοῖς
1507 3425 1544 3489 τῷ

181 3505 293 3576 χρήσατο
311 3525 345 3559 νο.
358 3518 387 3559 ut
405 3506 447 3558 ἕνα
466 3507 525 3560 εἶναι
543 3507 585 3560 τόν
604 3508 698 3577 κόσμον
716 3512 838 3576 probaret
889 3508 947 3576 πυρὶ
969 3509 1014 3558 τοῦ
1033 3503 1130 3564 ὕδατος.
1158 3504 1194 3558 διὸ
1212 3508 1256 3559 καὶ
1275 3505 1349 3564 αίιτὸς
1366 3511 1404 3575 τῷ
1424 3504 1496 3574 ἁπτῷ
1514 3505 1543 3558 τὸ

217 3595 277 3646 iex
287 3597 385 3658 eodem,
400 3598 836 3664 undeTaurus,Theophmtiioeo
888 3593 976 3664 ὁρατόν
1003 3589 1140 3662 ἀντίθηνιεν
1168 3589 1209 3662 [ή]
1242 3592 1350 3663 αίσθητὰ
1377 3594 1409 3645 τὰ
1436 3599 1545 3663 στοιχεῖα

180 3683 255 3733 fluxit
264 3685 352 3734 Proeii
361 3687 457 3734 mentio
467 3687 501 3736 ad
512 3688 579 3737 Pint.
590 3687 657 3736 Tim.
671 3685 744 3751 (p.3i
755 3686 783 3748 ε)
796 3689 837 3738 liI
889 3681 1037 3750 λαμβάνων,
1061 3680 1096 3739 ὡς
1115 3678 1145 3732 ἂν
1163 3679 1199 3749 μή
1218 3699 1260 3733 πω
1278 3682 1325 3751 τήν
1343 3679 1485 3750 μεταβολὴν
1502 3681 1545 3734 αθ-

180 3787 205 3834 p.
221 3769 270 3822 140
281 3786 319 3834 eq.
342 3772 402 3822 Bne.
422 3774 464 3822 νῦν
488 3769 514 3823 δὲ
531 3770 643 3840 λέγωμεν
662 3771 698 3831 ὡς
716 3773 768 3825 ἐπεὶ
787 3772 837 3825 im-
889 3777 942 3823 τῶν
960 3771 1117 3831 ἐπισκοπῶν,
1141 3765 1204 3820 καθ’
1225 3768 1256 3838 ήν
1279 3767 1373 3837 μᾶλλον
1395 3767 1546 3838 ήναντίωται

180 3855 268 3914 στατός
295 3857 360 3909 ἐστιν
382 3856 396 3909 ὁ
419 3857 512 3926 ιιόσμος
535 3860 579 3910 καὶ
601 3857 713 3928 αίσθήσιι
736 3859 837 3931 ληπτός,
888 3865 925 3928 τῷ
944 3859 1002 3928 τωρί
1020 3857 1048 3910 τό
1067 3853 1135 3926 ὕδωρ
1152 3859 1199 3925 τῆς
1216 3859 1270 3925 γῆς.
1289 3856 1333 3908 καὶ
1351 3854 1400 3925 οὐχ
1417 3854 1452 3912 ὡς
1469 3853 1545 3908 οίεται

182 3941 222 3995 θεοί
240 3961 266 3995 τε
285 3941 394 4013 ὁράσεως
412 3944 556 4014 γνωρίζεται
578 3947 622 3997 καὶ
645 3945 720 4016 ἁφῆς,
739 3945 774 4006 ὡς
793 3947 837 4015 μὲν
890 3942 1098 4015 Θεόφραστος,
1133 3941 1244 4011 ἀτελής
1279 3942 1364 3995 ίστιν
1398 3940 1412 3994 ὁ
1442 3941 1544 4011 λόγος·

179 4027 237 4088 όλος
264 4029 291 4082 δι’
323 4029 384 4083 ὅλου
411 4031 496 4099 φωτός
527 4031 722 4102 πεπληρωμένος
749 4033 837 4105 ὁρατὸς
889 4035 977 4104 ἀπορεῖ
992 4034 1039 4103 γὰρ
1058 4027 1152 4088 οὕτως·
1176 4029 1204 4082 τί
1226 4028 1261 4099 δή
1285 4047 1359 4082 ποτε
1377 4029 1472 4098 πυρὸς
1490 4030 1545 4098 μὲν

180 4116 225 4178 ὢν,
248 4116 284 4174 ὡς
307 4116 333 4170 θλ
354 4117 450 4188 στερεὸς
478 4119 555 4178 ἁπτός
582 4119 711 4190 ὑπάρχων.
740 4121 839 4192 ἐξαρκεῖ
889 4119 968 4172 ίθιον
986 4119 1051 4172 εἶπε
1070 4117 1105 4169 τὸ
1123 4115 1233 4186 ὁρατὸν
1251 4119 1303 4168 καὶ
1321 4116 1420 4186 γῆςτὸ
1438 4115 1544 4180 ἁπτόν,

180 4203 227 4273 γὰρ
243 4202 313 4275 αὐτῷ
331 4203 370 4256 διὰ
387 4205 466 4258 τῶνθι
478 4213 530 4258 τῶν
548 4205 690 4277 ιιίσθήσιων
707 4211 788 4263 πάντα
805 4213 837 4264 τὰ
888 4213 950 4260 τῶν
968 4206 999 4258 ii
1017 4205 1135 4258 λοιπῶν
1153 4204 1318 4274 στοιχείων
1337 4203 1435 4256 οίνθίν.
1466 4203 1544 4273 λίγω-

179 4287 288 4360 αἰσθητὰ
310 4291 458 4362 περιλαβεῖν.
482 4295 525 4346 καὶ
548 4293 612 4347 ίστιν
636 4333 744 4350 ......
769 4299 837 4351 iven-
889 4312 934 4362 μιν
952 4292 983 4363 θὴ
1002 4292 1045 4345 οίνν
1063 4293 1123 4364 πρὸς
1141 4291 1224 4356 αότόν,
1242 4290 1280 4344 ὅτι
1298 4293 1341 4344 καί
1358 4292 1429 4362 ἡμεῖς
1446 4290 1545 4362 θριῖνμιν

179 4378 219 4430 τία
236 4382 329 4442 ταῦτα,
351 4379 380 4431 τό
403 4378 491 4450 ὁρατὸν
516 4383 559 4433 καὶ
577 4381 628 4445 (τὸ>
645 4382 734 4436 ἁπτόν·
758 4387 837 4437 ταῦτα
889 4381 931 4433 τὸν
949 4380 1043 4449 νιόσμον
1057 4383 1101 4434 eei
1119 4377 1249 4446 ἁπτόμεθα
1267 4377 1358 4443 αὑτοῦ,
1376 4379 1500 4449 γενόμεθα
1519 4381 1544 4434 δὲ

180 4465 225 4536 γὰρ
244 4465 280 4524 ὡς
298 4465 410 4520 πλεῖστον
429 4469 563 4539 ἀφεστῶτα
584 4470 628 4520 καί
651 4468 699 4522 ὑπὸ
725 4470 754 4523 τό
776 4469 838 4523 «ini
888 4467 1047 4539 ήάνιοόομεν
1065 4467 1143 4521 οιίντοῖν
1161 4467 1177 4538 ή
1196 4465 1544 4538 όσφραινόμεθαοῦιιίτιιιτλ.

180 4553 249 4623 γένος
267 4553 377 4607 ίνοιντία·
401 4558 445 4610 καί
463 4557 540 4622 [141]
558 4556 604 4626 γὰρ
628 4553 736 4626 αἰσθητὰ
758 4555 838 4627 ἄμφω
888 4567 1000 4609 ceterum
1018 4560 1040 4608 ei
1054 4561 1136 4622 quinti
1151 4560 1266 4624 eorporis
1279 4560 1436 4608 mentionem
1448 4560 1474 4608 in
1487 4560 1544 4622 ipso

178 4642 223 4694 καί
239 4645 314 4694 τοῦτο
333 4641 418 4695 αὐτῶν
436 4643 465 4696 τὸ
477 4642 559 4696 ιιοινόν
573 4644 649 4713 γόνος,
668 4645 712 4696 τισί
724 4642 838 4698 πλεῖστον
888 4647 1061 4711 Theophrasti
1080 4647 1139 4696 ioco
1152 4647 1317 4712 explanatam
1329 4648 1465 4696 invenerat
1476 4646 1545 4696 Ten·

178 4729 328 4798 ἀφίστηνιεν,
346 4729 412 4800 timp
430 4731 459 4782 τὸ
478 4731 523 4799 μίν
542 4731 642 4800 ἀμίσως
660 4729 788 4801 αἰσθητόν,
805 4730 834 4783 τό
888 4751 944 4796 τοι,
967 4750 1060 4784 vereor
1084 4742 1113 4783 nt
1136 4735 1169 4784 ed
1194 4735 1337 4800 Opiniones
1362 4733 1463 4784 Usener
1490 4733 1545 4796 (qui

179 4815 205 4868 θλ
225 4815 272 4868 οίνιι
291 4817 398 4884 ἀμὲσως.
417 4817 476 4870 eiii
495 4817 582 4888 ζητοίη
601 4818 647 4887 μίν
665 4819 697 4870 τὰ
715 4817 740 4870 ίν
759 4837 834 4886 μιτα-
887 4822 975 4872 Procli
987 4823 1073 4872 loenm
1084 4822 1217 4884 indicavit)
1231 4831 1299 4872 reete
1311 4821 1362 4871 hoe
1374 4821 1543 4884 fragmentum
1654 4867 1656 4872 .

180 4902 280 4974 βλητοῖς
293 4903 390 4956 ίναντία
408 4911 460 4957 τῶν
479 4907 617 4977 στοιχείων,
636 4905 665 4958 οίν
676 4905 705 4957 τὸ
723 4909 772 4976 πῦρ
791 4908 834 4959 οιαὶ
888 4912 1025 4971 rettulerit,
1049 4925 1066 4959 ο
1088 4911 1180 4973 quibus
1203 4909 1391 4974 Peripateticae
1410 4908 1542 4958 doetrinee

179 4991 225 5062 τὴν
244 4995 303 5063 γῆν,
326 4990 390 5046 ἀλλὰ
413 4993 441 5046 τὸ
460 4996 509 5064 πῦρ
528 4993 617 5048 καὶτὸ
637 4991 704 5065 imp
724 4993 835 5066 ίροῦμιν,
889 5001 1016 5062 expositio
1035 4999 1088 5048 iere
1107 4999 1212 5049 exeium
1230 5006 1285 5049 eret
