3710 5730
331 378 373 444 26
613 385 627 431 Ι
662 383 712 433 DE
731 381 999 434 PLUTARGHEAE
1019 381 1203 434 EPITOMES
1223 381 1394 432 MEMORIA

330 550 428 633 igitur
454 550 537 615 ratio
565 550 737 616 temeraria
768 558 825 615 est.
866 551 964 615 immo
998 553 1130 635 πρηστῆρ
1160 558 1210 614 est
1236 548 1348 614 follis
1369 548 1575 633 fabrorum,
1599 549 1713 614 cuius

330 651 438 716 fistula
469 651 503 716 in
535 651 642 734 ignem
680 651 825 716 immissa
862 653 1008 718 flammas
1047 673 1172 718 sursum
1206 652 1393 717 eiaculatur.
1443 650 1516 714 huic
1549 650 1688 734 explica

331 753 408 818 tioni
436 754 669 819 Anaximandri
705 761 738 819 et
767 755 849 819 ratio
876 763 909 820 et
942 759 1046 822 oratio
1078 756 1192 820 mirum
1219 761 1372 836 quantum
1400 754 1497 819 favet.
1532 772 1607 817 nam
1633 753 1688 818 ills

331 856 466 939 opiones
498 855 659 938 sagaciter
699 857 900 938 excogitatas
941 859 1118 942 priscorum
1158 877 1247 923 more
1284 857 1517 940 ποιητικωτέροις
1551 857 1688 939 ὀνόμασιν

331 955 556 1042 l'Pbeophrast.
581 958 673 1043 phys.
697 959 734 1023 ir.
752 957 785 1046 2]
813 961 974 1052 expressit
1007 967 1040 1025 et
1070 959 1220 1042 antiquos
1248 958 1361 1042 opinor
1387 965 1528 1024 sectatus
1559 959 1688 1042 Apollo·

331 1058 403 1122 nius
425 1059 570 1125 Rhodius
591 1062 635 1126 IV
659 1063 721 1126 776
744 1062 820 1127 dum
843 1061 1045 1127 Homericum
1069 1063 1172 1127 utro
1193 1067 1282 1146 φῦσαι
1305 1061 1329 1124 δ’
1358 1063 1388 1124 ἐν
1410 1063 1556 1147 χοάνοισιν
1583 1062 1688 1126 ἐείκοσι

330 1166 419 1226 πᾶσαι
443 1165 558 1248 ἐφύσων
581 1165 717 1247 παντοίην
740 1165 899 1248 ἐῦπρηστον
922 1166 1034 1248 άυτμῆν
1057 1166 1206 1233 ἐξανιεῖσαι
1229 1164 1382 1246 imitatur,
1405 1165 1500 1229 tolles
1522 1170 1688 1248 πρηστῆρας

331 1263 478 1330 obsoleta
499 1286 582 1330 voce
603 1265 757 1331 nominat.
781 1269 913 1350 πρησπῆρ
935 1267 1020 1332 enim
1043 1267 1086 1331 ah
1101 1267 1216 1332 eadem
1236 1267 1337 1350 stirpe
1359 1287 1430 1350 pra
1451 1269 1503 1332 vel
1527 1287 1595 1351 par
1618 1291 1688 1352 pro·

331 1365 480 1432 ficiscitur
507 1368 593 1433 unde
622 1375 730 1452 πρῆσαι
755 1371 914 1453 ἑῦπρηστσς
941 1371 1110 1454 πρημαίνειν
1133 1369 1231 1434 ducta
1253 1377 1340 1453 suut,
1368 1369 1483 1452 quibus
1508 1370 1593 1436 inest
1620 1393 1688 1454 pro-

331 1469 401 1551 pria
423 1471 566 1554 spirandi
591 1471 689 1536 notio.
707 1471 713 1501 ¹
749 1471 824 1535 inde
845 1492 916 1535 eum
939 1472 1036 1536 ardor·
1050 1471 1139 1536 tlatni
1156 1471 1414 1554 coniungeretur,
1436 1471 1550 1553 igneus
1572 1480 1689 1538 ventus

330 1591 394 1636 uon
416 1571 526 1655 aptius
549 1592 645 1655 (piram
668 1573 754 1638 follis
777 1573 902 1638 fabrilis
924 1577 1056 1658 πρηστηρ
1079 1573 1316 1657 appellabatur.
1362 1575 1424 1638 hac
1445 1573 1542 1656 igitur
1564 1574 1689 1640 rationo

330 1673 525 1738 Placitorum
552 1674 707 1739 memoria
734 1676 812 1740 satis
839 1676 902 1740 iarn
930 1675 1065 1741 defensa
1093 1675 1153 1740 erit
1182 1675 1224 1738 ab
1254 1676 1339 1739 omni
1362 1673 1540 1740 coniciendi
1563 1675 1688 1740 temeri-

330 1781 406 1839 tate.
430 1796 505 1841 nam
523 1776 698 1842 Schustero
714 1779 853 1860 praeivit
864 1778 1134 1862 Wyttenhachius
1150 1784 1317 1862 πρηστῆρας
1332 1776 1368 1841 δι’
1389 1779 1490 1854 αὐλοῦ,
1506 1783 1541 1840 ut
1555 1775 1686 1842 Reiskei

330 1885 363 1942 et
384 1877 495 1944 Beokii
518 1887 701 1944 commenta
724 1886 943 1964 praeteream,
970 1881 1024 1963 qui
1047 1880 1106 1944 viri
1129 1889 1205 1946 ante
1229 1880 1330 1944 multa
1352 1881 1483 1944 saecula
1504 1879 1688 1944 habuerunt

332 1987 365 2042 et
385 1981 513 2045 errandi
530 1988 562 2046 et
579 1981 781 2047 coniectandi
797 1982 919 2047 socium
935 1982 1092 2047 Achillem
1109 1983 1261 2066 adquam
1277 2002 1363 2047 niune
1377 1982 1484 2047 redeo.
1507 2001 1582 2044 nam
1606 2001 1689 2064 quae

329 2078 412 2144 salso
427 2081 578 2148 lemmate
599 2085 743 2168 praefixo
760 2105 779 2150 e
795 2086 970 2150 Plutarcho
993 2085 1224 2168 intorpretatur
1245 2087 1319 2155 τινὲς
1341 2086 1374 2148 δὲ
1397 2090 1437 2154 ὡς
1461 2085 1519 2147 ἀπὸ
1535 2087 1688 2166 σάλπιγγος

330 2179 360 2266 [i.
378 2201 407 2246 e.
430 2183 531 2271 αὐλοῦ]
558 2189 592 2250 ἐκ
620 2189 717 2251 rodon
744 2191 834 2252 τόπου
857 2191 905 2251 καὶ
927 2194 1026 2252 στενοῦ
1049 2189 1206 2270 ἐκπέμπειν
1229 2189 1315 2251 αῦτδν
1343 2191 1375 2252 τὸ
1404 2194 1468 2272 φῶς
1495 2189 1593 2270 ὥσπερ
1619 2210 1688 2270 πρη·

331 2288 448 2366 etipsa
471 2307 511 2352 ea
533 2290 630 2372 plane
652 2291 694 2354 ad
720 2291 853 2356 istorum
879 2291 1043 2354 modulum
1067 2289 1202 2354 conficta
1225 2295 1308 2354 sunt.
1354 2309 1394 2354 ex
1417 2289 1531 2354 eodem
1554 2289 1689 2353 Achillis

331 2384 401 2448 loeo
424 2388 522 2454 mirus
554 2413 642 2456 error
672 2399 824 2474 tanquam
852 2393 1045 2474 contagione
1072 2394 1242 2475 plerosquo
1264 2391 1352 2456 viros
1373 2391 1487 2455 doctos
1509 2390 1688 2474 occupavit,

332 2492 451 2552 utnon
474 2501 680 2558 curvaturam
702 2500 792 2559 rotae
821 2495 878 2560 sed
901 2495 1076 2559 modiolum
1099 2491 1260 2579 (πλῆμνην)
1281 2493 1366 2575 ignis
1387 2493 1497 2560 sedem
1520 2492 1688 2576 opinaren-

330 2595 390 2654 tur.
414 2594 500 2675 quod
523 2595 663 2660 correxit
685 2596 959 2661 'ruiohmucuorus
982 2597 1073 2663 Stud.
1097 2619 1127 2680 p.
1147 2597 1195 2661 18.
1212 2597 1284 2661 ῦῦΟ.

408 2695 513 2778 Pergo
525 2698 661 2763 Achillis
674 2719 714 2764 ex
727 2699 900 2764 Plutarcho
912 2699 998 2764 furta
1010 2700 1164 2764 indicare.
1188 2704 1286 2781 caput
1300 2698 1341 2762 de
1353 2696 1431 2760 solis
1442 2697 1547 2761 forma
1562 2717 1592 2781 p.
1604 2699 1687 2761 λ39ο

330 2811 370 2858 ex
403 2796 489 2863 illius
516 2802 609 2867 una
631 2811 697 2862 1-3
726 2802 884 2885 manavit,
922 2803 999 2867 item
1032 2803 1073 2866 de
1109 2801 1292 2867 defectione
1326 2799 1445 2866 ibidem
1478 2819 1518 2864 ex
1544 2801 1638 2864 1124
1660 2809 1683 2862 ι.

330 2921 413 2983 quiae
441 2923 518 2968 vero
544 2925 576 2987 p.
594 2907 680 2969 llus
708 2905 749 2969 de
777 2904 998 2986 magnitudine
1026 2905 1104 2969 solis
1130 2913 1163 2969 et
1189 2925 1220 2986 p.
1238 2905 1352 2967 ldlrn
1379 2903 1421 2967 de
1446 2901 1544 2966 lunae
1568 2907 1686 2966 natura

330 3003 529 3068 disseruntur
552 3007 635 3071 adeo
658 3007 843 3090 discrepant
870 3012 904 3069 ut
927 3005 1118 3072 Plutarchus
1140 3013 1282 3070 autnon
1305 3013 1470 3088 respectus
1492 3010 1549 3067 aut
1571 3002 1687 3068 alienis

331 3105 427 3187 plane
455 3107 650 3174 incrustatus
672 3109 830 3174 videatur.
864 3115 962 3191 atque
985 3108 1140 3174 Heracliti
1168 3109 1278 3192 opinio
1308 3110 1382 3171 κατὰ
1406 3113 1483 3190 μῆνα
1506 3107 1539 3169 δὲ
1561 3103 1686 3168 ἐκλείπει

329 3207 387 3290 (so.
411 3233 429 3292 η
453 3210 574 3295 σελήνη)
598 3215 637 3281 ὡς
661 3213 712 3294 μὲν
730 3211 915 3294 Ἡράκλειτός
937 3233 1024 3295 φησιν
1048 3212 1156 3292 ὁμοίως
1178 3218 1220 3295 τῷ
1243 3212 1319 3294 ιἠλίιρ
1345 3215 1396 3273 τοῦ
1417 3210 1594 3294 φωτοειδοῦς
1616 3207 1687 3290 σχη-

331 3334 419 3390 ματος
446 3309 477 3396 [7
500 3316 689 3397 σκαφοειδοῦς
717 3311 878 3399 ὀχήματος]
909 3315 1137 3397 άναστμαφέντος
1163 3319 1272 3397 potest
1297 3312 1355 3376 illa
1381 3311 1512 3394 quidem.
1537 3329 1576 3374 ex
1603 3310 1686 3372 Plut.

330 3413 360 3476 11
377 3414 452 3476 293
485 3417 559 3478 κατὰ
589 3422 643 3499 τῆν
671 3422 721 3480 τοῦ
750 3419 939 3500 σκαφοειδοῦς
973 3418 1099 3500 στροφήν
1129 3421 1284 3497 excerpta
1314 3433 1396 3480 esse.
1440 3412 1558 3478 similia
1590 3411 1688 3476 etiam

330 3516 405 3580 ibid.
430 3539 461 3600 p.
481 3519 566 3582 ltin
589 3525 692 3604 σχῆμα
716 3520 749 3582 δὲ
764 3519 855 3602 αὐτῆς
871 3521 898 3581 οἱ
915 3521 966 3601 μὲν
989 3519 1178 3601 σφαιροειδές,
1202 3519 1229 3580 οἱ
1251 3518 1284 3580 δὲ
1306 3517 1460 3586 διονωειδές
1482 3521 1581 3596 atque
1603 3513 1687 3578 Plut.

329 3619 417 3684 Ι127
440 3630 449 3680 l
474 3624 501 3682 oi
527 3620 651 3684 Στωικοὶ
675 3623 844 3705 σφαιροειδῆ
868 3621 939 3684 εἶναι
1041 3628 1058 3681 3
1079 3618 1276 3704 Ἐμπεδοκλῆς
1298 3620 1471 3702 δισωιοειδῆ.
1510 3617 1689 3698 eademque

330 3721 455 3804 speeies
486 3723 720 3788 antecedentis:
755 3725 846 3806 ἕτεροι
878 3724 910 3784 δὲ
941 3727 994 3804 γῆν
1027 3722 1236 3806 πεπωρωμένην
1269 3721 1431 3805 στερέμνιον
1463 3719 1589 3805 ἔχουσαν
1615 3723 1687 3801 πῦρ·

330 3824 401 3887 εἶναι
424 3825 457 3886 δὲ
478 3825 568 3908 αὐτῆς
591 3824 701 3908 οἴκησιν
724 3825 830 3906 άλλην
852 3825 1000 3904 ποταμούς
1021 3847 1053 3886 τε
1075 3826 1123 3887 καὶ
1147 3826 1202 3888 ὅσα
1224 3824 1271 3886 su
1294 3829 1357 3906 γῆς.
1393 3822 1525 3888 namin
1548 3826 1688 3887 mentem

330 3925 419 3991 venit
448 3927 613 3991 Plutarchi
635 3928 763 3992 11249
792 3925 981 4009 Ἀναξαγόρας
1007 3927 1186 4010 Δημόκριτος
1218 3925 1369 4008 στερέωμα
1395 3925 1532 4008 διάπυρον
1561 3922 1631 4008 ἔχον
1659 3923 1689 3986 ἐν

330 4031 425 4114 ἑαυτῷ
449 4029 533 4092 πεδία
555 4031 603 4093 καὶ
627 4030 680 4114 ὅρη
703 4031 750 4094 καὶ
773 4032 931 4113 φάραγγας·
969 4027 1027 4092 sed
1050 4048 1121 4093 cum
1144 4025 1350 4109 singulariter
1372 4023 1492 4089 dietum
1514 4025 1557 4090 sit
1578 4025 1688 4108 οἴκησιν

330 4130 445 4215 σΐλληνΒ
477 4151 516 4196 ac
548 4131 730 4196 consentiat
763 4130 937 4195 Laertiana
968 4129 1184 4211 Anaxagorae
1220 4129 1287 4193 vita
1309 4129 1382 4194 us
1414 4131 1466 4214 τῆν
1501 4131 1533 4193 δὲ
1567 4131 1689 4212 σελήνην

330 4237 456 4318 οἰκήσεις
483 4233 561 4318 ἔχειν
592 4236 679 4298 ἀλλὰ
706 4232 732 4319 l?
748 4233 852 4300 ἄλλας,
882 4249 1076 4313 quamquam
1103 4231 1185 4294 illud
1212 4229 1344 4296 defendi
1371 4237 1477 4314 potest
1503 4231 1545 4296 cf.
1569 4229 1691 4294 Thnrot

330 4337 373 4401 ad
399 4336 490 4401 Alex.
514 4336 548 4399 in
575 4337 628 4400 Ar.
652 4336 684 4400 d.
708 4334 792 4402 sens.
817 4356 849 4418 p.
864 4331 938 4418 431]
962 4335 1009 4396 καὶ
1031 4334 1138 4417 λόφους
1160 4337 1207 4398 καὶ
1234 4337 1398 4418 φάραγγας,
1421 4353 1486 4398 uon
1516 4352 1534 4396 e
1561 4329 1691 4396 Placitis

331 4437 411 4502 illud
443 4445 555 4522 caput,
587 4437 645 4504 sed
672 4459 690 4504 e
718 4435 937 4504 Posidoniano
969 4435 1083 4518 opinor
1117 4435 1347 4502 commentario
1379 4455 1539 4500 manasse.
1580 4439 1693 4497 contra

330 4563 361 4624 p.
376 4541 461 4604 rure
472 4561 519 4623 sq.
535 4541 577 4606 de
592 4539 698 4606 ventis
714 4540 801 4604 haud
817 4537 1032 4604 dubitaverim
1048 4557 1088 4602 ex
1100 4539 1184 4602 Plut.
1198 4537 1245 4601 Ill
1263 4537 1279 4600 7
1304 4549 1325 4602 r.
1346 4548 1362 4598 3
1382 4543 1535 4620 excerpta
1550 4535 1691 4600 eredere.

331 4642 389 4708 sed
410 4643 491 4708 haee
514 4643 679 4708 haetenus.
713 4641 754 4707 de
777 4641 880 4705 altero
904 4659 999 4722 quem
1021 4641 1112 4722 tetigi
1135 4639 1271 4704 Achillis
1293 4639 1384 4704 fonte
1406 4637 1539 4704 inferius
1559 4636 1691 4701 dicetur.

333 4765 559 4773 -.-—...-....—.-...
666 4767 733 4773 .—

403 4815 410 4846 ¹
431 4818 462 4866 cl.
482 4818 631 4866 Buttmanni
652 4817 756 4878 lexilog.
776 4817 788 4863 l
810 4812 859 4864 105
884 4815 965 4863 Curtii
984 4813 1057 4864 Stud.
1077 4813 1113 4862 IV
1127 4811 1187 4864 ⁴228.

403 4901 598 4967 “interpretor:
619 4904 725 4951 irruam
746 4901 901 4963 praebere
921 4903 1053 4948 alterum
1072 4901 1272 4949 domicilium
1286 4909 1417 4964 praeter
1431 4912 1563 4957 terram,
1579 4891 1693 4949 σιάλλος

289 4978 294 4986 ’
330 4993 363 5040 sit
381 4991 448 5039 idem
465 4991 534 5054 quod
554 4987 635 5056 ἕτερος
655 4991 725 5037 velut
744 4993 768 5039 iu
788 4985 862 5044 ἄλλος
881 4985 940 5053 ἐγώ,
960 4984 1034 5042 ἄλλος
1049 4982 1183 5053 ”11ρααλῆς.
