3708 5732
695 433 972 485 rsocscounun
1468 433 1508 496 37

148 603 210 690 hoc
237 603 437 688 potissimum
466 602 605 684 elegisse
631 611 663 668 et
693 623 752 668 usu
775 603 922 669 sanxisse
944 603 1103 668 videntur.
1148 602 1218 686 ipse
1240 609 1348 667 autem
1373 602 1510 685 scriptor

148 707 339 772 sollemnem
365 705 493 770 titulum
517 703 638 789 Ἀρείου
660 705 788 786 Διδώρου
815 705 1038 789 inscripserat,
1067 705 1154 770 unde
1180 725 1238 770 suo
1265 703 1334 769 iure
1357 703 1510 786 epitoma-

149 805 274 872 toribus
302 807 464 891 posterius
490 827 608 872 nomen
637 813 672 872 ut
695 807 873 891 principale
895 807 1049 874 exhibere
1071 807 1169 872 licuit.
1214 826 1289 872 nam
1312 805 1508 871 Graecorum

148 928 239 974 more
260 907 447 991 primarium
469 928 588 974 nomen
610 908 723 974 ultimo
746 910 818 974 loeo
840 915 977 994 apparet
999 910 1089 974 utin
1112 909 1163 973 his
1185 909 1314 977 Φλάυιος
1330 906 1509 992 Ἰώσηππος,

147 1008 278 1079 Κάσσιος
303 1010 394 1088 Δίων,
422 1009 581 1094 Οὐαλέριος
599 1011 839 1096 Ἀρποκρατίων,
870 1013 1007 1097 Δοιέρτιος
1030 1011 1183 1094 Διογένης,
1211 1009 1341 1095 Τιβέριος
1365 1009 1509 1082 Κλαύδιος

143 1111 436 1198 ἈττικδςῊρώδης.
471 1112 545 1178 hinc
561 1113 721 1199 Didymus
743 1115 919 1198 legitimum
942 1135 1070 1199 nomen,
1087 1113 1207 1197 ’Ἀρειος
1229 1113 1330 1196 patris
1351 1113 1507 1178 adscitum

149 1235 330 1299 cognomen
357 1215 493 1283 videtur.
539 1216 589 1281 cui
620 1215 735 1281 rationi
763 1236 805 1282 ne
827 1217 1043 1282 Romanorum
1066 1215 1195 1300 quidem
1218 1235 1295 1280 usus
1316 1221 1351 1280 ut
1373 1215 1439 1280 dixi
1462 1236 1509 1281 re·

145 1325 318 1402 pugnaret
363 1325 398 1384 at
428 1325 589 1402 repugnat
614 1319 826 1404 Etymologie.
850 1319 892 1384 M.
920 1341 950 1402 p.
974 1321 1087 1402 139,1
1112 1315 1231 1402 Ἀρειος
1259 1321 1274 1381 δ
1298 1316 1507 1403 Ἀλεξανδρεὺς

142 1421 303 1505 φιλόσοφος
326 1420 356 1484 ἐν
378 1417 586 1506 ἑορτῇἈρεος
609 1421 730 1508 ἐτέχθη.
764 1423 809 1485 διὸ
832 1423 924 1491 οὕτως
944 1423 1119 1504 ὠνόμασται.
1154 1427 1275 1504 quanta
1290 1419 1370 1486 fides
1386 1428 1506 1505 etymo·

142 1523 221 1606 logo
244 1521 396 1588 habenda
418 1523 469 1608 sit,
492 1523 615 1606 ignoro.
639 1545 754 1589 moneo
778 1529 886 1590 autem
908 1543 951 1588 ne
972 1524 1035 1589 boc
1058 1523 1128 1588 loeo
1148 1523 1190 1588 ad
1206 1523 1321 1588 Heinei
1338 1523 1505 1608 rationem,

142 1623 199 1708 qui
222 1630 330 1690 tamen
346 1625 416 1691 eius
438 1625 596 1691 rationem
619 1625 740 1691 babere
761 1627 874 1711 noluit,
897 1625 1052 1710 abutaris,
1073 1645 1112 1691 ex
1128 1625 1279 1708 genetivo
1294 1624 1409 1709 Ἀρείου
1424 1626 1504 1690 Διδύ-

142 1753 201 1810 μυυ
223 1747 289 1792 nou
312 1733 399 1793 certo
422 1726 504 1793 effici
527 1747 623 1811 posse
645 1735 750 1792 utrum
766 1748 885 1793 nomen
899 1727 996 1793 fuerit
1011 1725 1132 1811 ’Ἀρειος
1149 1727 1273 1810 Δίδυμος
1295 1728 1315 1794 1.
1332 1748 1360 1793 e.
1380 1727 1505 1809 Δίδυμος

142 1831 231 1895 δοιαὶ
248 1828 368 1914 Ἀρειος
395 1850 438 1895 an
454 1829 574 1914 ’Ἀρειος
597 1831 723 1912 Διδύμου
751 1829 1020 1912 quomadmodum
1049 1829 1196 1896 Herodes
1218 1829 1343 1896 Atticus
1369 1867 1403 1877 —
1429 1831 1504 1896 licet

140 1933 229 1999 enim
252 1939 415 2018 repetere,
444 1933 520 2016 quia
543 1932 700 1998 eiusmodi
723 1933 853 2015 gemina
875 1933 1101 1998 nominasent
1124 1934 1288 1998 rarissima
1309 1971 1352 1980 —
1375 1939 1504 2018 praeter

139 2037 332 2104 soliemnem
358 2035 494 2101 formam
522 2041 657 2100 vocatur
684 2035 782 2100 etiam
800 2035 933 2120 Ἡρώδης
952 2034 1106 2110 Ἀττικοῦ,
1135 2035 1220 2118 quod
1248 2037 1345 2119 paulo
1376 2035 1503 2120 plenius

139 2139 260 2221 legitur
287 2139 385 2204 etiam
404 2138 537 2223 Ἡρώδης
563 2143 615 2201 τοῦ
633 2136 803 2201 ’dressed'
848 2143 919 2201 utut
946 2137 988 2202 de
1016 2137 1077 2204 hac
1106 2159 1140 2203 re
1167 2138 1227 2204 viri
1251 2137 1336 2203 docti
1360 2145 1503 2204 statuent

138 2247 234 2308 —et
254 2241 463 2308 vehementer
484 2241 579 2326 cupio
601 2240 804 2307 accuratiora
826 2260 867 2304 ex
882 2238 1143 2326 inscriptionibus
1158 2241 1266 2306 doceri
1282 2280 1322 2288 -
1339 2239 1502 2307 Meinckei

174 2499 203 2562 3)
220 2495 329 2556 Λικίνιος
346 2495 443 2567 Ἀρειος
462 2493 572 2565 Ταρσεὺς
597 2499 780 2562 Asclepiadeus
804 2499 979 2548 Andromach.
1003 2516 1044 2564 ap.
1068 2501 1126 2550 Gal.
1146 2501 1213 2550 XIII
1231 2499 1284 2552 480
1307 2499 1363 2561 [ubi
1382 2501 1501 2562 vulgetur

135 2585 262 2639 riccerico
280 2583 399 2654 Ἀρείου).
428 2589 521 2636 Licinii
541 2587 616 2636 Bessi
635 2587 683 2636 luit
701 2587 811 2645 amicus,
835 2587 918 2634 eidem
944 2589 1011 2635 enim
1030 2589 1198 2636 Dioscorides
1221 2589 1353 2636 materiam
1376 2587 1500 2636 medicam

136 2675 270 2726 dedicarit
288 2677 318 2725 ct.
339 2675 396 2725 Gal.
416 2675 485 2724 XIII
502 2670 553 2724 587
578 2670 612 2728 ώς
631 2668 656 2721 δὲ
674 2667 835 2738 Διοοιιυρίδης
854 2668 867 2721 δ
886 2667 994 2738 Ταρσεὺς
1013 2670 1107 2724 ἔδωκεν
1125 2670 1215 2742 Ἀρείῳ
1234 2679 1271 2741 τῷ
1289 2669 1499 2741 Ἀσιιληπιαδείῳ.

136 2764 198 2816 Gal.
212 2764 265 2814 XII
278 2759 338 2822 828,
351 2762 418 2812 xtn
434 2757 483 2813 182
503 2761 546 2808 ubi
565 2757 594 2808 ίκ
613 2763 665 2808 τῶν
682 2754 781 2826 Ἀρείου
795 2754 1004 2827 Ἀσκληπιαδείων
1023 2777 1069 2824 pro
1084 2763 1187 2824 vulgato
1206 2756 1394 2828 Ἀσκληπίαδου
1412 2763 1499 2824 legen-

136 2853 209 2900 dum.
234 2851 367 2901 Tarsensis
387 2857 494 2898 vocatur
513 2847 570 2898 Gal.
588 2849 655 2898 XIII
675 2846 734 2908 247,
754 2848 808 2896 XII
828 2845 886 2899 636.
905 2847 1024 2910 [Soram]
1043 2849 1075 2897 V.
1095 2849 1216 2912 Hippocr.
1239 2848 1247 2898 l
1272 2866 1294 2912 ρ.
1308 2845 1398 2908 449,5
1418 2849 1498 2898 West.

135 2954 215 3001 quem
231 2939 356 2988 Herodoti
376 2935 468 2984 medici
487 2941 584 2998 patrem
604 2936 683 2984 credit
696 2936 765 2984 Heas
779 2937 810 2984 de
824 2936 885 2998 phil.
899 2946 976 2999 scept.
989 2951 1096 2984 success.
1116 2953 1140 3000 p.
1155 2935 1196 2988 76.
1210 2943 1236 2985 at
1248 2935 1381 2999 Diogenes
1393 2935 1434 2984 IX
1448 2933 1497 2986 116

136 3026 218 3074 habet
235 3019 350 3089 Ἀριέως.
379 3031 511 3087 praeterea
530 3023 609 3070 multo
628 3031 683 3070 erat
701 3031 784 3071 aetate
804 3023 909 3072 inferior

171 3111 200 3172 4)
220 3113 326 3161 Arena
345 3112 432 3160 rhetor
451 3126 466 3159 a
485 3109 647 3170 Quintiliano
666 3109 708 3158 III
729 3109 739 3159 l
762 3119 784 3156 le
802 3108 844 3171 [ci.
864 3111 890 3159 II
913 3107 944 3161 15
963 3109 998 3171 bt]
1028 3113 1095 3159 inter
1117 3111 1286 3175 Apollonium
1310 3112 1442 3161 Molonem
1472 3121 1496 3162 et

133 3201 281 3250 Caecilium
300 3191 463 3248 enumeratus

169 3285 197 3348 5)
215 3281 305 3353 Ἄρειος
323 3283 336 3336 δ
355 3281 452 3351 ψάλτης
471 3283 618 3332 Stratonice
637 3284 752 3345 aequalis
772 3284 867 3334 Athen.
888 3284 955 3334 VIII
975 3301 998 3348 p.
1012 3282 1089 3334 352s

172 3375 200 3436 6)
217 3369 316 3440 Ἀρειος
334 3371 360 3423 ἐν
378 3375 429 3426 τοῖς
447 3367 529 3420 ἔπεσιν
548 3371 625 3420 Pane.
644 3371 657 3418 I
679 3369 710 3420 13
730 3381 752 3416 ts

172 3461 198 3522 7)
216 3455 404 3527 ’Ἀσκληπιάδης
422 3455 435 3508 ὁ
454 3459 498 3506 τοῦ
515 3452 634 3523 Ἀρείου
653 3455 679 3506 ἐν
697 3462 733 3524 τῷ
753 3457 807 3524 περὶ
824 3452 969 3524 Δημητρίου
986 3460 1031 3507 τοῦ
1050 3453 1189 3526 Φαληρέως
1207 3461 1377 3528 συγγράμματι
1400 3462 1496 3513 Athen.

132 3551 205 3600 XIII
226 3547 301 3601 tete

170 3635 199 3698 8)
216 3631 313 3702 Ἀρειος
332 3628 487 3684 δυναστείιων
505 3630 530 3680 ἐν
548 3635 580 3698 τῇ
600 3625 738 3698 Τευθρανίᾳ
757 3633 834 3682 Ριιυε.
853 3631 864 3679 l
887 3630 915 3681 11
936 3641 948 3677 a

171 3723 198 3784 9)
215 3717 313 3790 'lipsiae
330 3715 463 3788 Δωρίωνος
483 3713 611 3775 Παιανιεὺς
630 3719 726 3770 archon
746 3719 911 3768 Atheniensis
930 3729 988 3782 post
1006 3735 1030 3768 a.
1049 3717 1082 3768 27
1101 3735 1124 3768 a.
1145 3722 1204 3772 Chr.
1224 3723 1253 3772 C.
1270 3724 1290 3772 1.
1304 3724 1335 3774 G.
1355 3722 1407 3774 478

154 3809 200 3874 10)
216 3805 315 3878 Ἀρεως
333 3824 455 3859 romanus
474 3809 589 3857 centurio
609 3807 712 3870 Ioseph.
731 3807 801 3856 arch.
821 3807 899 3856 XVII
921 3804 952 3856 10
971 3815 990 3868 t,
1009 3807 1067 3856 bell.
1087 3809 1143 3857 Iud.
1163 3810 1188 3859 ll
1208 3809 1224 3860 4
1243 3819 1255 3856 a
1273 3808 1289 3861 5
1309 3820 1318 3856 ι

155 3898 199 3960 11)
215 3893 314 3966 Ἀρειος
333 3905 408 3948 notus
428 3897 571 3946 haereticus

155 3983 199 4046 12)
219 3980 332 4052 Αὐρηλία
351 3977 469 4033 Συλλεῖνα
487 3977 586 4048 Ἀρείου
604 3981 633 4030 C.
647 3982 668 4030 I.
682 3982 713 4032 G.
727 3980 796 4032 3419
815 3984 890 4031 inser.
909 3981 1106 4047 Philadelphiae
1125 3985 1230 4036 inventa

154 4071 196 4134 13)
213 4067 312 4140 Ἀρειυς
330 4070 392 4122 ibid.
411 4068 489 4122 3823.
508 4071 640 4134 Cotyaeae
660 4077 761 4133 reperta

155 4160 199 4222 14)
215 4155 314 4226 Ἀρειυς
330 4154 464 4225 Ὁμηρικὸς
486 4153 591 4222 ποιητὴς
615 4153 644 4206 ἐκ
664 4148 793 4220 Μουσείου
817 4157 1028 4206 Orelli-Henzen
1048 4159 1088 4207 lll
1109 4175 1132 4222 p.
1150 4157 1211 4220 124,
1236 4161 1327 4210 lleibel
1346 4165 1494 4225 epigramm.

130 4265 157 4298 n.
177 4245 244 4298 1009
262 4263 286 4312 p.
299 4243 352 4296 425
1410 4267 1413 4274 ·

155 4331 199 4395 15)
217 4327 311 4400 Ἀρηος
323 4327 462 4398 -τἈρειος
481 4347 569 4396 papyr.
588 4337 689 4394 aegypt.
708 4334 793 4383 Notic.
813 4341 838 4380 et
855 4339 919 4381 extr.
939 4333 964 4380 d.
984 4347 1111 4384 manuscr.
1131 4336 1224 4384 XVIII
1244 4333 1260 4385 2
1280 4353 1303 4400 p.
1317 4333 1376 4386 331.

208 4417 216 4450 ¹
236 4421 267 4470 de
292 4421 370 4470 variis
392 4422 481 4470 formis
505 4424 558 4486 egit
579 4427 722 4485 postremus
745 4420 926 4483 Dittenberger
949 4421 1087 4470 Archaeol.
1113 4423 1140 4472 Z.
1165 4424 1283 4473 XXXIV
1303 4423 1336 4474 59
1359 4435 1385 4473 et
1408 4427 1494 4475 Herm.

131 4507 203 4558 XIII
224 4505 265 4558 67.
285 4515 363 4558 anm
375 4507 477 4571 Rocper
490 4510 518 4558 Z.
538 4510 554 4558 l.
574 4508 769 4559 Alterthumsw.
792 4505 856 4560 1852
875 4506 976 4571 434sq.
999 4511 1043 4571 qui
1067 4517 1151 4558 tamen
1171 4511 1236 4559 falsa
1258 4511 1402 4560 admiscuit.
1426 4514 1496 4574 quod

130 4598 160 4644 in
181 4595 267 4659 elogio
282 4609 297 4644 a
310 4595 467 4646 Philostrato
487 4605 589 4646 serrato
604 4599 636 4646 V.
650 4597 676 4647 S.
696 4612 720 4659 p.
734 4591 785 4646 566
804 4590 914 4645 Ἀττικοῦ
928 4589 1042 4661 Ἡρώδης
1060 4600 1242 4660 transpositum
1260 4606 1306 4656 est,
1327 4615 1401 4648 versu
1420 4600 1495 4648 effec-

131 4693 187 4731 tum
207 4683 315 4744 videtur,
334 4684 383 4732 nisi
402 4677 510 4739 Ἀττικὸς
524 4679 639 4750 Ἡρώδης
658 4684 796 4732 rescribere
816 4691 936 4746 praestat.
956 4684 986 4732 cl.
1001 4685 1119 4747 exempla
1131 4683 1331 4747 Dittenbergeri.
1363 4685 1411 4734 hoc
1431 4689 1496 4735 inter

131 4785 224 4820 omnes
247 4777 347 4820 constat
362 4763 463 4836 Ἡρώδη
486 4765 603 4821 Ἀττικόν
628 4771 755 4821 Graecum
782 4772 909 4820 neminem
932 4771 1035 4820 dirisse.
1073 4773 1099 4820 iu
1124 4771 1257 4821 ridiculum
1285 4787 1397 4820 errorem
1423 4773 1494 4821 Butt-

130 4871 256 4905 mannum
276 4857 321 4907 Gr.
341 4857 385 4907 Gr.
399 4857 427 4905 II
441 4855 492 4909 436
511 4858 614 4907 induxit
631 4857 727 4907 Suidae
746 4863 835 4920 stupor
853 4851 977 4912 Διονίισιος
996 4852 1174 4924 Ἀλεξανδρεύς,
1193 4853 1259 4926 Θρᾲξ
1278 4855 1297 4907 δ’
1318 4855 1428 4908 ἀπὸτοῦ
1448 4874 1495 4907 τια-

129 4939 189 5008 τρδς
208 4935 292 5009 Τήρου
311 4936 394 5009 Τῆρος
412 4938 522 5008 τοῦνομα
540 4940 650 5011 κληθείς,
670 4945 713 4994 ubi
732 4939 814 5013 Τῆρυς
833 4944 952 5006 (debebat
971 4946 1060 4995 saltem
1080 4939 1176 5014 Τήρης)
1205 4947 1299 4996 dudum
1325 4945 1400 4996 obelo
1421 4953 1493 4996 rrota‘

131 5037 187 5078 tum
206 5038 261 5080 eret
279 5029 312 5080 ab
332 5031 535 5084 llamstarhuaio.
