3756 5736
737 407 1012 459 Pronnoomnrvs
1326 421 1333 430 ·
1492 404 1552 469 181

193 578 290 660 κοινὴν
313 575 398 645 δόξαν
422 581 480 638 τῶν
503 581 634 660 φυσικῶν
657 573 729 638 εἶναι
752 575 852 658 ἀληθῆ
876 579 917 644 ὡς
936 575 970 640 οὐ
986 576 1135 658 γινομένου
1152 577 1267 646 οὐδενὸς
1283 576 1317 640 ἐκ
1331 582 1382 640 τοῦ
1402 578 1443 660 μὴ
1464 576 1552 648 ὄντος.

192 677 277 744 sotii
299 683 409 743 autem
431 674 570 759 vestigia
592 676 688 742 etiarn
711 675 744 740 in
767 675 975 761 Pythagorae
997 677 1145 743 doctrina
1167 678 1250 742 138
1269 679 1447 762 pollucem,
1470 699 1554 761 quae

192 800 259 846 non
284 780 388 845 solum
416 797 458 846 en
485 778 651 844 lutulentis
677 776 819 844 fontibus
845 777 963 845 hausta
985 780 993 811 ¹
1021 781 1079 846 sed
1107 779 1204 848 etiam
1230 780 1432 847 scholasticis
1460 782 1554 864 nugis

192 881 320 949 deflexa
345 881 482 947 videtur.
526 881 701 965 praecipue
727 879 888 946 mirabilia
914 887 989 946 sunt
1010 887 1156 947 extrema
1178 883 1238 946 οἷον
1254 887 1370 947 πολλῶν
1394 881 1484 946 ὄντων
1508 885 1553 948 ἁν-

193 987 321 1070 θμώπων
344 986 371 1048 cI
394 984 446 1066 μὲν
469 983 517 1046 ἐπὶ
540 983 643 1068 μέρους
665 983 735 1048 εἰσὶν
758 983 930 1066 ἀναίσθητοι
951 986 1013 1047 κτλ.
1041 985 1170 1050 omnino
1193 991 1323 1069 praeter
1345 1005 1385 1051 ca
1407 1005 1489 1068 quac
1513 1006 1553 1051 cx

192 1086 367 1153 Aristotele
393 1083 497 1170 petita
528 1090 616 1170 sunt,
649 1085 929 1172 Pythagoreorum
955 1085 1077 1169 placita
1103 1107 1144 1152 ex
1171 1087 1463 1172 pseudepigraphis
1489 1088 1554 1154 illis

192 1187 283 1255 libris
313 1189 433 1254 hausta
457 1187 622 1272 videntur,
652 1187 706 1272 qui
731 1187 1024 1255 Alexandrinorum
1046 1194 1155 1254 aetate
1177 1195 1210 1254 ct
1230 1191 1328 1274 paulo
1350 1197 1466 1275 postea
1481 1212 1554 1256 con-

192 1291 269 1359 fecti
289 1298 375 1358 sunt.
408 1291 498 1356 velut
512 1289 642 1356 Thaleti
664 1295 696 1356 et
712 1290 920 1376 Pythagorae
943 1291 1031 1356 1112
1052 1301 1065 1352 1
1089 1291 1232 1374 vulgaris
1249 1291 1291 1357 de
1307 1292 1553 1376 quinqueremis

193 1393 342 1461 doctrina
363 1391 512 1459 tribuitur
534 1391 742 1476 eiusdemque
764 1392 893 1476 generis
914 1399 990 1458 sunt
1010 1392 1122 1460 haecI
1140 1396 1157 1459 l
1175 1403 1191 1456 2
1210 1393 1250 1461 cf.
1268 1394 1359 1461 Alex.
1375 1413 1427 1479 ap.
1444 1395 1552 1461 Laert.

193 1497 271 1563 VIII
287 1497 337 1580 12,
361 1495 465 1560 1113
490 1496 563 1562 Ilb
579 1506 594 1557 7
613 1493 652 1560 cf.
669 1495 733 1561 vit.
750 1493 891 1580 Pythag.
907 1514 959 1579 ap.
976 1494 1069 1562 Phot.
1093 1517 1124 1581 p.
1137 1499 1217 1564 439·
1234 1498 1285 1581 38,
1312 1497 1418 1562 1191
1448 1497 1549 1562 1141

191 1599 344 1664 111141.
372 1597 508 1665 Thalem
530 1597 737 1683 physicorum
762 1603 932 1682 parentem
955 1598 1063 1665 omnia
1084 1600 1165 1666 talia
1186 1599 1364 1684 praeivisse
1386 1599 1456 1665 istis
1479 1619 1552 1664 oon-

192 1706 384 1768 sentancum
411 1700 583 1767 uidebatur
608 1701 698 1766 velut
718 1700 751 1764 Π
771 1701 789 1764 1
811 1707 826 1760 2
850 1699 950 1784 Θαλῆς
975 1703 1023 1766 καὶ
1052 1704 1079 1765 ol
1106 1702 1156 1766 ἀπ’
1183 1703 1273 1768 αὐτοῦ
1299 1703 1420 1766 ἔνατον
1443 1703 1551 1783 κόσμον

193 1804 233 1870 ci.
256 1804 363 1870 Zeller
384 1805 419 1868 1⁴
436 1801 516 1870 119¹
538 1804 574 1868 1⁴
591 1801 671 1868 181⁰
693 1802 884 1868 et111101
905 1802 944 1870 ef.
966 1803 1073 1870 Zeller
1094 1804 1128 1869 1⁴
1145 1805 1237 1870 182⁴.
1271 1805 1329 1870 sed
1352 1803 1431 1869 talia
1453 1804 1552 1870 etiam

193 1914 270 1974 ante
284 1907 413 1973 Attium
428 1905 603 1990 scriptores
617 1904 769 1989 decipere
784 1905 943 1990 solebant,
966 1913 1001 1972 ut
1016 1906 1078 1972 nisi
1100 1907 1157 1972 illa
1172 1908 1188 1972 Ι
1205 1909 1224 1972 3
1239 1917 1256 1970 8
1275 1913 1456 1973 commenta
1470 1905 1551 1971 nihil

193 2029 215 2074 a
235 2009 433 2076 Placitorum
455 2029 544 2074 more
564 2008 740 2075 abhorrere
762 2015 851 2074 certo
872 2008 993 2092 possim
1014 2007 1185 2076 affirmare.

276 2113 347 2180 Nec
372 2110 459 2178 tertii
484 2109 572 2176 illins
597 2110 670 2176 libri
700 2109 795 2194 primi
816 2109 932 2194 capitis
955 2117 1080 2176 ceteras
1106 2111 1278 2178 memorias
1299 2109 1393 2175 Aetio
1422 2129 1463 2174 ex
1493 2129 1553 2175 sua

193 2215 332 2282 lectione
357 2213 536 2280 innotuisse
558 2211 727 2298 probabile
753 2212 841 2278 οοο.9
883 2233 960 2280 nam
985 2213 1082 2278 ardor
1108 2214 1163 2280 ille
1189 2213 1242 2279 vel
1266 2212 1477 2297 impugnandi
1499 2213 1553 2278 vel

194 2317 406 2386 eruditionem
434 2317 575 2383 alienam
602 2315 785 2382 ostentandi
817 2315 879 2382 cito
909 2315 1124 2399 refrigeratur.
1169 2335 1234 2400 qna
1261 2315 1391 2400 pigritia
1416 2313 1553 2380 feliciter

193 2421 367 2506 impeditus
394 2426 508 2487 estne
530 2417 764 2484 Placitorum
791 2437 875 2502 quae
898 2419 1005 2486 dicere
1029 2419 1118 2484 soleo
1144 2424 1379 2486 vetustorum
1401 2417 1553 2483 resolutis

195 2524 384 2591 staminibus
413 2522 547 2587 nimium
577 2518 763 2586 recentiorIs
792 2517 838 2584 lili
864 2521 1085 2589 intertexeret.
1134 2540 1210 2586 nam
1240 2527 1275 2586 ut
1301 2519 1442 2586 concedo
1469 2519 1553 2586 inter

194 2627 354 2712 genuInae
374 2625 531 2692 materiae
552 2621 788 2688 multitudinem
810 2642 876 2688 non
897 2625 989 2689 nulla
1009 2622 1193 2690 adulterina
1214 2624 1318 2690 latere
1339 2621 1382 2688 ab
1403 2622 1497 2687 Attio
1519 2621 1552 2686 in

194 2730 313 2796 iustam
335 2728 475 2813 speclem
497 2725 687 2794 assimulata
709 2730 819 2791 tamen
840 2724 882 2790 de
903 2725 1055 2792 universa
1074 2731 1274 2792 vetustorum
1289 2724 1485 2792 Placitorum
1507 2724 1553 2788 in·

193 2831 269 2897 dole
291 2831 368 2914 quin
389 2836 478 2896 recte
499 2827 709 2894 indicaverim
731 2847 796 2893 uno
819 2826 877 2892 sed
899 2826 1160 2894 manifestissimo
1182 2826 1301 2894 indicio
1324 2826 1552 2911 comprobabo.

192 2932 323 3000 Attiani
345 2932 418 2999 libri
441 2931 587 2998 ordinem
609 2930 643 2996 in
658 2949 815 2994 summam
838 2928 974 3014 probum
990 2929 1042 2996 hic
1056 2929 1122 2995 illic
1143 2927 1373 2996 absurdissime
1396 2948 1469 2995 esse
1483 2947 1554 3013 per-

194 3056 323 3101 versum
347 3055 446 3119 supra
466 3057 498 3119 p.
514 3035 557 3100 56
568 3054 636 3118 sqq.
664 3033 751 3098 clare
773 3032 993 3098 demonstravi
1015 3051 1121 3114 neque
1141 3031 1271 3098 Attinm
1293 3031 1459 3098 turbarum
1481 3050 1553 3097 esse

192 3144 358 3204 auctorem
386 3137 504 3221 celavi,
531 3135 585 3220 qui
615 3135 779 3202 accersitis
806 3133 965 3218 capitibus
991 3133 1159 3218 pristinam
1187 3133 1428 3219 discriptionem
1453 3141 1554 3199 trans

192 3258 322 3305 versam
345 3239 472 3322 egissd.
509 3257 615 3322 neque
638 3236 723 3303 enim
745 3257 837 3302 snum
858 3237 914 3303 ille
936 3236 1105 3302 consilium
1127 3236 1213 3320 quod
1234 3235 1277 3301 ad
1292 3242 1553 3318 argumentorum

193 3342 356 3427 quandam
386 3339 661 3408 continuationem
691 3339 860 3423 spectabat
884 3346 1014 3424 poterat
1035 3338 1212 3422 perducere
1233 3357 1338 3420 neque
1360 3357 1418 3422 spe
1440 3357 1480 3402 ea
1501 3337 1554 3402 de-

192 3427 297 3512 iectub
318 3444 427 3511 aliena
451 3441 588 3509 subinde
609 3441 772 3506 inculcare
794 3441 980 3508 desistebat.
1019 3441 1105 3524 quod
1127 3439 1190 3506 nisi
1211 3440 1340 3506 Attium
1362 3460 1427 3506 non
1450 3439 1553 3504 solum

192 3547 356 3632 duplicem
377 3545 546 3613 materiam
569 3543 628 3610 sed
651 3543 749 3609 etiarn
772 3543 965 3609 contrariam
992 3543 1086 3607 simul
1109 3541 1315 3626 partitionem
1337 3561 1459 3608 vesano
1481 3562 1555 3607 con-

193 3649 266 3714 silio
289 3649 395 3733 ipsum
416 3647 580 3714 invenisse
602 3645 779 3729 arbitraris,
802 3645 877 3710 hinc
899 3644 1038 3710 maxime
1061 3663 1175 3709 ansam
1194 3641 1329 3709 babebis
1354 3649 1553 3710 vetustorum

193 3751 392 3816 Placitomm
423 3749 579 3816 ambitum
612 3747 790 3814 certissima
822 3746 948 3812 ratione
981 3745 1205 3830 recuperandi.
1254 3765 1330 3812 eece
1362 3744 1554 3812 adulterinis

194 3851 357 3936 capitibus
379 3851 676 3936 supplementisque
697 3850 808 3917 recisis
831 3849 913 3916 haec
934 3850 996 3916 erit

541 4041 788 4093 VETUSTORUM
807 4040 1041 4091 FLAGITORUM
1060 4039 1207 4090 TABULA

236 4159 252 4224 I
295 4159 346 4224 dc
368 4157 575 4243 principiis

322 4261 380 4328 13
413 4261 478 4344 περὶ
501 4262 602 4344 ἀρχῶν

361 4365 378 4428 I
404 4370 507 4425 11-34
543 4362 607 4445 rapt
630 4361 700 4424 baed

268 4553 275 4584 ¹
294 4555 414 4604 monadis
438 4559 463 4602 et
486 4552 577 4617 dyadis
600 4553 726 4617 prinpria
750 4552 866 4602 slmiliter
888 4558 1031 4602 statuerunt
1055 4549 1204 4600 Alexander
1222 4549 1371 4614 Polyhistor
1390 4556 1415 4598 et
1433 4547 1554 4596 Eudorus

195 4643 227 4692 ei.
246 4643 330 4692 Zeller
346 4639 377 4692 1⁴
391 4637 451 4692 330.
471 4640 530 4690 vide
549 4641 609 4689 Aet.
628 4639 642 4688 I
662 4637 677 4688 7
697 4645 726 4686 rs.

264 4727 275 4760 ²
294 4745 355 4780 nam
373 4729 557 4792 allegoriarum
570 4727 767 4776 Homericamm
786 4726 935 4790 similitudo,
955 4740 1020 4789 quae
1036 4723 1078 4774 'eet
1095 4725 1121 4773 in
1134 4724 1250 4774 Thaletis
1264 4739 1321 4773 cum
1334 4725 1447 4773 Homero
1466 4723 1553 4781 innoti,

194 4817 365 4882 Xenophanto
389 4815 607 4880 Empedoclisque
635 4812 799 4878 opinionibus
823 4813 867 4875 [ci.
886 4829 964 4878 supra
982 4830 1006 4877 p.
1020 4809 1066 4874 95]
1090 4819 1118 4860 ut
1142 4813 1269 4861 communi
1294 4813 1349 4860 sine
1372 4807 1450 4859 dubio
1469 4808 1553 4856 radice

195 4907 292 4966 nititur,
310 4907 347 4955 ite
360 4905 440 4954 Attio
454 4904 561 4966 elnsque
573 4902 733 4952 Placitorum
751 4901 823 4949 fonte
841 4902 971 4965 antiquior
990 4899 1100 4960 videtur,
1119 4913 1177 4948 cum
1188 4898 1317 4947 Heracleo
1336 4897 1480 4944 uberiorem
1499 4893 1554 4940 eius

195 4995 296 5058 gemmis
315 4999 481 5057 conspectum
501 4990 687 5055 compilaverit.
724 4989 769 5038 aad
787 4989 947 5038 aooumtiora
964 4987 1050 5038 rimari
1069 4987 1096 5034 in
1115 4991 1189 5038 tanta
1207 4984 1361 5034 obscuritate
1378 4983 1447 5032 nolo.
