3708 5732
331 380 392 444 102
540 380 607 428 VIII
642 379 692 428 DE
712 373 969 429 THEOPHRASTI
988 373 1224 426 PHISICORUM
1243 369 1479 424 OPINIONIBUS

329 548 502 634 splendore
530 546 793 632 compendiorum
820 544 976 612 eiusmodi
1007 543 1144 629 pretium
1173 541 1378 626 aestimatur,
1408 541 1466 607 sed
1489 559 1530 606 ex
1552 535 1698 602 sontibus

331 651 419 718 solis.
442 651 486 715 ad
508 669 589 734 qnos
611 648 771 715 eruendos
794 648 869 714 dum
885 649 1047 732 accingor,
1069 645 1198 711 Aetium
1214 663 1389 730 parumper
1403 645 1516 710 valere
1530 641 1638 726 iubeo,
1661 650 1699 708 nt

331 755 373 820 de
395 751 620 836 Theophrasto
644 751 834 835 gravissimo
851 749 1046 836 Opinionum
1069 749 1226 834 scriptore
1248 767 1313 832 qua
1336 767 1395 832 par
1417 753 1467 812 est
1489 745 1699 812 apparatione

331 857 499 922 disseram.

546 1262 614 1317 IIII
651 1261 700 1316 DE
718 1259 976 1318 'I'llllllPllRASI'I
994 1257 1230 1316 ruralsonslr
1248 1257 1485 1315 erraremus

420 1472 514 1550 Quod
536 1473 570 1540 in
591 1471 789 1554 singulorum
812 1471 978 1536 hominum
1000 1471 1068 1536 vita
1091 1471 1230 1536 labentis
1251 1477 1285 1536 et
1300 1469 1501 1536 senescentis
1516 1476 1566 1536 est
1580 1470 1701 1535 aetatis

332 1577 485 1668 indicium
507 1583 541 1640 ut
564 1574 607 1639 ad
629 1574 714 1640 vitas
736 1596 812 1641 suas
834 1573 1066 1640 describendas
1088 1573 1230 1638 animum
1252 1573 1431 1658 impellant,
1453 1572 1539 1638 idem
1568 1572 1701 1657 populis

332 1681 512 1746 litterarum
528 1677 626 1743 laude
641 1676 829 1744 florentibus
844 1678 927 1744 solet
942 1677 1138 1760 contingere.
1166 1675 1364 1742 Graecorum
1379 1681 1549 1760 poetarum
1564 1675 1701 1760 scripto·

333 1802 468 1866 rumque
483 1779 620 1864 gloriam
642 1779 769 1864 excepit
784 1779 1077 1845 Alexandrinorum
1093 1777 1242 1863 eruditio,
1265 1777 1504 1863 philosophiam
1520 1777 1562 1843 ab
1576 1777 1702 1844 Aristo-

332 1887 397 1954 tele
425 1884 586 1950 excultam
615 1888 647 1946 et
674 1889 828 1964 quantum
856 1882 1020 1948 veteribus
1047 1881 1165 1948 licebat
1190 1887 1445 1948 consummatam
1472 1881 1581 1946 statim
1608 1881 1701 1966 poly-

334 1989 491 2054 historum
515 1984 622 2050 studia
645 1985 817 2050 subsecuta
839 1989 923 2050 sunt.
957 2005 998 2050 ex
1021 1985 1309 2070 Peripateticorum
1337 1983 1466 2068 quidem
1492 1983 1615 2048 familia
1642 1985 1700 2068 qui

219 2091 224 2102 '
334 2085 620 2176 proficiscebantur
642 2107 748 2170 paene
771 2106 883 2152 omnes
906 2087 1050 2170 magistri
1074 2087 1172 2153 effata
1194 2095 1229 2152 ut
1251 2085 1406 2152 divinitus
1420 2086 1574 2152 instincta
1596 2087 1701 2172 suspi-

334 2190 473 2259 ciebant.
523 2189 600 2256 inde
627 2209 698 2255 oum
732 2189 836 2273 ipsam
867 2189 1107 2275 philosophiam
1140 2209 1332 2274 promovere
1365 2190 1506 2273 nollent,
1540 2187 1698 2255 historiae

334 2291 552 2376 cognitionem
568 2290 611 2356 ab
626 2291 740 2358 eodem
752 2291 928 2357 Aristotele
940 2291 1069 2375 egregie
1084 2291 1270 2356 incohatam
1285 2291 1392 2358 studio
1408 2289 1564 2356 laudabili
1579 2297 1702 2356 eventu

335 2396 424 2462 haud
446 2412 575 2476 semper
595 2391 682 2458 felici
704 2393 913 2478 appetebant.
948 2395 1046 2463 duces
1067 2395 1136 2459 eius
1158 2395 1292 2460 rationis
1312 2402 1443 2479 praeter
1457 2395 1563 2480 ipsum
1577 2391 1702 2458 Aristo-

334 2500 431 2566 telem
459 2496 551 2562 fuere
574 2494 819 2580 Theophrastus
845 2503 877 2561 et
899 2497 1072 2563 Eudemus.
1117 2497 1170 2563 hic
1196 2495 1497 2562 mathematicorum
1519 2496 1574 2562 ille
1596 2496 1702 2580 philo

334 2601 509 2687 sophorum
532 2604 609 2664 ante
631 2597 820 2681 magistrum
843 2599 976 2665 inventa
999 2599 1233 2684 opinionesque
1255 2605 1348 2665 tanta
1370 2599 1539 2682 diligentia
1555 2619 1702 2684 compre·

335 2703 517 2769 henderunt
539 2709 574 2766 ut
596 2701 752 2786 quidquid
774 2701 862 2786 apud
883 2709 1033 2786 posteros
1048 2702 1205 2768 eiusmodi
1221 2709 1359 2786 apparet
1374 2701 1497 2786 probae
1512 2701 1701 2786 memoriae,

334 2807 368 2872 id
391 2823 497 2891 paene
519 2823 614 2870 omne
637 2803 679 2868 ab
701 2803 829 2870 illorum
852 2804 1046 2870 auctoritate
1069 2805 1281 2888 repetendum
1303 2805 1462 2871 videatur.

420 2907 467 2972 Ac
489 2903 735 2990 Theophrastus
757 2906 886 2992 quidem
916 2907 1044 2991 scripsit
1066 2909 1204 2972 Φυσικῶν
1228 2907 1319 2976 δοξῶν
1341 2905 1442 2971 libros
1464 2907 1589 2992 XVIII,
1617 2927 1703 2990 quos

335 3032 375 3076 ex
404 3009 563 3074 indicibus
578 3009 760 3074 Laertianis
781 3011 875 3076 V46.
898 3011 940 3074 48
963 3009 1120 3076 novimus.
1154 3011 1291 3076 alterum
1314 3009 1383 3076 sius
1404 3007 1477 3073 libri
1504 3009 1702 3094 exemplum,

335 3111 422 3194 quod
448 3109 570 3175 indices
592 3111 822 3196 recensebant,
853 3113 993 3178 sedecim
1016 3112 1115 3178 libros
1142 3112 1337 3180 continebat.
1363 3131 1424 3176 nec
1451 3111 1557 3176 minus
1585 3110 1628 3175 de
1654 3111 1704 3177 in-

335 3211 508 3296 scriptione
524 3213 705 3280 variabant.
741 3216 878 3278 Φυσικῶν
894 3214 985 3284 δοξῶν
1001 3222 1050 3280 est
1065 3216 1152 3300 apud
1164 3215 1378 3282 Laertvts.
1411 3211 1467 3302 alii
1489 3215 1553 3298 περὶ
1568 3219 1702 3299 φυσικῶν

333 3313 545 3380 nominabant
561 3317 682 3398 [Laert.
699 3319 719 3382 l.
733 3337 760 3383 c.
776 3319 842 3401 46],
864 3316 921 3382 alii
936 3318 1000 3402 περὶ
1016 3321 1074 3382 τῶν
1097 3323 1227 3404 φυσικῶν
1251 3325 1285 3384 ut
1299 3316 1486 3383 Alexander
1508 3314 1558 3404 [ir.
1570 3313 1613 3403 61,
1636 3318 1703 3384 Ga·

332 3420 425 3484 lenus
441 3419 581 3503 ἐπιτομὴν
597 3424 726 3504 φυσικῶν
743 3419 833 3490 δοξῶν
856 3420 877 3486 i.
893 3440 921 3486 e.
937 3421 1158 3486 collectionem
1180 3419 1218 3486 fr.
1234 3421 1282 3504 5¹,
1304 3419 1529 3502 neglegentius
1551 3418 1704 3485 Laertius

333 3519 403 3605 ipse
425 3519 474 3584 IX
497 3521 538 3584 22
560 3519 598 3586 fr.
622 3523 669 3606 6·,
697 3521 941 3588 placitatura
964 3523 1149 3607 Simplicius
1177 3521 1214 3587 fr.
1233 3525 1273 3588 13
1295 3523 1325 3586 ἐν
1352 3527 1411 3592 τοῖς
1437 3526 1583 3607 φυσικοῖς,
1612 3523 1700 3605 quod

332 3625 451 3688 lemma
481 3642 561 3688 cave
587 3644 630 3688 ne
656 3624 699 3689 ad
726 3623 933 3709 physicorum
964 3624 1079 3690 librum
1105 3625 1299 3692 Aristoteleo
1333 3625 1527 3691 simillimum
1555 3622 1700 3711 [φυσικῶν

332 3713 421 3810 σἰ-νρ
438 3726 444 3756 ¹
471 3725 618 3798 LaertV
634 3723 688 3812 46]
710 3725 841 3791 referas.
867 3733 1036 3810 utrumque
1058 3735 1299 3794 monumentum
1319 3727 1543 3812 complectitur
1563 3724 1702 3794 Priscia-

332 3848 392 3892 nus
422 3827 534 3912 Lydus
564 3827 596 3890 in
628 3827 852 3910 quaestionum
879 3829 923 3894 ad
951 3827 1117 3896 Chosroen
1149 3830 1327 3915 prooemio:
1361 3831 1598 3911 ‘Theophrastus
1627 3833 1702 3893 ίισνιι

330 3931 484 4010 plurimos
505 3933 685 4025 occasiones
701 3949 842 3994 samone
858 3933 970 4014 ιὶἱρασιι
990 3936 1146 4014 ρκοσσῖὶῖίῖ
1167 3935 1214 3997 bis
1230 3954 1309 4016 qaae
1325 3937 1467 4016 quaesito
1481 3943 1552 3996 ruat
1567 3956 1607 3996 aa
1627 3955 1701 3996 aa·

331 4035 452 4095 tarolr'
473 4035 638 4096 historia
661 4043 689 4095 et
712 4037 882 4098 naturali
904 4037 1044 4098 auditu.
1077 4036 1191 4100 codem
1208 4034 1301 4100 titulo
1316 4041 1440 4121 φυσικῆς
1457 4037 1582 4121 ἱστορίας
1599 4035 1701 4100 utitur

331 4135 515 4219 Simplicius
544 4131 582 4198 fr.
608 4135 625 4197 7
654 4140 687 4198 οἱ
718 4135 855 4202 conferri
878 4144 985 4222 potest
1007 4137 1143 4204 Eudemi
1166 4139 1344 4224 ἀριθμητικὴ
1374 4141 1484 4226 ἱστορία
1506 4139 1699 4222 γεωμετρικοὶ

332 4238 453 4322 ἱστορίαι
470 4238 670 4320 ἀστρολογικαὶ
687 4239 818 4322 ἱστορίαι.
851 4240 916 4305 alio
940 4259 1036 4304 sensu
1059 4239 1101 4304 ab
1123 4239 1194 4324 ipso
1217 4239 1329 4305 histor.
1345 4241 1446 4325 plant.
1467 4241 1483 4305 l
1508 4243 1561 4306 14
1585 4239 1699 4324 ἱστορία

329 4345 388 4403 τῶν
411 4344 509 4424 φυτῶν
532 4338 685 4404 scrutatio
708 4339 892 4424 plantarum
915 4341 1030 4407 dieitur
1053 4341 1093 4406 cl.
1116 4343 1227 4410 1v15
1246 4343 1308 4409 Vl
1331 4341 1381 4406 1.'

402 4544 462 4598 ¹ex
481 4548 531 4596 hoe
550 4563 627 4612 opere
646 4551 758 4612 epitome
777 4566 828 4599 uno
854 4551 919 4600 libro
945 4553 1130 4616 comprehensa
1148 4553 1381 4612 circumferebatur,
1400 4554 1427 4602 in
1447 4567 1524 4614 quarn
1545 4551 1695 4616 Simplicius

328 4652 355 4686 so
375 4641 574 4684 commentatum
592 4636 654 4685 dicit
672 4638 779 4687 Aristot.
798 4638 830 4686 de
849 4641 927 4688 anim.
946 4641 963 4689 s.
976 4636 1058 4690 38¹2
1077 4637 1226 4706 σαφέστερόν
1244 4655 1287 4704 μοι
1304 4641 1383 4690 ταῦτα
1402 4639 1428 4690 ἐν
1446 4643 1478 4707 τῇ
1498 4637 1605 4706 ἐπιτομῇ
1625 4639 1654 4702 [i.
1669 4655 1693 4688 c.

329 4726 355 4774 in
375 4724 560 4773 commentario
579 4723 613 4772 ad
631 4725 774 4788 epitomen,
794 4726 905 4777 breviter
923 4737 951 4776 ut
974 4741 1021 4776 nos
1044 4726 1161 4790 quoque]
1184 4731 1237 4776 τῶν
1256 4721 1415 4796 Θεοφράστου
1434 4731 1547 4794 φυσικῶν
1566 4723 1695 4793 διώρισται

331 4813 361 4860 cs.
380 4811 483 4861 Usener
502 4811 581 4859 Anal.
600 4811 772 4876 Theophrast.
791 4815 862 4878 Lips.
884 4811 951 4865 1858
969 4831 994 4878 p.
1009 4811 1051 4866 28.

400 4895 460 4948 2τί.
480 4897 581 4962 Physic.
601 4913 643 4964 op.
662 4898 719 4950 fnl
749 4893 833 4966 Θαλῆς
852 4897 877 4950 δέ
897 4903 996 4966 πρῶτος
1019 4896 1184 4968 παραδέδοται
1206 4898 1253 4967 τὴν
1276 4900 1331 4967 τιτρὶ
1354 4897 1451 4968 phetor:
1474 4899 1618 4968 ἱστορίαν
1641 4903 1695 4958 τοῖς

320 4979 440 5054 Ἕλλησιν
458 4983 572 5058 ἐκφῆναι,
593 4987 622 5038 ir.
637 4985 652 5036 9
671 4979 779 5040 Πλάτων
797 5023 804 5038 .
824 5023 830 5041 .
850 5023 857 5040 .
876 4984 1002 5040 ἐπέδωκεν
1020 4985 1107 5038 ἑαυτὸν
1125 4988 1168 5039 καὶ
1186 4991 1237 5046 τοῖς
1255 4987 1411 5060 φαινομένοις
1429 4985 1555 5058 ἁψάμενος
1573 4991 1618 5059 τῆς
1637 4987 1695 5058 περὶ
