3708 5732
659 399 936 450 PROLEGOMENA
1413 397 1473 460 127

125 565 194 630 dom
216 584 313 648 quam
335 565 473 630 alterum
495 564 611 630 lihrum
633 565 688 646 qui
708 563 743 628 in
759 561 950 628 Philodemo
972 568 1060 629 certe
1075 561 1216 628 Phaedri
1232 561 1366 628 similior
1380 585 1475 646 quam

125 666 259 732 Zenonis
286 673 463 750 appareat,
497 687 570 732 esse
600 664 739 732 Phaedri
773 665 837 747 περὶ
871 665 960 743 θεῶν,
992 685 1088 747 quem
1120 663 1161 729 dc
1194 662 1327 730 deorum
1359 674 1476 734 natura

125 768 295 852 scripturus
320 767 431 834 Cicero
455 768 497 834 ab
519 767 626 834 Attico
649 766 818 851 poposcit?
844 766 886 831 ab
908 768 1010 832 altero
1033 787 1111 832 vero
1134 767 1364 850 Epicureorum
1387 791 1477 854 cory-

125 870 226 954 phaco
247 891 313 936 uon
336 871 438 934 solum
460 876 570 936 cetera
591 870 751 954 Epicurea
771 867 918 953 fluxisse,
947 868 1005 934 sed
1033 869 1131 934 etiam
1158 871 1340 952 exemplum
1369 873 1477 937 convi-

125 972 226 1036 ciandi
255 978 287 1038 et
317 971 500 1037 cavillandi.
545 972 686 1038 Zenonis
713 970 842 1054 quidem
867 970 1043 1036 memoriae
1065 970 1141 1053 §93
1163 970 1249 1034 illico
1272 973 1477 1038 continuatur

126 1073 278 1140 Velleiani
301 1072 410 1138 iudicii
432 1074 628 1157 vituperatio
652 1073 742 1157 104,
765 1092 861 1156 quam
884 1091 983 1156 supra
1005 1071 1135 1138 exhibui
1158 1094 1188 1156 p.
1207 1074 1278 1139 125.

206 1175 249 1239 At
277 1175 352 1240 huic
381 1175 526 1258 opinioni
552 1175 683 1242 obstare
709 1173 873 1256 videntur,
902 1193 985 1256 quae
1012 1175 1171 1240 Hirzelius
1193 1177 1261 1259 p.5
1282 1175 1415 1260 profert:
1443 1199 1476 1242 ce

125 1281 161 1341 ist
180 1279 265 1340 niam
285 1279 421 1342 deohdar
441 1279 516 1342 dass
537 1280 616 1342 noch
630 1281 663 1342 ia
685 1285 754 1359 ‘pur
768 1278 916 1340 munchen
931 1276 1059 1341 andera’
1075 1277 1346 1359 [Schcemannum
1361 1277 1476 1366 tangit]

125 1381 349 1461 apilarciscm
370 1382 519 1462 schriften
542 1383 679 1463 acolaci
702 1381 784 1444 citirt
805 1379 932 1442 worden
958 1381 1043 1443 scien
1070 1381 1125 1442 der
1151 1381 1272 1466 φυσικὸς
1302 1382 1355 1442 das
1383 1381 1478 1444 Anti-

123 1485 237 1546 stlterres
259 1529 267 1546 .
291 1531 300 1546 .
323 1531 330 1546 .
353 1485 460 1564 [emer
490 1485 549 1548 dae
577 1486 667 1547 dritta
689 1483 766 1545 dach
789 1483 842 1544 dee
863 1482 1107 1544 aristotelisehca
1132 1484 1254 1564 dialogo
1275 1484 1339 1566 περ]
1364 1487 1477 1568 φιλοσο-

123 1586 283 1670 φίας...
312 1587 396 1648 daon
425 1587 578 1650 disselbaa
608 1588 715 1650 stelles
747 1603 805 1647 aas
837 1585 905 1646 dam
931 1593 1031 1646 maten
1056 1585 1121 1647 aad
1146 1588 1272 1649 uwcitea
1300 1585 1395 1649 buche
1421 1589 1477 1650 der

123 1691 229 1769 schrift
244 1689 298 1751 des
314 1689 501 1772 Cluryeippos
516 1691 580 1772 rapi
603 1689 692 1766 θεῶν,
708 1687 829 1750 eadlioh
848 1688 898 1748 dic
912 1685 1021 1764 schrift
1036 1687 1090 1749 des
1105 1689 1235 1750 etoilere
1249 1689 1403 1768 Diogenes
1418 1737 1426 1752 .
1443 1738 1450 1754 .
1468 1733 1476 1748 .

123 1789 209 1855 itane
230 1789 331 1855 vero?
357 1810 398 1856 ex
426 1789 541 1856 eodem
563 1789 713 1855 Phaedro
740 1809 806 1854 non
833 1787 950 1852 similia
972 1807 1146 1871 excerpere
1167 1796 1340 1872 potuerunt
1364 1789 1477 1856 Cicero

123 1899 154 1958 et
181 1892 404 1976 Philodemus,
433 1891 484 1956 hic
511 1893 609 1958 etiam
633 1892 722 1956 —si
749 1889 853 1956 maris
879 1927 917 1934 --
947 1891 1150 1956 adverbum
1177 1889 1245 1956 fere
1272 1891 1477 1958 describere?

122 1994 195 2076 quia
212 1993 324 2059 Oicero
348 1994 389 2059 de
404 1993 456 2058 fin.
473 1994 504 2058 ll
521 1995 561 2058 35
579 2003 628 2054 1111
650 1993 876 2058 Philodamum
897 1991 1043 2056 nominat
1065 1992 1328 2058 doctissimum
1350 1995 1475 2059 virum

122 2097 222 2162 rolin
238 2096 347 2162 Pison.
370 2095 611 2161 c.29ceteris
633 2095 775 2160 studiis
797 2113 894 2176 quae
916 2092 1006 2159 fore
1028 2094 1239 2177 Epicureos
1260 2097 1476 2178 neglegere

122 2197 253 2262 dicunt
286 2199 539 2281 perpolitum,
578 2196 654 2279 quia
686 2197 829 2280 amplum
865 2195 906 2260 de
940 2193 1141 2280 philosophis
1175 2217 1256 2280 opus
1290 2199 1478 2282 conseripsit

123 2299 230 2380 [Diog.
246 2299 277 2364 X
293 2300 343 2383 3],
371 2299 488 2365 ideone
509 2298 682 2382 diligenter
703 2297 774 2381 ipse
796 2295 1061 2381 philosophorum
1082 2295 1179 2361 istum
1201 2301 1382 2382 catalogum
1404 2322 1478 2367 con·

120 2399 237 2478 secisse
259 2401 421 2484 putandus
443 2400 516 2466 est?
548 2407 583 2465 at
605 2405 733 2468 constat
755 2400 849 2483 plura
871 2396 991 2480 scripta
1017 2397 1086 2464 eius
1108 2401 1161 2465 vel
1184 2419 1224 2465 ex
1246 2401 1339 2466 titulo
1362 2403 1414 2486 [cf.
1438 2405 1475 2470 V.

122 2502 159 2566 11
182 2500 414 2588 V2(1843)t.
433 2504 449 2566 1
471 2507 538 2566 τῶν
560 2501 629 2566 κατ’
658 2503 825 2585 ἐπιτομὴν
849 2498 1119 2583 ἐξειργασμένων
1141 2505 1205 2587 περὶ
1228 2505 1312 2588 ἠθῶν
1335 2507 1382 2568 καί
1406 2505 1476 2590 βίων

122 2605 157 2668 ἐν
177 2609 246 2668 τῶν
272 2603 432 2689 Ζήνωνος
458 2606 608 2691 σχολῶν]
642 2604 785 2670 scholica
817 2621 889 2668 esse
922 2603 1160 2668 commentaria
1205 2624 1311 2688 nequo
1343 2609 1476 2671 multum

120 2707 189 2790 ipse
211 2707 246 2772 in
267 2707 435 2773 rhetoricis
456 2708 509 2773 vel
531 2709 596 2791 περὶ
619 2707 749 2790 σημείων
771 2703 941 2788 praestitit.
987 2704 1049 2768 hoc
1075 2705 1161 2770 enim
1183 2705 1312 2774 minime
1334 2715 1404 2773 erat
1425 2709 1479 2774 ah

119 2827 232 2872 sonum
257 2827 278 2872 a
300 2807 565 2892 philosophorum
586 2809 662 2874 iude
683 2808 725 2873 ab
752 2805 925 2870 Aristotele
952 2826 1058 2889 more,
1088 2807 1203 2889 quihus
1228 2808 1309 2874 illud
1335 2813 1417 2874 κοινὰ
1442 2813 1478 2874 τὰ

117 2915 175 2974 τῶν
202 2912 296 2996 φίλων
319 2910 475 2977 latissimo
496 2909 639 2994 patebat.
682 2928 786 2991 neque
809 2907 976 2990 quisquam
999 2908 1223 2990 magistrorum
1246 2911 1364 2977 scrinia
1383 2931 1477 2995 quam

118 3013 317 3079 validissime
339 3018 467 3096 poterat
494 3013 670 3097 compilare
691 3010 871 3077 vetabatur.
905 3030 982 3092 ergo
1015 3010 1156 3077 Phaedri
1190 3011 1340 3096 Epicurei
1362 3014 1479 3080 librum

116 3113 278 3197 Epicureo
315 3115 459 3181 delibare
491 3114 542 3180 ias
569 3121 654 3198 erat,
684 3109 874 3197 praesertim
900 3111 927 3176 si
953 3133 1019 3178 non
1048 3112 1156 3178 omnia
1184 3113 1242 3179 sed
1267 3114 1480 3200 philosophos

115 3223 257 3301 tantum,
279 3225 315 3283 ut
337 3215 466 3301 Cicero,
495 3222 705 3300 excerpimus
726 3221 807 3280 erat.
844 3213 930 3279 unde
952 3214 1033 3280 illud
1055 3235 1183 3298 quoque
1206 3217 1402 3299 explicatum
1424 3217 1480 3283 ha-

115 3317 219 3401 beret,
253 3319 340 3401 quod
367 3317 550 3384 Philodami
577 3323 610 3383 et
637 3315 801 3382 Ciceronis
827 3317 918 3380 nulla
944 3323 994 3382 est
1026 3325 1198 3402 praeterea
1232 3319 1407 3384 similitudo
1439 3319 1478 3384 oi.

115 3419 277 3486 Himelius
299 3440 330 3503 p.
348 3421 398 3484 19.
416 3419 422 3452 ¹

203 3522 273 3589 Sed
302 3521 434 3588 tandem
460 3520 662 3586 coniecturas
692 3519 866 3586 mittamus.
910 3521 1112 3586 coniecturas
1139 3522 1224 3588 enim
1255 3522 1327 3588 dico
1354 3529 1387 3590 et
1413 3523 1480 3588 vnl-

119 3633 229 3705 gatam
253 3625 295 3690 de
318 3622 508 3690 Philodamo
532 3629 565 3688 et
587 3621 671 3687 hanc
693 3641 811 3688 novam
834 3621 875 3687 de
891 3622 1042 3688 Phaedro
1059 3623 1253 3707 opinionem.
1288 3631 1359 3689 utra
1374 3624 1481 3691 verior

186 3848 193 3877 ¹
212 3849 262 3900 aad
283 3851 349 3912 fugit
373 3863 431 3897 eum
452 3845 602 3897 Hermarchi
622 3845 714 3894 librum
733 3853 824 3894 contra
841 3847 1025 3910 Empedoclem
1044 3849 1076 3898 ab
1097 3853 1204 3911 utroque
1223 3849 1305 3897 citeri.
1324 3863 1341 3896 a
1359 3847 1479 3898 Cicerone

113 3933 177 3988 133
197 3945 223 3982 ss
246 3933 345 3999 [quode
363 3936 479 3999 Bernays
490 3931 630 3996 Theophr.
650 3931 728 3981 uehar
745 3933 787 3982 dic
806 3933 966 3997 lroemmigk.
985 3951 1010 3998 p.
1028 3933 1076 3984 140
1103 3943 1193 3986 contra
1210 3935 1416 3986 Schoemannum
1436 3951 1479 3984 ve·

113 4025 211 4074 tissima
226 4019 376 4089 disputarit]
396 4015 676 4082 Philodemusp.101‚
693 4015 795 4069 13-15
815 4036 839 4082 p.
856 4017 914 4080 112,
928 4017 1031 4070 25-27
1051 4023 1159 4072 sortasse
1178 4024 1255 4071 etiam
1273 4039 1299 4086 p.
1313 4019 1384 4082 99,9
1404 4018 1429 4070 ἐν
1447 4025 1480 4088 τῇ

112 4107 213 4178 ruptim
236 4107 298 4176 πρὸς
314 4101 505 4174 Ἐμπεὸο]κλία,
524 4107 546 4155 si
569 4104 647 4154 modo
667 4121 691 4168 p.
714 4102 803 4168 91121
826 4092 1185 4166 Ε....ΧΟΕΘΟΛΛ
1204 4137 1211 4152 .
1228 4137 1236 4152 .
1252 4093 1324 4164 (OC
1343 4115 1410 4156 recte
1434 4123 1480 4157 ex·

112 4199 178 4261 plico
193 4191 342 4266 Ἕρμαρχός
358 4190 385 4245 θ’
406 4189 507 4260 ὁμοίως.
528 4209 594 4258 qnae
613 4191 681 4256 apud
700 4191 854 4241 Ciceronem
873 4193 948 4240 simul
968 4193 1112 4243 Metrodori
1132 4201 1221 4243 contra
1238 4193 1374 4244 Platonem
1394 4195 1480 4259 dispu-

111 4287 171 4334 tatio
195 4285 362 4349 dcsignatur,
380 4283 486 4331 infuisse
509 4281 611 4330 videtur
629 4281 655 4328 in
677 4277 743 4328 libro
762 4276 818 4346 περὶ
837 4271 904 4328 θεῶν
931 4279 961 4328 ci.
980 4281 1127 4331 Philodem.
1146 4297 1171 4344 p.
1188 4277 1276 4341 107,9
1303 4281 1428 4345 Duening
1446 4283 1477 4331 de

112 4371 226 4422 Metrod.
246 4369 327 4436 1121.
351 4370 486 4434 Epicureis
514 4369 574 4417 inde
602 4365 635 4416 ab
660 4367 767 4430 Epicuri
795 4365 828 4414 de
855 4367 992 4417 sanctitate
1021 4367 1108 4418 libello
1136 4369 1267 4417 sollemnis
1296 4377 1351 4418 erat
1378 4371 1480 4434 pietatis

111 4459 253 4518 confessio,
270 4455 420 4522 pracsertim
437 4465 497 4521 post
514 4455 686 4506 Posidonium
706 4453 750 4514 qui
772 4449 802 4500 ia
822 4448 888 4502 libro
908 4452 1000 4516 quicto
1020 4454 1050 4504 de
1067 4463 1168 4506 actura
1187 4453 1295 4505 deorum
1314 4454 1402 4506 aulius
1422 4471 1479 4507 esse

111 4542 172 4592 deos
191 4540 309 4607 Epicuro
326 4541 413 4594 videri
430 4556 546 4609 quaeqae
564 4541 588 4592 is
608 4539 638 4590 de
657 4537 714 4590 deis
733 4535 924 4589 immortalibus
943 4539 1044 4592 dicerit
1062 4541 1182 4592 incidiae
1199 4541 1371 4592 detestandae
1387 4542 1480 4608 qratia

111 4626 213 4680 diriora
232 4627 298 4690 [Cic.
317 4631 414 4681 duat.
433 4631 504 4680 deor.
523 4630 536 4678 1
555 4626 656 4690 trra]
681 4625 838 4674 clamaverit.
868 4627 940 4677 locus
964 4629 1014 4678 illis
1038 4631 1179 4680 communis
1203 4629 1251 4678 fuit
1274 4637 1302 4677 ut
1324 4631 1478 4680 Plutarchus

111 4710 159 4776 [du
184 4711 245 4766 cett
267 4713 311 4782 ζῆν
335 4713 399 4766 ἔστιν
421 4731 444 4766 c.
457 4711 488 4764 21
509 4731 534 4778 p.
550 4712 629 4777 1102]
656 4711 792 4763 confirmat
813 4709 845 4760 τὰ
867 4711 923 4781 περὶ
947 4709 1014 4766 θεῶν
1040 4715 1083 4766 καὶ
1106 4710 1234 4783 θειότητος
1253 4714 1282 4777 [1.
1301 4709 1428 4782 δσιότνγπος
1447 4718 1478 4766 cl.

110 4801 202 4851 Cobet.
222 4801 351 4853 Mnemon.
369 4803 403 4854 N.
422 4803 451 4854 S.
469 4802 508 4852 VI
526 4801 582 4864 46].
612 4801 644 4850 de
663 4801 718 4849 deis
737 4800 874 4863 scripserat
891 4801 937 4850 illo
957 4811 1072 4868 tempore
1091 4804 1170 4852 etiam
1189 4795 1305 4857 Κλώδιός
1322 4817 1359 4858 τις
1378 4796 1476 4852 Νεαπο-

112 4883 183 4955 λίτης
204 4889 343 4954 lPorphyr.
362 4891 394 4940 de
413 4891 476 4940 abst.
496 4905 521 4955 p.
535 4887 578 4948 44,
591 4885 633 4939 31.
654 4883 696 4946 50,
710 4881 743 4936 tl
754 4884 801 4948 N.]
820 4887 836 4936 i.
849 4901 872 4936 e.
885 4885 978 4940 Sextus
992 4889 1099 4940 Clodius
1112 4889 1149 4940 Μ.
1162 4891 1273 4941 Antonii
1285 4891 1410 4939 triumviri
1423 4903 1477 4940 ma·

109 4975 188 5036 gista
207 4976 242 5025 cl.
260 4975 359 5026 Arnon.
380 4977 403 5026 V
424 4974 464 5027 18.
482 4977 600 5026 Leotaut.
620 4976 641 5024 I.
660 4975 694 5024 D.
712 4972 726 5021 1
745 4969 779 5023 22
795 4972 911 5041 Bornays
923 4977 1055 5041 Theophr.
1069 4977 1148 5028 ueber
1160 4979 1201 5028 dio
1214 4977 1374 5041 lroemmigk.
1394 4993 1419 5041 p.
1434 4973 1476 5026 10.
