3708 5738
533 385 792 438 FRAGMENTUM
809 387 859 438 DE
879 386 1053 440 SENSIBUS
1071 387 1166 451 §4-9
1467 390 1529 454 501

221 553 269 616 καὶ
292 557 354 624 ταῖς
377 554 429 635 μὲν
451 552 481 617 έν
504 554 597 640 μέσῳ,
618 555 681 622 ταῖς
703 550 729 616 δ’
756 551 839 625 ἐκτὸς
860 553 934 620 εἶναι
956 557 989 619 τὸ
1011 558 1083 640 πῦρ,
1110 557 1154 620 διὸ
1182 559 1312 621 καὶτῶν
1340 558 1425 644 ζῴων
1448 561 1484 624 τὰ

222 657 274 738 μὲν
296 653 327 720 έν
348 656 456 742 ἡμέρᾳ,
478 657 568 720 τὰδὲ
590 656 702 739 νύκτωρ
725 658 834 738 μᾶλλον
857 656 1012 727 ἀέυωπεῖν·
1036 657 1091 723 ὅσα
1113 659 1165 742 μὲν
1181 661 1269 744 πυρὸς
1285 659 1403 725 ἔλαττον
1418 659 1482 748 ἔχει

220 756 288 840 μεθ’
315 759 442 843 ἡμέραν·
471 757 680 823 ἐπανισοῦσθαι
706 758 760 843 γὰρ
788 758 886 830 αὐτοῖς
907 761 941 824 τὸ
962 761 1043 831 έντλς
1064 765 1129 846 φῶς
1156 763 1213 826 ὑπὸ
1236 768 1287 826 τοῦ
1310 763 1405 834 ἐκτός·
1429 764 1485 828 ὅσα

222 860 255 924 δέ
276 865 328 924 τοῦ
355 861 485 926 ἐναντίου
507 860 632 944 νύκτωρ·
661 859 938 945 έπανππληροῦσίλαι
966 863 1020 948 γὰρ
1046 864 1094 927 καὶ
1115 864 1227 934 τούτοις
1247 865 1281 929 τὸ
1305 865 1407 936 ἐνδεές.
1453 865 1483 930 έν

193 962 255 1028 sot
275 967 335 1040 τρῖς
354 963 491 1034 ἐναντίοις
506 962 666 1048 (ἐναντίως)
688 963 838 1047 ἑκάτερον·
863 965 1049 1050 ἀμβλυωπεῖν
1065 966 1187 1050 μὲνγὰρ
1209 968 1258 1031 καὶ
1281 969 1324 1039 οἷς
1344 968 1481 1053 ὑπερέχει
1596 1045 1597 1048 ¹

220 1065 254 1127 τὸ
276 1068 344 1150 πῦρ,
365 1065 428 1130 ἐπεὶ
450 1065 576 1149 attolles
599 1062 641 1128 ἔτι
664 1062 730 1146 μεθ’
758 1064 871 1150 ἡμέραν
893 1066 1074 1131 ἐπιπλάττιιν
1096 1068 1145 1132 καὶ
1167 1071 1398 1156 καταλαμβάνειν
1416 1071 1483 1140 τοῦς

220 1170 272 1230 τοῦ
295 1167 398 1238 ύδατος
421 1168 542 1253 πύρους·
579 1167 623 1238 οίς
644 1168 677 1231 δέ
698 1168 732 1230 τὸ
755 1168 848 1253 ὕδωρ,
873 1168 962 1233 ταύτὸ
983 1173 1068 1234 τοῦτο
1089 1170 1220 1253 γίνεσθαι
1241 1172 1367 1256 νύκτωρ·
1398 1195 1482 1236 κατα-

220 1270 421 1356 λαμβάνεσθαι
432 1271 486 1356 ·ρὰρ
498 1271 531 1334 τὸ
546 1274 604 1355 πῦρ
620 1271 676 1334 ὑπὸ
692 1275 744 1334 τοῦ
759 1270 872 1340 ὕδατος.
885 1277 900 1310 *
911 1277 951 1310 ”
968 1272 1026 1343 έως
1041 1272 1075 1336 ἂν
1091 1275 1150 1342 τοῖς
1166 1274 1218 1355 μὲν
1234 1275 1291 1338 ὑπὸ
1307 1277 1359 1338 τοῦ
1374 1271 1482 1342 ἔξωθεν

223 1372 324 1456 φωτὸς
346 1373 495 1458 ἀποκριθῇ
516 1373 550 1436 τὸ
574 1374 662 1456 ύδωρ,
689 1377 749 1444 τοῖς
776 1370 801 1436 δ’
829 1373 886 1437 ὑπὸ
908 1377 960 1438 τοῦ
983 1374 1068 1459 ἀέρος
1094 1375 1128 1438 τὸ
1154 1379 1226 1460 πῦρ·
1254 1375 1399 1462 ἑκατέρων
1427 1375 1482 1460 γὰρ

183 1500 206 1538 ιο
225 1471 299 1539 ἴασιν
328 1474 401 1539 εἶναι
426 1477 460 1540 τὸ
486 1473 623 1540 έναντίον.
666 1473 769 1560 ἄριστα
794 1476 827 1540 δέ
853 1476 1013 1561 κεκρᾶσθαι
1039 1477 1088 1540 καὶ
1110 1477 1259 1562 βελτίστην
1281 1477 1428 1562 εἶναιτὴν
1451 1477 1480 1546 ἐξ

221 1577 330 1662 ἀμφοῖν
354 1575 424 1641 ίσων
446 1577 643 1661 συγκειμένην.
681 1578 729 1641 καὶ
752 1578 817 1662 περὶ
832 1579 885 1661 μὲν
900 1577 995 1663 ὄψεως
1010 1579 1116 1664 σχεδὸν
1130 1583 1221 1644 ταῦτα
1235 1580 1322 1663 λέγει.
1376 1655 1379 1662 ,
1428 1580 1516 1664 τὴνί)

220 1676 246 1741 δ’
274 1679 366 1762 ἀκοὴν
389 1679 447 1742 ἀπὸ
469 1683 528 1742 τῶν
551 1677 659 1748 ἔξωθεν
682 1680 811 1764 γίνεσθαι
833 1681 946 1765 ψόφων.
990 1680 1058 1744 ύταν
1085 1681 1139 1765 γὰρ
1168 1681 1224 1745 ὑπὸ
1246 1685 1420 1766 τῆςφωνῆς
1442 1706 1481 1746 κι-

221 1781 316 1864 νηθῇ,
339 1782 423 1867 ἠχεῖν
446 1780 538 1851 ἐντός·
568 1782 667 1866 ὥσπερ
687 1782 742 1868 γὰρ
763 1782 836 1847 εἶναι
857 1783 982 1846 κώδωνα
996 1781 1019 1864 †
1033 1786 1091 1846 τῶν
1115 1781 1185 1847 ἴσων
1207 1782 1292 1868 ἤχων
1313 1784 1366 1868 τὴν
1389 1785 1480 1868 άκοὴν

219 1883 255 1966 ἡν
283 1883 489 1968 προσαγορεύει
516 1885 682 1968 σάρκινον
697 1883 720 1967 †
735 1883 832 1958 ὄζον·
859 1883 1028 1968 κινουμένην
1055 1884 1089 1948 δὲ
1116 1885 1210 1949 παίειν
1235 1886 1285 1950 τὸν
1312 1885 1385 1970 ἀέρα
1407 1885 1480 1970 πρὸς

170 2075 367 2084 -—--——

80 2221 84 2230 ·
167 2197 247 2247 Arist.
260 2197 287 2246 d.
300 2211 358 2261 gen.
371 2211 414 2246 en.
428 2195 452 2244 V
468 2192 481 2244 1
501 2211 526 2259 p.
539 2193 661 2248 779116.
681 2197 821 2262 Philopon.
876 2195 930 2248 161
955 2197 1035 2246 Arist.
1054 2193 1079 2244 d.
1098 2195 1186 2244 anima
1202 2192 1266 2246 118
1289 2211 1314 2260 p.
1333 2193 1444 2248 tlsbet
1464 2191 1479 2262 ll
1501 2195 1533 2248 13

168 2285 245 2334 adh.
269 2285 286 2333 l.
308 2301 333 2350 p.
353 2279 426 2334 105s
450 2283 518 2332 Plat.
537 2283 605 2332 Tim.
629 2299 654 2348 p.
672 2281 738 2335 tec.
766 2301 823 2334 oum
874 2287 927 2332 τῶν
952 2281 1012 2332 locos
1035 2280 1107 2350 ἤχων
1132 2282 1176 2332 PF
1208 2281 1267 2344 (nisi
1296 2282 1366 2345 quod
1395 2284 1438 2334 hic
1464 2300 1481 2350 η
1506 2285 1532 2333 in

169 2372 261 2433 verbis,
281 2385 348 2435 quae
366 2371 484 2434 suppleo,
503 2370 531 2419 ct
553 2368 621 2432 554.
637 2369 668 2420 l'l
688 2379 713 2420 et
731 2368 764 2421 31
784 2367 823 2420 do·
875 2367 948 2437 ἡχων
967 2385 999 2420 ex
1025 2384 1032 2418 ι
1055 2375 1196 2420 correctum
1219 2369 1280 2430 est):
1304 2371 1357 2419 τῶν
1382 2366 1433 2420 έσω
1460 2367 1533 2438 ἡχων

168 2462 208 2509 κιῖ
216 2455 262 2526 γὰρ
275 2456 292 2526 ἡ
305 2453 436 2513 ἀλλοίωσις
448 2453 495 2524 σύμ
510 2453 558 2506 ὑπὸ
576 2461 629 2507 τιῦν
647 2453 750 2522 ὁμοίων,
763 2453 820 2508 ἀλλ’
877 2456 1019 2506 Schneider
1041 2451 1304 2520 pousenchaim,
1330 2472 1395 2520 quae
1419 2458 1533 2520 intellegi

169 2541 217 2594 ὐπὸ
243 2547 296 2594 τῶν
324 2541 441 2594 έναντίων
463 2541 523 2594 ι1ναι
548 2539 560 2610 ll
585 2541 601 2593 2
629 2541 655 2593 έν
677 2541 759 2612 ἡμέρα
787 2547 823 2596 Ρι
877 2551 1017 2606 nequeunt.
1036 2545 1152 2608 suspicor
1170 2538 1280 2591 κώδωνά
1298 2537 1341 2592 τιν’
1359 2539 1534 2612 έσωὴχοῦντα

168 2629 250 2699 ἡμέρα
259 2647 335 2682 rescr.
345 2631 379 2682 F:
398 2627 452 2697 μεθ’
464 2629 560 2699 ἡμέραν
570 2629 717 2696 Stephanus
730 2626 743 2696 ΙΙ
754 2629 771 2682 3
781 2627 824 2681 σίν
876 2627 923 2697 τὴν
942 2628 1022 2696 άκοὴν
1041 2631 1071 2680 cl.
1084 2627 1140 2692 §21
1160 2631 1212 2680 τῶν
1231 2627 1277 2695 μέν
1294 2627 1340 2698 γὰρ
1361 2627 1412 2690 έξω
1425 2627 1453 2681 δι’
1470 2628 1533 2682 έκεῖ-

168 2723 205 2786 τῷ
218 2719 275 2770 PF:
294 2733 361 2768 corr.
373 2718 515 2770 Schneider
530 2714 543 2785 ΙΙ
558 2718 638 2776 5τοῖς
650 2719 746 2770 delerit
757 2720 824 2770 Use·
876 2733 918 2767 νον
936 2715 983 2780 [sc.
997 2714 1118 2780 κώδωνα]
1137 2713 1269 2784 ἀκούομεν,
1287 2715 1412 2768 έκιίνου
1429 2715 1460 2768 δέ
1479 2716 1533 2785 ψο-

167 2822 214 2856 ner
227 2800 242 2872 ΙΙ
256 2802 374 2862 έναντίως
386 2805 473 2857 ιιι1ι11ι11
487 2807 517 2856 cl.
532 2823 557 2871 p·
570 2802 680 2868 50317.
694 2803 795 2868 50323
810 2803 823 2874 ΙΙ
877 2805 1012 2874 φοῦντος
1029 2801 1069 2854 διὰ
1086 2802 1118 2856 τί.
1141 2806 1274 2871 praecedit
1290 2800 1379 2856 ένῦον
1396 2801 1533 2871 ποιήσαντα

169 2911 192 2944 v.
209 2891 225 2944 5
243 2895 383 2958 apponitur
400 2895 499 2956 signum
518 2889 539 2958 ιζ·
560 2895 587 2943 in
599 2893 630 2956 F,
644 2909 695 2957 quo
708 2894 824 2944 scholion
877 2889 976 2958 ψόφον
1008 2887 1092 2958 ὥσπερ
1119 2887 1276 2948 κώδωνος.
1312 2893 1395 2957 ipsum
1424 2888 1533 2942 κώδωνα

170 2981 219 3031 hoc
241 2983 266 3030 in
290 2995 370 3044 marg.
388 2981 433 3030 inl.
451 2981 469 3030 t
486 2977 552 3030 147ν
571 2981 732 3030 referendum
744 2977 813 3031 est-'-
877 2980 961 3028 Zeller
978 2975 1009 3028 1⁴
1030 2975 1098 3030 724²
1121 2979 1226 3032 tubam
1245 2981 1426 3044 interpretatus
1445 2980 1534 3029 estol.

168 3063 283 3126 ύξυωπιί.
311 3064 465 3134 ἀμβλυωπιῖ.
493 3063 519 3115 έν
537 3063 627 3134 ἡμέρα.
655 3063 757 3118 ίλαττον
775 3069 824 3135 πῦρ
876 3067 1004 3117 Problem·
1017 3063 1084 3116 3314
1107 3083 1131 3130 p.
1145 3063 1235 3118 963·1
1255 3061 1307 3116 ἔστι
1325 3064 1371 3134 γάρ
1389 3063 1406 3131 ἡ
1424 3063 1464 3116 tre
1481 3069 1534 3116 τιῦν

173 3152 237 3223 έχιιι
251 3150 325 3205 πλέον
338 3155 387 3221 πῦρ
401 3149 461 3221 έχει.
480 3151 505 3204 έν
518 3151 607 3221 ἡμέρα.
621 3151 734 3206 έννυκςί.
754 3153 824 3207 ίλατ-
877 3149 950 3220 βινιῦν
972 3148 1099 3207 διάλεκτος
1121 3151 1251 3219 γινομένη,
1274 3149 1333 3202 ύταν
1360 3149 1389 3200 πὸ
1412 3149 1465 3202 ένω
1487 3153 1534 3219 τῆς

170 3255 213 3291 τον
231 3235 299 3308 ῦῦωρ
323 3237 376 3309 έχιι
394 3237 469 3291 πλέον
487 3235 555 3308 ύῦωρ
579 3239 630 3310 ίχιι
654 3240 680 3294 έν
703 3241 774 3293 νυκτί
876 3237 939 3306 ῥινὸς
957 3238 991 3296 τίς
1017 3235 1060 3288 τὸν
1078 3234 1191 3305 ούρανέν,
1214 3224 1231 3306 ᾗ
1255 3237 1424 3307 συντέτρηται,
1448 3236 1534 3290 κοῖλον

169 3329 276 3392 pristina
293 3329 386 3378 scholii
402 3329 486 3378 forma
504 3329 569 3379 haec
587 3330 664 3380 luisse
684 3333 797 3383 videtur:
876 3325 984 3393 γίνηται.
1016 3322 1118 3392 ὥσπερ
1140 3322 1251 3376 κίυῦων
1273 3323 1328 3392 γὰρ
1347 3322 1462 3394 ὑπηχεῖ
1478 3329 1533 3378 τοῦ

209 3413 235 3466 έν
253 3414 335 3484 ἡμέρᾳ
349 3441 381 3450 -
395 3411 498 3465 ίλαττον
516 3409 584 3483 ύῦωρ
603 3412 655 3484 έχιι
815 3467 825 3478 ,
876 3407 1020 3464 κάτωθεν
1039 3415 1148 3462 στενοῦ
1164 3409 1261 3468 ὄντος.
1280 3414 1532 3465 tintinnabulum

208 3501 234 3554 έν
254 3501 325 3553 νυκτί
350 3529 382 3538 -
395 3498 470 3553 πλέον
489 3496 557 3570 ὕδωρ
576 3499 629 3570 έχιι
658 3417 824 3564 ίάμβλυωπί
876 3499 1534 3566 interpretatusestTheophrasteumAttiusIV161

205 3587 231 3640 έν
250 3587 333 3657 ἡμέρα
348 3617 380 3626 -
393 3586 496 3640 ίλαττον
514 3590 563 3656 πῦρ
581 3587 633 3657 έχιι
874 3589 984 3639 fortasse
994 3591 1097 3638 rectius.
1110 3602 1169 3638 nam
1180 3589 1249 3638 auris
1258 3589 1280 3637 si
1291 3587 1367 3637 tubae
1377 3589 1475 3648 similis,
1485 3588 1533 3649 (in-

203 3676 229 3727 έν
247 3675 321 3728 νυκτί
344 3703 375 3714 -
396 3675 471 3728 πλέον
490 3677 538 3743 πῦρ
557 3674 610 3745 έχιι
877 3685 917 3726 tus
926 3677 1069 3740 angustior,
1083 3682 1157 3724 extra
1166 3675 1305 3740 patentior)
1314 3675 1348 3726 ad
1359 3689 1437 3725 sonos
1447 3676 1534 3726 loras

168 3764 184 3818 6
208 3759 349 3832 ίπαυξηίλέν
369 3766 426 3816 PF:
458 3781 524 3816 corr.
548 3765 658 3816 Usener.
685 3760 825 3832 έπαυξηθέν
877 3763 1028 3824 mittendos,
1047 3777 1124 3825 qnam
1142 3764 1231 3813 intus
1249 3762 1430 3828 propagandos
1449 3764 1535 3826 aptior

168 3849 213 3918 γὰρ
234 3849 387 3903 Schneider.
409 3860 436 3902 at
453 3861 512 3916 post
531 3853 637 3903 verbum
656 3854 825 3918 compositum
877 3859 953 3901 esset.
965 3850 1146 3914 Theophrasto
1156 3859 1242 3900 autem
1252 3851 1376 3914 cartilago
1387 3851 1458 3900 velut
1469 3851 1532 3899 tin-

167 3939 302 4002 langueret
327 3935 364 3988 έτι
387 3933 401 4004 ΙΙ
426 3937 442 3989 1
461 3935 498 3988 ὧν
514 3935 540 3990 δὲ
558 3940 614 3990 PF:
633 3955 698 3990 corr.
717 3940 826 3992 Schnei·
877 3937 1533 4001 tinnabnlumillieesonnmedereetquoquorer·

168 4021 215 4075 der
234 4020 249 4090 ΙΙ
269 4023 285 4076 8
303 4020 427 4093 γίγνεσθαι
445 4023 471 4076 ll
489 4027 568 4076 ταῦτα
591 4029 674 4092 suppl.
693 4029 794 4078 Usener
812 4023 826 4093 ΙΙ
878 4040 920 4074 sus
932 4026 1032 4074 mittere
1044 4025 1146 4074 videtur
1158 4025 1189 4074 cl.
1203 4025 1274 4075 Prol.
1287 4041 1312 4090 p.
1326 4021 1377 4074 222
1397 4021 1410 4090 ΙΙ
1432 4022 1465 4075 14
1478 4019 1534 4083 tiles

169 4111 184 4164 9
208 4110 280 4180 ἀέρος
303 4114 335 4164 ol.
359 4129 384 4177 ρ.
403 4109 509 4174 50315
537 4115 677 4179 respondet
698 4118 736 4182 τῷ
758 4111 826 4170 ένπὸς
877 4109 999 4176 [Emped.
1011 4129 1036 4161 ν.
1047 4108 1098 4162 315
1111 4109 1205 4174 Stein]
1223 4127 1276 4162 nou
1291 4111 1458 4162 dubitandum
1471 4113 1533 4174 quin

174 4194 253 4251 ύῦατι.
272 4201 403 4266 epicorum
421 4217 469 4252 nsn
482 4211 631 4267 usurpatum
650 4199 826 4270 άὴριιΤίιοο-
877 4207 1023 4264 corruptum
1036 4200 1076 4249 sit.
1103 4213 1161 4248 nam
1175 4215 1232 4248 cum
1245 4201 1351 4249 omnino
1365 4200 1436 4250 nulla
1454 4201 1533 4250 sitsi·

167 4287 274 4352 phrasto
298 4301 331 4338 ex
354 4288 513 4352 Empedoole
536 4299 666 4339 serratum
690 4289 791 4339 videtur
811 4284 824 4354 ΙΙ
877 4285 995 4336 militndo
1014 4287 1083 4336 ands
1102 4287 1217 4350 ramique
1237 4313 1269 4322 —
1288 4301 1372 4350 neque
1391 4288 1460 4337 euim
1478 4287 1533 4336 He·

170 4372 200 4422 11
220 4371 388 4440 συγκειμένων
410 4375 467 4425 PFr
493 4391 559 4426 corr.
583 4374 728 4440 Stephanus
753 4371 768 4442 ΙΙ
794 4373 826 4426 12
878 4373 945 4424 siodi
964 4369 1080 4430 πέντοίοτ
1101 4369 1212 4436 (manns)
1226 4371 1359 4438 open'l44
1372 4389 1455 4437 neque
1468 4375 1532 4438 Hip·

168 4453 263 4509 ίσωύιν
281 4462 348 4511 coni.
361 4462 473 4513 Karsten
493 4465 524 4514 cf.
542 4459 610 4526 521.
629 4469 657 4512 at
673 4477 753 4512 sonus
765 4477 825 4527 pro·
878 4462 990 4526 pooratis
1013 4461 1045 4509 de
1072 4467 1124 4509 nst.
1147 4461 1192 4510 iol.
1214 4459 1246 4512 19
1270 4459 1336 4522 [v11
1359 4475 1383 4525 p.
1402 4457 1462 4512 506.
1481 4456 1534 4510 510

167 4543 371 4610 ficiscitur-(dni)
391 4547 422 4598 ab
441 4551 585 4600 externis
603 4550 682 4611 sonis,
701 4550 746 4612 qni
759 4551 827 4598 intus
878 4547 965 4612 Lina]
988 4541 1105 4606 ἀξιοῦσθαι
1128 4554 1154 4596 et
1177 4541 1318 4606 dictrictae
1345 4555 1404 4612 apte
1430 4560 1533 4611 comps·

167 4633 227 4683 illisi
244 4633 277 4683 sd
299 4634 430 4686 cerebrum
444 4643 619 4700 propagantur
639 4629 652 4700 ll
676 4631 708 4685 13
726 4629 827 4702 κινηῦέν
879 4636 995 4686 rabis-
1015 4642 1068 4684 hum
1087 4635 1128 4685 hic
1146 4635 1306 4700 ineptissima
1324 4642 1392 4684 essct
1409 4647 1470 4693 vox,
1490 4632 1534 4682 ubl

167 4718 271 4788 ἡχιῖίίι
285 4716 386 4787 κινηβέν
400 4719 453 4790 ἡχῆ
466 4723 500 4773 Ρι
520 4738 586 4772 corr.
599 4721 747 4773 Schneider.
766 4737 827 4772 oon·
879 4723 911 4773 de
929 4723 1051 4773 interiore
1070 4722 1140 4771 auris
1157 4722 1239 4772 lorma
1258 4723 1350 4785 agitur.
1381 4715 1458 4769 αῦλὸν
1477 4727 1533 4769 ten·

166 4809 214 4856 leci
234 4803 337 4873 ψάφων,
356 4805 414 4859 ύταν
432 4806 446 4860 ὁ
465 4807 514 4876 ἀὴρ
539 4805 587 4858 ὑπὸ
607 4811 656 4876 ,τῆς
678 4809 765 4876 φωνῆς
788 4824 826 4858 κι-
878 4811 1091 4860 tabatWimmer.
1110 4809 1173 4858 mlhl
1185 4805 1332 4874 σάρκινον
1344 4803 1466 4868 ὀστοῦν,
1481 4821 1533 4869 qno

167 4889 251 4962 νηῦτλς
278 4891 331 4962 ἡχῇ
359 4893 427 4952 έντύς
458 4897 489 4946 cl.
517 4895 644 4947 Priscian.
671 4897 826 4960 metaphrss.
877 4897 941 4947 nihil
964 4897 1054 4946 melius
1076 4891 1106 4946 τύ
1124 4890 1262 4963 χονδρῶδες
1281 4892 1352 4946 Astii
1376 4895 1533 4944 circumscri-

168 4983 340 5048 Theophrsst.
359 4982 384 5032 d.
409 4997 476 5034 sens.
495 4979 538 5034 35.
557 4979 591 5035 36
614 4983 674 5034 Aet.
694 4982 766 5035 Plec.
785 4985 824 5036 iv
876 4982 925 5044 bit,
956 4983 1115 5034 verisimile
1142 4984 1243 5036 videtur
1265 4983 1296 5030 cf.
1324 4977 1390 5046 §⁶28
1415 4975 1428 5048 Η
1452 4995 1534 5036 κινου-

657 3593 785 3734 lenone
