3710 5730
321 401 362 466 68
783 407 822 456 rv
858 405 907 456 nu
928 403 1030 454 nunu
1049 403 1214 454 rnucrrrs

321 571 444 636 minuta
465 570 524 636 illa
546 569 689 654 capitula
711 590 750 636 ac
772 569 970 636 frustillatim
992 589 1051 634 suo
1074 589 1222 653 quaeque
1249 569 1444 656 philosopho
1466 570 1683 655 adiungenda,

321 672 380 738 sed
403 672 658 739 dissimulandae
681 673 779 740 etiam
801 671 963 758 explendo
986 670 1226 738 commissurae.
1266 674 1357 739 velut
1378 691 1477 756 supra
1498 691 1520 736 a
1542 670 1684 738 Stobaeo

320 773 471 840 addenda
498 783 591 841 erant
618 776 699 842 llaec
721 777 850 860 γίνεσθαι
879 775 912 838 δὲ
937 775 989 858 τὴν
1013 771 1138 860 ἔκλειψιν
1161 780 1193 840 et
1214 776 1248 838 τὸ
1274 777 1307 838 δὲ
1330 775 1453 858 μέγεθος
1478 772 1572 861 ἔχειν,
1600 794 1685 858 quae

320 875 450 958 quidem
472 876 505 942 in
523 878 618 944 Aetio
641 898 683 944 ex
709 877 850 962 capilum
872 875 966 941 titulo
990 882 1105 959 suapte
1127 883 1244 960 sponte
1265 876 1572 961 intellegebantur.¹
1612 876 1685 942 hinc

319 979 420 1046 semol
443 979 576 1062 gravior
598 985 687 1045 ortus
711 987 760 1046 est
782 1000 881 1046 error.

405 1082 437 1147 ss
461 1083 538 1146 201
564 1080 783 1166 Ἀναξίμανδρος
811 1083 916 1146 κύκλον
941 1080 1014 1146 εἶναι
1038 1083 1409 1148 ὀκτωκαιεικοσαπλασίονα
1431 1087 1483 1167 τῆς
1505 1086 1569 1166 γῆς.
1602 1080 1685 1146 haee

320 1181 432 1250 recte'
454 1184 647 1250 Plutarchus
670 1191 702 1252 et
725 1183 894 1250 Stobaeus.
921 1184 986 1248 iam
1008 1184 1065 1250 illo
1084 1205 1169 1250 novo
1186 1185 1348 1270 capitem
1369 1195 1380 1246 1
1398 1183 1683 1266 Ἀναξίμανδρος...

319 1287 368 1349 τὸν
384 1286 488 1349 κύκλον
505 1331 556 1350 ...
573 1286 912 1352 ἑπτακαιεικοσαπλασίω
935 1291 987 1370 τῆς
1002 1291 1066 1371 γῆς·
1088 1295 1122 1351 at
1138 1287 1299 1355 Stobaeus
1314 1285 1475 1371 prioribus
1490 1283 1686 1351 conducatis

321 1407 527 1454 numerorum
550 1389 760 1456 similitudine
779 1387 881 1452 salsus
904 1389 1114 1471 neglegenter
1135 1391 1264 1475 scripsit
1285 1393 1334 1454 τὸν
1357 1391 1390 1454 δὲ
1412 1389 1517 1452 κύκλον
1538 1385 1685 1450 ...εἶναι

318 1495 370 1553 τοῦ
404 1493 612 1576 προειρημένου
646 1492 796 1576 μεγέθους.
839 1495 936 1572 atque
968 1491 1086 1558 erroris
1113 1489 1218 1556 socios
1249 1491 1361 1557 habuit
1389 1511 1462 1556 cum
1490 1487 1686 1556 recentiores

319 1591 406 1658 viros
428 1592 543 1659 doctos
565 1615 646 1677 quos
668 1593 749 1677 fugit
772 1591 910 1676 Roeperi
932 1592 1104 1676 ingeniosa
1125 1593 1298 1676 explicatio
1321 1591 1488 1679 [Zeitschr.
1507 1591 1529 1656 f.
1545 1590 1684 1657 Alterth.

306 1695 403 1770 Ι1852
426 1715 456 1779 ρ.
473 1698 547 1782 442,
570 1698 622 1780 qui
638 1704 747 1764 tamen
770 1715 836 1760 nou
858 1695 966 1760 omnia
988 1703 1077 1762 recte
1099 1693 1285 1782 expedivit]‚
1308 1702 1375 1760 tum
1398 1694 1531 1762 Eusebii
1557 1693 1685 1760 codices

317 1796 495 1864 deteriores
518 1798 588 1864 ΒΕ.

403 1900 471 1966 Has
492 1899 589 1983 igitur
611 1899 878 1984 interpolationes
900 1901 1051 1984 aperiunt
1072 1901 1267 1966 Plutarchus
1290 1907 1323 1968 et
1346 1900 1580 1968 Theodoretus.
1624 1900 1683 1964 scd

318 1999 421 2085 ipsius
443 2022 572 2084 quoque
590 2002 722 2069 Stobaei
738 2001 957 2069 inconstantia
971 2003 1092 2068 factum
1108 2010 1168 2086 est,
1191 2010 1226 2068 nt
1240 2002 1378 2086 pristina
1392 2000 1495 2068 forma
1510 2003 1682 2087 polluceat

317 2123 392 2170 nam
407 2104 603 2171 Placitorum
625 2106 657 2171 ΙΙ
673 2106 714 2170 25
730 2105 794 2188 περὶ
818 2104 917 2176 οὐσίας
933 2107 1056 2190 σελήνης
1079 2105 1120 2170 26
1136 2107 1200 2189 περὶ
1223 2105 1364 2188 μεγέθους
1386 2105 1426 2170 27
1443 2106 1507 2190 περὶ
1531 2107 1684 2189 σχήματος

317 2205 433 2272 eodem
455 2207 552 2272 modo
576 2226 637 2290 quo
661 2205 769 2290 capita
792 2205 834 2271 de
857 2208 926 2272 sole
941 2205 1196 2290 comprehendit.
1230 2213 1264 2270 at
1282 2206 1414 2272 tandmn
1430 2205 1546 2272 induiti
1561 2205 1683 2272 laboris

317 2314 486 2392 pertaesus
507 2308 634 2390 integra
652 2308 760 2392 capita
771 2307 910 2373 Aetiona
932 2309 974 2373 28
990 2311 1053 2394 περὶ
1069 2315 1228 2395 φωτισμῶν
1244 2311 1367 2393 σελήνης
1389 2308 1431 2373 29
1446 2311 1509 2392 περὶ
1526 2309 1683 2393 ἐκλείψεως

316 2412 359 2476 30
370 2412 433 2496 περὶ
446 2412 600 2496 ἐμφάσεως
612 2410 702 2493 αὐτῆς
715 2411 754 2474 31
769 2411 833 2494 περὶ
849 2415 906 2472 τῶν
922 2413 1154 2496 ἀπροστημοίτων
1166 2411 1342 2494 proposuit.
1365 2410 1451 2476 idem
1466 2417 1576 2476 tamen
1590 2411 1685 2476 mira·

315 2514 372 2580 bili
388 2513 521 2580 artificio
538 2512 771 2578 continuationi
787 2513 955 2579 consuluit.
979 2514 1150 2597 uuicuique
1165 2513 1250 2580 enim
1265 2513 1359 2579 titulo
1375 2515 1408 2578 δέ
1422 2513 1504 2579 illud
1519 2515 1683 2598 suppleto-

315 2617 396 2682 rium
419 2616 554 2701 addidit,
578 2636 642 2700 quo
665 2616 793 2699 singula
815 2635 942 2698 quoque
964 2617 1109 2684 membra
1130 2615 1322 2701 placitorum
1344 2617 1497 2701 copulare
1519 2617 1611 2682 solet.

401 2720 568 2786 Interdum
591 2718 784 2786 contrarium
808 2717 925 2783 accidit
947 2727 983 2783 ut
1005 2720 1204 2786 coutinentia
1225 2717 1432 2802 discerperet.
1476 2718 1523 2785 sic
1544 2720 1632 2785 Plac.
1648 2719 1682 2784 Π

315 2824 336 2887 4
349 2843 417 2906 sqq.
433 2823 551 2906 partim
567 2822 625 2887 eol.
641 2822 657 2886 I
673 2822 716 2886 20
730 2821 847 2906 partim
863 2823 902 2886 21
927 2821 1142 2888 inveniuntur.
1177 2841 1240 2906 quo
1255 2822 1289 2888 in
1304 2840 1424 2904 genere
1439 2821 1536 2888 etiam
1553 2821 1681 2904 gravio-

315 2945 384 2992 rem
405 2923 689 3008 interpolationem
711 2945 775 2990 nou
797 2922 1028 2992 reformidavit.

399 3027 467 3091 115
483 3035 499 3089 3
517 3027 642 3109 legerat
656 3025 690 3092 ln
706 3027 800 3092 Aetio
821 3027 967 3096 artelea
982 3027 1078 3110 διττὴν
1094 3025 1166 3090 εἶναι
1181 3027 1234 3111 τήν
1249 3027 1373 3112 φθοράν,
1389 3028 1422 3090 τὸ
1439 3027 1491 3109 μὲν
1507 3027 1537 3096 ἐξ
1554 3027 1678 3112 οὐρανοῦ

314 3129 404 3212 πυρὸς
431 3129 559 3215 ῥυέντος,
588 3131 621 3192 τὸ
644 3127 665 3192 θ’
693 3129 723 3198 ἐξ
746 3131 849 3200 ύδατος
875 3133 1046 3213 σεληνιακοῦ
1073 3135 1252 3215 περιστροφῇ
1274 3133 1325 3192 τοῦ
1348 3127 1435 3213 ἀέρος
1456 3129 1678 3214 ἀποχυθέντος·

314 3231 361 3294 καί
384 3230 493 3295 τούτων
515 3231 588 3296 εἶναι
609 3233 661 3302 τὰς
683 3233 892 3314 ἀναθυμιάσεις
914 3232 1022 3316 τροφὰς
1043 3235 1094 3294 τοῦ
1118 3233 1240 3314 κόσμου.
1274 3230 1338 3296 iam
1361 3249 1433 3295 eum
1456 3235 1489 3296 el
1511 3231 1624 3317 φθοράν
1644 3240 1678 3298 et

311 3335 420 3421 τροφοῖς
451 3339 701 3401 commemorata
730 3334 870 3419 videret,
904 3333 937 3398 in
967 3353 993 3398 e.
1015 3333 1057 3397 20
1084 3335 1149 3416 περὶ
1178 3333 1317 3418 γενέσεως
1347 3333 1395 3396 καί
1426 3333 1539 3418 φθορᾶς
1568 3333 1678 3416 priora

11 3405 415 3520 Μούσου
436 3437 480 3502 ad
503 3438 703 3523 ἀποχυθέντος
725 3435 905 3521 desumpsit,
928 3454 1012 3519 quae
1034 3443 1226 3518 supererant
1245 3435 1319 3502 ficto
1342 3435 1499 3520 principio
1522 3454 1549 3500 c.
1566 3437 1605 3500 21
1631 3435 1678 3500 sic

313 3539 459 3606 exhibuit
487 3541 632 3610 Φιλόλαος
665 3537 758 3625 ἔφησε
784 3541 818 3603 τὸ
851 3541 903 3622 μὲν
931 3537 960 3607 ἐξ
987 3538 1110 3622 ούρανοῦ
1138 3541 1229 3624 πυρὸς
1256 3539 1370 3623 ῥυέντος
1395 3540 1429 3602 τὸ
1457 3539 1490 3601 δὲ
1515 3535 1545 3606 ἐξ
1573 3537 1676 3607 ὕδατος

313 3645 485 3726 σεληνιακοῦ
508 3647 686 3729 περιστροφῇ
708 3646 759 3705 τοῦ
782 3641 867 3726 ἀέρος
889 3640 1089 3726 ἀποχυθέντος
1111 3640 1183 3705 εἶναι
1205 3643 1256 3712 τὰς
1279 3643 1486 3725 ἀναθυμιάσεις
1500 3641 1609 3726 τροράς
1623 3644 1675 3704 τοῦ

313 3745 435 3828 κόσμου.
479 3744 645 3828 perspexit
667 3742 834 3826 anthologi
855 3742 995 3827 ineptias
1018 3742 1203 3810 Boeokhius
1227 3743 1367 3810 Philolai
1389 3744 1428 3810 ir.
1452 3765 1482 3828 p.
1500 3745 1571 3808 111.

397 3845 499 3912 Nobis
520 3845 649 3910 Aetium
672 3845 867 3912 restituturis
887 3846 1002 3912 fraude
1024 3851 1140 3930 aperta
1162 3845 1208 3912 sic
1229 3867 1328 3930 agere
1350 3847 1473 3932 placuit
1501 3853 1536 3912 ut
1563 3848 1676 3913 luxata

385 4036 391 4066 ¹
412 4039 482 4100 quod
505 4039 547 4088 hic
570 4039 663 4087 lactum
686 4045 725 4087 est
748 4044 776 4086 ut
798 4038 900 4100 gemino
926 4037 1039 4088 lemmati
1060 4030 1219 4104 Ἡράκλειτος
1241 4036 1285 4088 καί
1299 4031 1429 4094 Ἑκαταῖος
1448 4039 1572 4090 Ηοιεολίιί
1594 4039 1674 4088 solius

310 4127 363 4175 alla
388 4127 500 4190 capitula
524 4125 733 4184 adnecterentur,
757 4125 784 4174 id
808 4139 885 4188 saepo
909 4127 979 4174 viros
1002 4125 1093 4174 doctos
1115 4126 1212 4176 fefellit.
1256 4125 1292 4174 sic
1314 4124 1421 4176 Stobaci
1445 4126 1520 4190 eulpa
1542 4131 1580 4174 cst
1604 4126 1674 4188 quod

312 4213 339 4262 11
359 4211 392 4265 26
411 4223 422 4259 1
441 4213 487 4262 rub
505 4214 624 4262 lemmate
644 4205 808 4268 Ποσειδώνιος
825 4209 870 4262 καλ
888 4208 911 4261 ol
929 4207 1039 4262 πλεῖστοι
1056 4213 1109 4262 τῶν
1127 4205 1251 4262 Στωικῶν
1270 4214 1359 4277 opinio
1378 4215 1482 4262 minime
1495 4212 1675 4264 Posidoniana

312 4297 355 4360 [ef.
375 4301 463 4350 Hirzel
482 4299 628 4350 untcrsuch.
647 4314 669 4348 z.
689 4299 743 4349 Cic.
761 4299 775 4348 1
796 4295 874 4362 193²]
893 4307 1009 4364 apparet.

381 4383 470 4438 'nam
489 4387 686 4437 Teichmucllcri
704 4395 730 4435 ct
748 4387 843 4435 chleri
861 4385 1047 4436 dubitationem
1066 4401 1119 4436 non
1137 4389 1268 4452 intellego.
1297 4391 1340 4451 qui
1359 4387 1419 4438 dum
1432 4389 1567 4453 Hippolyti
1584 4388 1673 4437 lectio·

309 4489 369 4524 nem
381 4475 395 4524 1
409 4475 424 4527 6
438 4485 450 4523 t
466 4473 509 4526 τὸν
522 4471 615 4525 κύκλον
627 4475 672 4524 τοῦ
684 4470 756 4542 ήλίου
769 4471 1084 4524 ἑπτακαιεικοσαπλασίονα
1102 4475 1148 4541 τῆς
1167 4471 1271 4542 σελήνης
1290 4483 1375 4526 tuetur
1392 4471 1425 4526 1⁴
1443 4473 1494 4527 207
1514 4475 1590 4525 dicit:
1609 4473 1675 4525 dun

308 4560 352 4612 die
372 4561 479 4612 latuere
501 4560 720 4626 [θοιιιιειιθολπ]
743 4558 810 4612 blora
834 4559 930 4612 28πιαί
953 4578 981 4612 σο
999 4578 1075 4628 prore
1097 4561 1155 4612 οειίι
1183 4560 1258 4612 sollte
1285 4560 1327 4610 πίε
1350 4562 1393 4614 die
1419 4559 1673 4620 θοππεπεολείύε,

308 4649 492 4726 widerolt-citet
510 4649 569 4700 dem
587 4648 770 4716 Ααρεποσλείπ
788 4664 822 4699 ευ
840 4649 1002 4715 suffultum,
1028 4651 1069 4700 ola
1088 4647 1152 4699 dass
1171 4648 1220 4699 wir
1240 4649 1443 4700 Anaximander
1461 4648 1533 4699 diae
1556 4647 1673 4700 Venul-

307 4737 371 4804 ίιιπρ
395 4747 522 4788 πυέτουεπ
541 4737 669 4788 decanea.
697 4747 724 4787 at
746 4739 808 4786 solis
832 4738 901 4787 orbiu
925 4755 978 4788 non
1004 4745 1114 4801 quantus
1137 4745 1261 4802 appareat
1285 4739 1331 4788 sed
1364 4745 1473 4800 quantus
1498 4753 1526 4788 re
1554 4752 1617 4788 vera
1638 4738 1673 4786 sit

307 4825 437 4885 (nimirum
462 4835 545 4875 terrae
573 4826 696 4875 ambitum
722 4825 826 4888 aequat)
854 4825 1052 4888 intellegendus.
1089 4840 1150 4888 ergo
1174 4829 1194 4874 si
1218 4825 1368 4876 offendisset
1392 4826 1456 4875 illud
1480 4823 1672 4890 philosophum,

308 4935 339 4948 *-
356 4915 427 4976 quod
440 4929 493 4963 uon
508 4923 563 4964 erat
575 4930 619 4964 cur
631 4914 728 4963 iaceret
743 4941 771 4949 -
789 4921 874 4964 tamen
893 4913 983 4962 cadem
997 4912 1106 4962 offensio
1124 4916 1150 4962 in
1170 4913 1247 4962 lunae
1270 4914 1355 4964 orbita
1367 4913 1468 4981 Zellero
1486 4912 1670 4976 adgnoscendus

306 5009 368 5052 crat.
397 5016 462 5064 quae
482 5002 629 5052 underioics
650 5009 749 5050 tantum
768 5002 831 5050 solis
851 5002 940 5050 orbem
960 5001 1030 5061 (nam
1049 5009 1119 5050 terra
1137 5001 1217 5050 solem
1236 5001 1342 5068 aeqrrat)
1361 5010 1471 5066 superat.
