3750 5746
494 415 1203 523 Mum
1468 417 1530 483 νυ

323 522 533 574 PLUTARCHI
553 525 644 574 ΕΡΙΤ.
657 525 670 573 Ι
682 521 717 576 28
1034 525 1191 576 STOBAEI
1210 525 1286 576 fich.
1300 527 1314 576 I
1327 521 1379 575 51⁶

214 663 264 743 νἰῆ.
301 657 386 743 Περὶ
409 659 533 731 οόσίας
555 661 784 747 εἱμαρμένης.

251 777 482 864 Ἡράκλειτος
518 780 618 845 οδσίαν
650 781 858 867 εἱμαρμένηςλ
917 781 1143 868 Ἡράκλειτος
1178 783 1278 848 οδσίαν
1315 783 1490 869 εἱμαρμένης

214 882 299 966 λόγον
321 883 371 946 τδν
393 883 442 946 διὰ
461 886 515 968 τῆς
535 882 636 954 οδσίας
654 889 706 948 τοῦ
720 885 827 954 παντὸς
878 884 1052 972 ἀπεφαίνετο
1074 885 1159 970 λόγον
1180 887 1230 950 τδν
1253 886 1301 951 διὰ
1320 885 1420 954 οὐσίας
1437 889 1490 948 τοῦ

215 985 366 1069 διήκοντα·
396 985 471 1069 αδτη
497 984 530 1048 δέ
555 985 616 1050 ἐστι
642 987 676 1052 τδ
698 985 827 1072 αἰθέριον
878 989 984 1057 παντὸς
1017 988 1165 1072 διήκοντα.
1201 988 1275 1072 αὕτη
1308 985 1329 1052 δ’
1362 989 1423 1052 ἐστὶ
1456 989 1489 1051 τδ
1599 1034 1603 1040 -

191 1091 315 1170 εσῶμα,
340 1087 456 1172 σπέρμα
477 1092 530 1173 τῆς
551 1093 603 1152 τοῦ
624 1090 732 1159 παντὸς
752 1088 827 1174 γενέ·
878 1089 1006 1174 αἰθέριον
1029 1095 1126 1175 σῶμα,
1148 1091 1264 1176 σπέρμα
1285 1094 1338 1175 τῆς
1356 1096 1408 1156 τοῦ
1422 1114 1490 1155 παν-

217 1209 302 1260 σεως.
878 1192 928 1262 τδς
959 1192 1098 1276 γενέσεως
1136 1194 1185 1258 καλ
1217 1191 1355 1278 περιόδου
1387 1193 1525 1278 μέτρονο

879 1296 1063 1380 τεταγμένης·

259 1395 404 1461 Πλάτων
430 1395 515 1481 λόγον
547 1395 639 1460 ἀίδιον
664 1395 713 1459 καλ
739 1393 862 1478 νόμονν
923 1395 1071 1462 Πλάτων
1092 1399 1177 1482 λόγον
1199 1399 1291 1462 ἀίδιον
1316 1398 1370 1482 τὴν
1391 1396 1491 1461 οὐσίαν

217 1499 307 1563 ἀίδιον
328 1505 382 1584 τῆς
403 1504 455 1563 τοδ
476 1501 582 1568 παντὸς
603 1497 728 1584 φύσεως.
879 1502 932 1583 τῆς
954 1499 1130 1584 εἱμαρμένης
1151 1501 1200 1565 καὶ
1221 1501 1309 1584 νόμον
1328 1499 1420 1565 ἀίδιον
1438 1505 1492 1584 τῆς

879 1605 932 1664 τοῦ
953 1603 1059 1674 παντός
1080 1604 1206 1689 φάσεως.

261 1703 475 1790 Χρύσιππος
497 1705 616 1790 δόναμιν
634 1704 829 1789 πνευματικήν
847 1719 863 1774 3
925 1701 1133 1790 Χρύσιππος
1154 1705 1273 1790 δύναμιν
1296 1705 1490 1789 πνευματικὴν
1504 1723 1527 1761 10

187 1826 211 1864 ιο
221 1803 298 1875 τάξει
320 1811 372 1871 τοδ
386 1810 493 1879 παντὸς
508 1810 693 1894 διοικητικήν·
716 1809 765 1872 καλ
781 1809 834 1871 τά·
882 1808 935 1892 τὴν
958 1808 1059 1873 οδσίαν
1073 1813 1126 1894 τῆς
1142 1809 1329 1894 εἱμαρμένης,
1350 1805 1426 1876 τάξει
1441 1811 1492 1870 τοῦ

218 1913 262 1974 λιν
284 1910 315 1975 έν
336 1915 397 1981 τοῖς
412 1907 517 1995 Ὅροις·
539 1910 700 1994 εἱμαρμένη
724 1910 833 1974 έστλνδ
883 1913 989 1982 παντὸς
1004 1913 1191 1996 διοικητικήν.
1221 1911 1377 1994 τοῦτομὲν
1397 1907 1492 1972 οὖνέν

217 2019 270 2078 τοῦ
291 2014 403 2097 κόσμου
425 2013 521 2097 λόγος,
546 2013 567 2096 ή
588 2011 677 2094 νόμος
697 2016 756 2076 τῶν
779 2007 833 2098 [όν
883 2021 926 2100 τῷ
949 2014 1075 2100 δευτέρῳ
1097 2013 1168 2100 Περὶ
1191 2013 1315 2098 κόσμου·
1343 2011 1373 2076 έν
1396 2013 1429 2106 δὲ
1448 2017 1492 2096 τῷ

218 2114 288 2204 των]
318 2117 349 2181 έν
373 2121 417 2202 τῷ
444 2115 549 2200 κόσμῳ
570 2115 691 2199 προνοίᾳ
712 2115 831 2178 διοικου
883 2115 1009 2204 δευτέρῳ
1025 2115 1097 2204 Περὶ
1120 2117 1196 2203 δρων
1217 2116 1265 2180 καλ
1288 2115 1319 2179 έν
1340 2117 1400 2184 τοῖς
1422 2113 1493 2198 Περὶ

219 2219 323 2302 μένων·
351 2218 371 2302 ἢ
393 2217 488 2302 λόγος,
510 2213 576 2280 καθ’
602 2216 634 2280 ὃν
655 2214 693 2279 τὰ
714 2216 766 2300 μὲν
787 2237 831 2297 γε·
881 2223 935 2304 τῆς
955 2219 1131 2305 εἱμαρμένης
1153 2221 1201 2284 καλ
1224 2219 1255 2283 έν
1274 2217 1374 2287 ἄλλοις
1388 2215 1492 2301 σπορά-
1505 2233 1529 2272 ιι

185 2319 324 2403 ιεγονότα
344 2318 443 2404 γέγονε
464 2319 502 2384 τὰ
522 2318 556 2382 δλ
573 2317 709 2401 γινόμενα
726 2314 831 2400 γίνεται
882 2324 935 2407 δην
961 2321 1151 2408 πολυτρόπως
1178 2319 1368 2407 ἀποφαίνεται
1390 2317 1492 2402 λέγων·

218 2422 256 2485 τὰ
277 2422 311 2485 δὲ
331 2421 510 2506 γενησόμενα
531 2421 692 2506 γενήσεται.
882 2425 1043 2510 εἱμαρμένη
1065 2425 1142 2490 ἐστίν
1165 2425 1181 2490 ό
1203 2427 1255 2488 τοῦ
1274 2422 1386 2506 κόσμου
1400 2419 1495 2502 λόγος,

882 2528 903 2612 ή
930 2526 1014 2611 λόγος
1039 2529 1098 2592 τῶν
1120 2526 1151 2590 ἐν
1178 2531 1222 2612 τῷ
1245 2523 1349 2610 κόσμιρ
1374 2520 1495 2606 προνοίη

882 2627 1104 2712 διοικουμένων,
1130 2629 1151 2713 ή
1177 2629 1278 2712 λόγος,
1304 2622 1376 2691 καθ’
1404 2625 1437 2688 δν
1458 2622 1495 2686 τὰ

884 2732 936 2815 μέν
957 2730 1093 2815 γεγονότα
1115 2728 1213 2814 γέγονε
1238 2727 1275 2792 τὰ
1301 2727 1334 2790 δέ
1360 2726 1530 2810 γινόμεναοι

882 2833 988 2918 γίνεται
1008 2833 1045 2898 τὰ
1072 2833 1105 2896 δὲ
1132 2829 1311 2916 γενησόμενα
1336 2829 1496 2914 γενήσεται.

884 2936 1098 3022 μεταλαμβάνει
1125 2931 1148 2998 δ
1176 2932 1238 2997 ἀντὶ
1259 2934 1312 2996 τοῦ
1334 2930 1421 3014 λόγου
1443 2931 1496 3015 τὴν

883 3037 1025 3123 ἀλήθειαν
1051 3038 1105 3122 τήν
1130 3033 1224 3100 αἰτίαν
1250 3034 1303 3120 τήν
1329 3032 1415 3119 φύσιν
1443 3033 1496 3118 τήν

883 3139 1026 3224 ἀνάγκην,
1052 3137 1217 3225 προστιθείς
1243 3136 1292 3200 καλ
1314 3134 1414 3220 ἑτέρας
1436 3135 1497 3199 δνο

884 3243 990 3328 μασίας
1028 3243 1069 3314 ὡς
1101 3241 1149 3306 ἐπὶ
1181 3243 1235 3324 τῆς
1268 3237 1359 3322 αὐτῆς
1396 3235 1532 3308 οδσίαςιι

883 3344 1063 3430 τασσομένας
1092 3339 1156 3408 καθ’
1191 3339 1291 3426 ἑτέρας
1320 3339 1368 3404 καὶ
1398 3337 1498 3424 ἑτέρας

884 3449 1031 3536 ἐπιβολάς.
1065 3443 1179 3529 Μοίρας
1208 3443 1241 3506 δλ
1263 3440 1416 3506 καλεῖσθαι
1438 3441 1497 3504 ἀπὸ

884 3554 936 3616 τοῦ
963 3545 1023 3614 καιἰ
1049 3544 1139 3616 αἰντδς
1164 3546 1354 3629 διαμερισμοῢ
1376 3539 1498 3607 Κλωθὼ

885 3653 933 3716 καλ
961 3652 1089 3737 Λάχεσιν
1116 3646 1165 3711 καί
1185 3643 1337 3730 Ἄτροπον.
1370 3643 1499 3730 Λάχεσιν

886 3754 954 3839 μέν,
982 3754 1025 3820 ότι
1048 3754 1080 3818 δν
1105 3753 1213 3836 ιιλήρον
1235 3748 1407 3833 λελόγχασιν
1430 3747 1495 3812 ἕκα-
1508 3765 1533 3805 ιο

179 3877 380 3888 -n———n

214 3923 250 3983 '10
265 3925 335 3989 τάξιν
353 3930 377 3982 G
395 3933 426 3982 σί.
445 3931 479 3983 εδ
497 3929 571 3982 stab.
921 3925 937 3977 2
956 3921 1040 3982 οδσίας
1060 3925 1137 3993 (τῆς)
1159 3924 1206 3974 τοῦ
1229 3921 1334 3974 volebat
1355 3920 1486 3986 Βγινοτοτ.
1510 3923 1542 3973 εί.

218 4015 250 4068 10
267 4014 341 4068 πάλιν
358 4017 441 4070 ΘΒΟε
459 4015 541 4087 πάγην
560 4019 586 4067 Α
886 4016 954 4065 Plut.
970 4009 983 4080 ΙΙ
1000 4011 1030 4064 11
1043 4008 1138 4080 τάξεως
1147 4009 1277 4062 Μείιιελε.
1290 4009 1382 4060 melius
1396 4019 1464 4064 εεεετ
1474 4005 1543 4069 τάξιν

216 4101 249 4154 12
267 4105 313 4154 τοῦ
331 4101 408 4171 νόμου
425 4101 519 4174 κόσμος
536 4101 554 4174 ἢ
571 4099 643 4172 λόγος
661 4097 678 4168 ή
697 4095 771 4166 νόμος
783 4097 807 4148 Β
887 4101 919 4151 εἰ.
931 4098 945 4162 δ
959 4097 985 4150 4.
1003 4099 1049 4149 ιειλ
1061 4100 1126 4149 nihil
1138 4097 1287 4149 mutandum
1301 4094 1315 4166 λΙ
1331 4097 1363 4150 13
1380 4096 1406 4150 ἰν
1418 4095 1444 4149 δέ
1457 4097 1497 4147 Δτ
1516 4093 1543 4146 δλ

219 4189 250 4244 13
268 4188 347 4243 ὄντων
366 4192 451 4244 delevi
469 4196 501 4245 ef.
519 4193 593 4245 stob.
611 4187 744 4242 Theodor.
887 4188 965 4251 vulgo
977 4192 1037 4252 ρσοτ
1048 4182 1157 4255 δευτέρῳ
1171 4185 1326 4236 οολλοοοτοιιι
1340 4179 1351 4252 Η
1372 4183 1404 4236 14
1417 4181 1492 4252 ὡρῶν
1505 4183 1542 4232 Δι

886 4289 952 4326 corr.
961 4275 1064 4325 Ηοοτοο
1075 4267 1089 4340 ΙΙ
1100 4271 1135 4325 27
1145 4267 1312 4340 ίαιβουλάςΔ
1326 4265 1338 4339 Η
1354 4269 1389 4324 30
1398 4267 1471 4322 &nav
1480 4266 1544 4338 κλή-

886 4379 929 4432 ρον
940 4363 1043 4427 scripsi:
1056 4356 1108 4410 οῖον
1120 4357 1209 4429 κλήρῳ
1221 4360 1259 4410 A:
1272 4353 1310 4410 δτι
1322 4354 1362 4408 οἱα
1374 4354 1463 4425 κλήρῳ
1475 4357 1543 4407 Heo-

885 4467 933 4504 τσο
947 4445 961 4518 λΙ
975 4445 1070 4501 ἱκαστα
1086 4449 1135 4498 At·
1144 4461 1210 4498 οοιτ.
1223 4447 1325 4496 Ηοοτεο
1343 4445 1375 4496 εἰ.
1385 4443 1544 4508 Diogeninn.

886 4539 997 4606 apAEus.
1007 4538 1039 4589 P.
1049 4535 1082 4586 Ε.
1093 4531 1192 4586 V181⁰
1203 4531 1373 4596 [Τλιοοδοτετ.
1384 4532 1424 4582 vl
1435 4527 1480 4594 12]
1492 4524 1543 4580 Λά-

887 4639 956 4696 χεσιν
968 4658 975 4673 .
989 4661 996 4676 .
1008 4619 1077 4692 παρὰ
1087 4617 1117 4672 τό
1128 4616 1259 4688 λαγχάνειν
1271 4617 1370 4688 διάστιρ
1385 4615 1414 4681 [l.
1428 4613 1545 4680 ἱκαστον]

887 4710 916 4764 σδ
939 4707 1111 4780 σεσαρωμένον.
1138 4708 1170 4758 σί.
1197 4707 1325 4774 Porphyr.
1353 4705 1426 4758 stob.
1449 4704 1496 4754 οσλ.
1516 4702 1546 4753 11

888 4817 913 4866 p.
927 4797 1018 4853 38211.
1037 4798 1105 4850 Ρλοτ.
1123 4809 1177 4860 τερ.
1189 4795 1217 4846 X
1233 4811 1259 4860 ρ.
1272 4791 1350 4847 617ο
1370 4787 1473 4844 6201>=

888 4887 1059 4973 Emssuu
1077 4918 1129 4970 σοι
1146 4916 1259 4968 Amo
1279 4913 1475 4967 υιιυυυυοο

924 5003 961 5058 28
979 5003 996 5056 3
1015 5001 1180 5061 Theodoret.
1202 5005 1220 5054 Ι.
1239 5017 1260 5054 ο.
1285 4997 1308 5052 ολ
1324 4997 1356 5125 *δελ
1374 4999 1463 5051 τοῦτον
1481 4992 1546 5066 (Ζή-

1277 5087 1317 5150 21
