3756 5736
705 410 981 461 ruourrsomnnn
1459 415 1521 479 241

164 595 257 658 quem
279 575 336 640 ille
357 575 390 640 in
409 567 493 640 brat.
510 575 553 642 ad
575 576 673 660 ampl.
689 577 791 643 Paris.
810 576 893 643 med.
910 575 977 641 ord.
1000 576 1058 642 hh
1080 577 1127 645 ita
1143 579 1302 646 laudavit:
1325 585 1374 646 atr
1392 587 1522 665 sopien-

166 681 299 742 tiaairnus
321 679 430 742 Petrus
453 680 560 744 Comes
581 681 688 743 iunior
710 683 743 742 in
766 700 833 742 eum
855 680 965 742 librum
989 681 1107 744 Gaiano
1131 687 1310 766 asumptum,
1334 706 1373 750 ao
1395 687 1433 750 de
1449 689 1523 750 Phi-

165 785 283 864 lorophi
307 783 440 846 historia
463 785 659 864 inscriptum,
689 803 765 846 auae
794 781 1024 846 lucubrationes
1051 787 1161 849 attulit.
1205 785 1349 869 quisquis
1369 786 1439 872 suit,
1461 789 1523 855 hoo

166 891 257 951 extra
280 903 408 950 omnem
430 883 641 950 dubitationis
663 883 770 949 aleam
790 881 939 966 positum,
963 882 1080 948 Geloni
1103 886 1223 952 eodieis
1245 909 1338 954 usum
1354 888 1522 956 Charterio

164 985 263 1052 luisse
284 988 419 1070 nullum,
442 986 528 1069 quod
551 986 593 1052 de
615 985 688 1052 aliis
710 1005 837 1069 qaoque
852 983 981 1068 seriptis
995 1005 1081 1051 nuno
1097 995 1232 1056 constet.
1261 987 1312 1077 [oi.
1334 991 1359 1056 I.
1375 992 1523 1059 Muelleri

165 1087 279 1154 Galen.
303 1088 345 1154 de
372 1089 454 1172 plau.
478 1088 518 1154 Η.
542 1095 575 1154 et
601 1089 649 1154 Pl.
673 1109 703 1170 p.
719 1085 784 1174 42].
823 1093 963 1154 aeterum
994 1087 1065 1172 ipse
1094 1091 1204 1157 neseio
1235 1111 1299 1175 que
1328 1094 1524 1160 vereouudia

164 1188 279 1255 duetus
301 1211 367 1256 non
389 1192 496 1256 nullos
519 1191 608 1256 loeos
630 1211 671 1256 ex
686 1187 837 1254 Martiani
853 1189 957 1254 Rotae
979 1190 1172 1258 auetoritate
1194 1193 1324 1259 additos
1343 1193 1523 1261 litterarum

165 1312 285 1374 genere
316 1292 445 1358 diverso
474 1291 630 1358 distinxit.
681 1289 836 1374 quidquid
873 1289 969 1372 igitur
1005 1292 1207 1358 emendatius
1239 1295 1358 1378 legitur
1387 1295 1421 1360 in
1455 1297 1524 1363 eius

166 1394 314 1477 exemplo
330 1401 387 1460 aut
401 1392 463 1477 ipsi
478 1399 535 1458 aut
549 1394 653 1458 Rotae
667 1391 798 1476 ingenio
813 1390 959 1458 debetur.
993 1393 1105 1478 utrius,
1128 1415 1188 1460 nee
1209 1393 1305 1463 iuoile
1319 1397 1437 1480 ubique
1454 1406 1525 1464 erat

164 1497 207 1562 ad
229 1496 470 1562 diiudioandum
492 1515 553 1562 nee
576 1495 646 1562 sine
668 1493 819 1561 molestia
840 1493 884 1558 ad
905 1493 1122 1577 iudieandum.
1156 1516 1257 1580 quare
1278 1499 1461 1583 promisoua
1474 1507 1525 1568 est

164 1600 198 1666 in
220 1606 333 1666 nostra
350 1598 497 1666 editione
521 1597 681 1665 charterii
704 1603 737 1662 et
759 1594 910 1662 Martiaui
928 1594 1032 1662 Rotae
1053 1600 1218 1666 memoria.

252 1704 389 1769 Possum
408 1700 462 1767 hio
484 1699 660 1766 subsistere
681 1699 715 1764 in
737 1697 901 1765 eodicihus
928 1703 961 1762 et
983 1697 1179 1766 editionibus
1202 1721 1284 1785 ques
1306 1703 1436 1787 quidem
1458 1705 1524 1772 vidi

165 1804 382 1873 reeensendis.
414 1823 489 1870 uam
512 1802 589 1887 quid
603 1801 719 1868 attinet
741 1800 984 1866 Iuntinarum
1005 1819 1045 1865 ae
1067 1801 1398 1872 Frobeniauarum
1419 1825 1525 1890 paene

166 1908 322 1974 infinitam
337 1905 454 1973 seriem
469 1905 676 1990 perlustrare,
699 1922 783 1987 quae
797 1902 901 1968 Rotae
915 1900 1098 1968 versionem
1114 1912 1277 1989 repetunt,
1295 1907 1303 1938 ¹
1326 1914 1383 1974 aut
1401 1907 1526 1976 Kueh-

164 2011 217 2076 nii
233 2009 417 2094 exemplum
432 2029 473 2076 ex
489 2005 703 2074 Charteriaua
719 2004 813 2089 epioe
827 2011 922 2072 tenus
937 2003 1156 2088 exseriptum'
1170 2008 1256 2074 iusta
1271 2008 1525 2094 reprehensione

167 2113 302 2180 notare?
334 2111 397 2178 hoo
420 2112 504 2178 euim
528 2131 568 2176 ex
591 2109 639 2176 eis
661 2128 745 2192 quae
769 2107 936 2192 disputata
962 2112 1037 2172 suut
1059 2113 1209 2176 oonstare
1231 2118 1324 2196 puto,
1353 2131 1394 2178 ex
1415 2111 1525 2178 arohe-

167 2224 244 2301 typa
267 2213 355 2280 haud
377 2219 505 2279 vetusto
528 2211 706 2294 eodemque
729 2207 975 2276 mendosissime
999 2213 1150 2291 quattuor
1165 2213 1315 2297 exempla
1330 2213 1526 2298 transcripta

166 2338 248 2400 esse,
271 2335 310 2381 aa
331 2313 458 2382 fidelius
481 2314 610 2397 quidem
632 2315 729 2378 Laur.
744 2312 787 2396 A,
811 2311 945 2396 peritius
967 2310 1026 2377 sed
1048 2310 1245 2395 interpolate
1267 2315 1364 2380 Laur.
1381 2314 1421 2400 B,
1445 2315 1526 2382 eius·

167 2419 307 2500 demque
328 2415 457 2499 generis
473 2436 545 2482 esse
561 2423 594 2482 et
609 2414 843 2482 Baroeeianum
859 2419 892 2480 et
905 2412 1033 2479 Nieolai
1049 2419 1232 2480 truueatum
1248 2422 1281 2482 et
1296 2415 1526 2500 interpolatum

168 2519 345 2602 exemplar.
378 2517 532 2583 Laounae
554 2517 623 2584 sive
645 2515 802 2582 Hadriani
826 2516 929 2582 eodex
952 2517 1056 2599 qualis
1077 2515 1175 2583 fuerit
1196 2517 1252 2584 vix
1273 2537 1312 2584 ae
1326 2538 1368 2584 ne
1390 2517 1445 2584 vix
1460 2519 1527 2602 qui-

169 2621 243 2688 dem
265 2640 305 2686 ex
328 2619 397 2686 eius
419 2619 569 2687 versione
597 2617 761 2685 enueleari
787 2623 905 2702 potest.
949 2617 1059 2702 itaque
1081 2618 1244 2685 oodioibus
1266 2618 1328 2684 AB
1350 2619 1397 2686 ita
1418 2640 1527 2704 super·

170 2722 343 2788 struximus
364 2727 507 2794 nostram
532 2723 720 2804 editionem,
743 2725 779 2784 ut
801 2739 841 2786 ex
864 2739 1024 2786 consensu
1046 2720 1108 2786 AB
1130 2721 1300 2807 arohetypi
1322 2719 1458 2788 formam
1479 2741 1528 2789 re

169 2825 385 2908 lingeremus,
425 2823 683 2910 discrepantibus
720 2821 767 2887 eis
803 2821 988 2888 vetustioris
1025 2821 1095 2890 iere
1131 2823 1204 2890 libri
1236 2825 1265 2890 A
1301 2822 1526 2890 auctoritatem

169 2933 340 2994 tueremur.
385 2933 557 3012 praeterea
588 2926 621 2992 in
650 2921 810 3008 prioribus
842 2923 1004 3008 eapitibus
1037 2925 1264 2992 seeuudarium
1297 2924 1393 2990 tribui
1422 2925 1526 2991 looum

170 3029 298 3098 soleatis
313 3027 469 3116 Nlioolai)
485 3027 688 3112 lectionibus,
712 3023 754 3090 de
769 3024 884 3108 quibus
899 3032 998 3092 antea
1016 3027 1136 3092 monui.
1170 3027 1426 3096 eouieaturarum
1440 3027 1527 3094 unde

168 3131 243 3198 huie
269 3131 342 3198 libri
364 3132 448 3216 parti
477 3130 619 3198 maxima
645 3127 787 3214 petenda
817 3135 888 3194 erat
916 3129 1005 3194 salus
1033 3129 1189 3213 quidquid
1218 3128 1357 3196 innotuit
1383 3129 1527 3196 adhibui.

170 3233 345 3300 editiomm
372 3241 450 3300 uta
471 3233 613 3300 Lause
635 3228 844 3315 pendentium
872 3231 1031 3298 rationem
1058 3230 1158 3298 habui
1186 3234 1323 3318 nullam,
1351 3231 1414 3298 nisi
1441 3232 1529 3315 quod

170 3337 317 3421 exaerpsi
338 3336 366 3404 si
389 3355 473 3420 quae
495 3341 588 3402 erant
610 3333 752 3418 potiores
775 3333 1029 3400 emendationes.
1075 3333 1117 3400 de
1138 3333 1319 3417 posteriore
1341 3337 1434 3418 parte
1457 3335 1529 3399 Plu·

170 3438 305 3506 tareheu
325 3437 393 3504 dixi
416 3459 448 3522 p.
465 3440 505 3504 12
518 3458 587 3521 sqq.
611 3442 644 3503 et
665 3435 717 3501 43.
1143 3491 1144 3494 ,

254 3540 398 3607 Historia
419 3539 615 3625 philosopha
637 3557 678 3604 ex
700 3557 740 3604 eo
763 3535 943 3602 litterarum
969 3555 1089 3619 genere
1111 3541 1162 3602 est
1186 3536 1273 3620 quod
1295 3539 1530 3624 ὑπομνήματα

172 3645 323 3728 apetiret
345 3642 463 3709 Graeci
483 3640 695 3708 nominabant
717 3638 768 3726 [oi.
789 3637 893 3704 Lehrs
915 3638 957 3704 de
971 3635 1169 3704 Aristarch’
1191 3659 1222 3723 p.
1240 3636 1302 3725 21].
1337 3638 1372 3704 id
1395 3660 1465 3706 oum
1489 3660 1530 3708 ex

174 3791 316 3798 .-..--.--..-.

236 3859 251 3894 '¹
272 3867 298 3915 in
311 3869 494 3930 posterioribus
508 3871 628 3920 Iuntinae
641 3867 797 3920 editionibus
814 3869 861 3918 sub
879 3869 953 3919 titulo
980 3867 1078 3918 Galerii
1092 3867 1158 3918 liber
1172 3866 1205 3918 de
1224 3865 1332 3919 historia
1348 3867 1531 3934 philosophica

172 3949 243 4002 Iulio
263 3949 399 4004 Martiana
418 3955 558 4021 hrterprete
584 3956 649 4006 haee
672 3963 711 4006 est
733 3955 809 4005 docta
832 3956 964 4006 cuiusdam
988 3956 1136 4008 adnotatio:
1158 3953 1226 4006 duaa
1246 3954 1341 4006 lthrara
1361 3954 1458 4006 Galeri
1475 3973 1530 4009 esee

171 4054 228 4089 eom
251 4039 318 4090 satir
340 4056 395 4091 aaa
414 4051 524 4104 coartet,
549 4039 692 4092 ridendum
714 4057 778 4090 uum
797 4041 915 4108 fartam
938 4041 973 4092 sit
993 4041 1070 4092 Aelii.
1093 4040 1273 4094 Theodoretue
1291 4041 1361 4093 euim
1379 4041 1422 4093 tid.
1440 4045 1468 4094 11
1486 4043 1530 4107 §4

173 4125 205 4176 de
223 4127 360 4178 curatione
378 4144 532 4195 paramum
550 4129 721 4195 assertionum
738 4127 831 4178 serihit
844 4125 1019 4178 Plutarchum
1038 4137 1062 4179 et
1078 4127 1184 4179 Aetium
1197 4128 1357 4180 collaetauea
1375 4127 1408 4179 de
1424 4128 1532 4195 placitis

171 4211 385 4278 philosophorum
396 4215 519 4278 edidisse,
533 4213 715 4282 Porphyrium
727 4229 788 4265 raro
801 4230 852 4264 aaa
865 4214 941 4266 modo
951 4215 1160 4282 philosophicam
1173 4215 1256 4267 eiures
1271 4216 1374 4284 perieris
1393 4217 1532 4283 eouseoiree

173 4299 325 4363 hietoeiaat,
348 4315 440 4352 auum
463 4303 543 4354 etiarn
565 4301 730 4367 opinionibus
755 4302 837 4352 aitarn
863 4319 894 4352 aa
911 4317 997 4353 mares
1013 4300 1226 4371 philosophorum
1243 4301 1405 4354 attonuere.
1445 4301 1533 4364 Quare

174 4401 231 4438 eum
244 4385 385 4439 Plutarchi
404 4387 470 4439 liber
491 4387 627 4449 habeatur,
645 4389 687 4439 hie
706 4397 794 4439 autern
806 4387 959 4457 Porphyrio
979 4389 1063 4454 (quan
1070 4389 1189 4456 satanae
1201 4387 1326 4440 Laertius
1345 4397 1383 4440 eat
1401 4389 1534 4456 imitatur)

174 4473 256 4526 tribui
272 4491 327 4525 uon
346 4484 432 4541 queat,
447 4476 488 4542 fit,
506 4483 536 4528 ut
549 4475 640 4527 Aetita
655 4476 836 4543 potiusquam
854 4477 907 4528 ulii
925 4475 1007 4527 alteri
1025 4474 1215 4528 adscribendae
1234 4475 1365 4528 uideatur.
1384 4474 1447 4527 Nat
1457 4477 1534 4542 sorte

172 4559 230 4625 qaia
251 4569 325 4625 patet
350 4576 378 4613 eo
402 4562 469 4627 quod
491 4563 531 4614 hie
555 4571 580 4614 et
604 4561 677 4629 apud
701 4561 876 4616 Plutarchum
899 4561 991 4616 eadem
1016 4577 1095 4628 saepe
1122 4563 1200 4615 aerha
1225 4562 1346 4630 apansa
1369 4577 1402 4614 ea
1424 4571 1534 4630 utroque

168 4646 257 4712 saitae
276 4657 433 4715 conpertum.

244 4731 255 4764 ²
273 4735 382 4786 historia
404 4737 562 4803 philosopha
584 4747 623 4788 est
648 4741 675 4789 in
692 4747 710 4789 t.
724 4741 792 4789 XIX
810 4757 834 4804 p.
848 4735 997 4789 222-245.
1026 4738 1175 4799 Kuehnius,
1198 4740 1243 4802 qui
1266 4739 1395 4803 prioribus
1417 4741 1457 4788 aui
1477 4753 1533 4788 oer-

174 4823 244 4885 poris
273 4823 446 4874 voluminibus
471 4841 574 4876 manum
596 4827 705 4876 subinde
732 4827 848 4875 admovit
874 4827 991 4888 quamvis
1021 4841 1111 4889 parum
1139 4827 1253 4887 felicem,
1280 4831 1409 4888 postremo
1434 4827 1535 4888 urgenti

174 4909 325 4973 typothetae
345 4926 377 4960 ne
395 4912 524 4974 inspectas
543 4913 647 4974 qnidam
665 4913 849 4962 Charterianae
867 4913 985 4977 plagulas
1004 4915 1071 4978 typis
1090 4912 1273 4963 describendas
1291 4911 1427 4961 tradidisse
1446 4913 1535 4962 iomar.

175 5009 258 5058 neque
277 4997 352 5046 aliter
370 4997 494 5061 explicari
513 4987 605 5063 potest,
626 5001 696 5062 quod
714 5000 793 5050 editio
813 5000 946 5050 ambitiose
965 5007 1085 5063 suscepta
1104 5009 1158 5050 mm
1178 5001 1270 5050 misere
1288 4997 1408 5049 absoluta
1425 5007 1473 5050 eat.

226 5105 317 5154 Dlela.
337 5107 479 5157 Dexagrophl
499 5107 581 5156 presel.
1297 5083 1337 5146 16
