3708 5732
718 395 995 446 PROLEGOMENA
1469 393 1528 455 171

173 563 246 647 quis
269 559 496 645 Xenophanen
520 557 578 623 illa
598 559 683 624 Astii
709 577 776 626 non
801 561 1019 626 immemorem
1050 581 1123 628 eum
1150 559 1316 644 scripsisse
1347 559 1532 642 contendat,

176 687 244 734 non
266 681 452 748 repugnem.
476 667 510 726 at
532 660 618 742 quod
632 660 851 726 Metrodorum
872 661 1036 729 Zenonem
1057 663 1239 745 Diogenem
1262 664 1417 748 διαφόρους
1438 663 1532 748 ἀρχὰς

172 775 232 834 τῶν
255 769 331 834 ὅλων
354 760 555 849 perhibuisse
577 761 686 846 tradit,
708 761 830 828 firmum
852 763 937 830 lecit.
973 765 1073 848 quid?
1094 785 1166 831 oum
1179 784 1274 830 nemo
1291 771 1441 830 ueterum
1456 763 1533 846 quid

173 869 314 954 Diogeni
334 867 514 950 Smyrnaeo
537 865 706 951 placuerit,
730 865 869 950 sciverit,
891 872 968 933 tune
989 865 1228 932 Theodoretum
1251 866 1384 932 scivisse
1405 863 1533 930 eredis?

173 972 253 1040 mihi
275 989 353 1036 vero
374 966 455 1032 nihil
476 965 539 1030 nisi
561 966 772 1034 successionis
794 973 930 1032 stemma
956 967 1004 1034 illi
1030 974 1160 1053 praesto
1187 967 1287 1034 fuisse
1314 973 1450 1050 eertmn,
1478 966 1532 1031 uhi

172 1073 313 1157 Diogeni
343 1067 506 1152 legitimus
533 1074 582 1132 est
613 1075 690 1134 ante
717 1068 946 1136 Anaxarchum
967 1072 1067 1136 locus.
1111 1071 1200 1136 velut
1221 1069 1310 1154 apud
1333 1069 1533 1135 Clementem

173 1178 291 1245 Strom.
303 1175 320 1240 Ι
332 1175 374 1240 64
388 1193 420 1257 p.
431 1171 536 1236 35312.
560 1171 735 1238 succedunt
745 1171 882 1238 Eleatici
894 1171 1115 1256 Xenophanes
1128 1171 1339 1238 Parmenides
1349 1172 1437 1238 Zeno
1452 1170 1533 1236 Leu-

173 1279 288 1363 cippus
309 1273 514 1341 Democritus
536 1273 734 1356 Protagoras
749 1273 952 1340 Metrodorus
970 1273 1135 1355 Diogenes
1151 1272 1372 1338 Anaxarchus.
1404 1271 1533 1356 plenius

175 1381 272 1448 υίίυυι
294 1375 426 1444 Ermehii
450 1375 537 1458 quod
559 1375 626 1440 dixi
649 1375 874 1458 compendium
896 1376 1003 1442 Nessa
1023 1376 1107 1442 inter
1129 1376 1342 1458 Protagoram
1364 1381 1397 1439 et
1417 1374 1533 1439 Metro-

175 1483 290 1548 domm
303 1479 495 1564 interposito
511 1476 550 1544 oi.
567 1477 703 1543 Krische
719 1478 851 1544 Forsch.
866 1501 898 1563 p.
912 1478 984 1544 169.
1010 1477 1151 1560 itemque
1166 1477 1259 1559 Diog.
1275 1477 1324 1542 IX
1338 1477 1381 1541 58
1391 1474 1532 1560 ’Arane

173 1609 227 1670 χος
245 1582 437 1668 Ἀβδηρίτης.
470 1580 553 1650 οὗτος
576 1582 712 1664 διήκουσε
731 1582 881 1664 Διογένους
902 1586 953 1645 τοῦ
976 1579 1149 1663 Σμυρναίου,
1172 1582 1199 1643 oi
1222 1580 1255 1643 δὲ
1278 1576 1305 1665 [i
1320 1581 1336 1642 ὁ
1351 1576 1395 1663 δὲ]
1418 1577 1532 1662 Μητρο-

172 1691 269 1770 δώρου
295 1688 346 1748 τυῡ
372 1681 449 1747 Χίου
466 1729 473 1744 .
488 1729 517 1745 ..
534 1681 733 1766 Μητρόδωρον
760 1685 793 1746 δὲ
817 1683 932 1748 Νέσσου
954 1687 1005 1746 τοῦ
1028 1681 1115 1760 Χίου,
1138 1683 1165 1744 ei
1188 1683 1220 1744 δὲ
1242 1681 1424 1766 Δημοκρίτου
1446 1681 1532 1764 φασὶν

174 1792 308 1854 ἀκοῦσαι.
343 1785 442 1868 paulo
465 1783 560 1850 aliter
581 1784 783 1868 Epiphanius
805 1785 890 1850 inira
912 1807 944 1869 p.
961 1785 1031 1849 176.

262 1887 388 1954 Similia
409 1887 596 1952 Irenaens
619 1905 646 1952 c.
663 1886 857 1952 haer.1114
879 1908 951 1952 eum
973 1885 1155 1952 christianis
1177 1884 1274 1952 sectis
1296 1883 1476 1968 composuit

260 1990 350 2082 1114
369 1997 386 2052 t
423 1989 554 2052 Thales
576 1990 697 2070 quidem
719 1991 857 2055 Milesias
878 1993 1092 2054 anioermram
1113 1990 1339 2071 generationem
1363 1996 1391 2050 et
1413 1987 1532 2050 initiam

175 2114 290 2179 mam
312 2095 391 2156 dicit
413 2111 479 2156 esse

255 2198 437 2260 liemarus
470 2201 572 2258 autem
602 2202 696 2274 poeta
723 2195 877 2260 Oceanum
909 2196 1036 2259 deornm
1067 2195 1192 2276 pemeria
1219 2201 1247 2256 et
1272 2203 1401 2256 matrem
1429 2191 1533 2254 l'itetin

174 2300 474 2382 dogmatizarit

260 2399 548 2466 Anamimander
571 2405 672 2460 antem
693 2398 751 2460 hoc
772 2400 856 2479 qaod
876 2401 1055 2464 immensam
1085 2412 1129 2464 est
1151 2403 1285 2463 omnium
1311 2399 1432 2461 initiam
1459 2397 1533 2458 sah-

176 2506 248 2568 iecit
268 2503 458 2568 seminaliter
478 2499 593 2562 hahens
615 2501 648 2562 in
669 2509 763 2562 semet
789 2503 858 2581 ipso
886 2506 1019 2566 omnium
1044 2504 1187 2584 penesin:
1220 2480 1259 2564 ei:
1285 2520 1344 2582 pao
1371 2503 1534 2562 immensos

174 2607 305 2670 mundos
327 2613 472 2669 constare
494 2605 540 2664 ait
562 2647 570 2663 .
590 2645 621 2664 ..
1406 2587 1420 2626 ⁹

260 2709 515 2786 Anaaeporas
538 2713 639 2766 nutem
661 2706 714 2786 pai
735 2714 764 2768 ct
785 2707 891 2770 atheta
906 2709 1138 2787 cognominatas
1153 2715 1198 2770 est
1212 2707 1432 2788 dogmatisavit
1445 2706 1534 2786 fecto

174 2811 327 2875 animalia
350 2807 560 2871 decidentibus
584 2827 600 2868 c
623 2807 710 2870 caelo
732 2809 764 2870 in
788 2817 903 2872 terram
924 2809 1090 2872 seminibus
1113 2857 1169 2874 ...
1547 2793 1550 2798 ¹

259 2913 401 2976 ammam
422 2919 522 2974 antem
542 2919 569 2972 et
584 2927 715 2971 vacuam
729 2911 868 2990 ipsoram
889 2931 910 2974 ο
931 2913 1143 2975 Democrito
1166 2923 1195 2976 et
1216 2914 1385 2994 Epicuro
1407 2929 1533 2976 samen·

175 3029 219 3080 tes
241 3013 424 3099 [haeretici]
447 3013 667 3090 sibimetipsis
689 3022 884 3092 aptaverant.
899 3035 967 3078 mm
993 3015 1040 3077 iiii
1064 3017 1196 3095 primm
1218 3017 1345 3078 maltam
1365 3033 1535 3077 sermonem

172 3121 304 3199 fecerint
326 3117 365 3179 cie
386 3135 487 3180 cocao
503 3126 531 3178 et
546 3117 585 3176 de
602 3116 729 3176 atomis:
751 3134 880 3196 qaorum
895 3119 1025 3180 alterum
1041 3119 1163 3199 quidem
1178 3119 1253 3199 qaid
1267 3137 1333 3180 esse
1347 3125 1535 3180 recocarent

173 3223 305 3286 alteram
326 3237 400 3281 nero
424 3218 506 3300 quod
527 3235 590 3278 non
611 3224 656 3279 est
678 3219 913 3298 appellauerunt
929 3267 936 3280 .
954 3267 961 3280 .
978 3266 986 3282 .
1005 3267 1013 3281 .
1030 3221 1113 3300 qaod
1134 3230 1234 3283 aaran
1257 3221 1364 3283 dicant
1386 3220 1535 3300 imagines

174 3345 240 3389 esse
260 3324 337 3385 haec
359 3339 465 3384 eoram
487 3338 566 3399 quoe
579 3329 650 3380 sant
665 3321 913 3399 manifestissime
934 3322 1143 3385 Democriti
1165 3331 1194 3385 et
1215 3324 1387 3386 Platonis
1408 3329 1534 3383 senten-

173 3431 248 3491 tium
271 3426 453 3487 edisserant.
497 3423 738 3484 Democritus
766 3425 845 3484 enim
866 3424 986 3502 primas
1008 3426 1054 3486 ait
1074 3427 1188 3487 multas
1213 3435 1242 3486 et
1263 3428 1372 3488 carim
1400 3424 1440 3486 ad
1460 3425 1534 3486 ani-

172 3530 319 3593 aersitote
340 3529 458 3606 figuras
481 3543 650 3605 expressos
673 3525 867 3587 descendisse
889 3527 922 3587 in
942 3526 1024 3587 hanc
1044 3527 1199 3590 mandam.

258 3630 369 3692 Plato
391 3647 464 3691 acro
486 3645 598 3689 rursus
621 3627 784 3690 materiam
807 3627 880 3690 dicit
903 3636 932 3689 et
953 3627 1042 3688 deam
1067 3673 1123 3689 ...

258 3743 276 3792 4
305 3743 333 3794 et
355 3731 413 3793 tec
435 3738 536 3792 eatam
559 3729 641 3809 qaod
664 3749 703 3790 ea
724 3729 862 3792 subiecta
887 3731 1019 3791 materia
1041 3730 1146 3792 dicant
1172 3727 1394 3807 fabricatorem
1422 3731 1535 3809 (esim

174 3836 322 3898 mandam
344 3841 374 3896 et
395 3833 652 3912 Anaaaporas
674 3839 703 3893 et
724 3831 965 3912 Empedocles
988 3842 1016 3894 et
1038 3833 1143 3895 Plato
1164 3833 1257 3912 primi
1279 3839 1351 3894 ante
1371 3833 1427 3894 isos
1443 3834 1535 3896 dine-

173 3947 247 4000 runt
270 3981 278 3999 .
302 3983 308 3997 .
333 3981 341 3996 .

258 4047 274 4098 6
305 4037 387 4118 quod
409 4046 510 4098 autern
532 4036 626 4098 veiint
647 4037 680 4098 in
702 4055 845 4099 numeros
874 4037 1046 4116 transferre
1073 4038 1250 4099 nniversam
1271 4038 1329 4099 too
1350 4055 1371 4098 a
1393 4036 1534 4117 Pytho-

171 4142 313 4222 poricis
335 4149 530 4218 acceperant.
566 4141 700 4217 mimam
721 4141 800 4202 enim
821 4141 853 4201 lsi
875 4141 995 4202 initiam
1010 4141 1144 4202 omnium
1157 4159 1301 4202 nummos
1315 4139 1535 4202 mistiam-ent

174 4255 201 4307 et
223 4245 346 4306 initiam
370 4244 508 4322 ipsoram
529 4260 638 4320 parem
661 4251 688 4302 et
709 4243 859 4320 imparem
881 4262 920 4304 ea
943 4242 1053 4322 quihus
1083 4251 1111 4304 et
1134 4261 1214 4324 qnae
1238 4243 1400 4305 sensibilia
1425 4248 1454 4302 et
1481 4243 1535 4302 in-

172 4354 299 4409 ternata
320 4353 391 4407 sant
412 4342 617 4406 seducerent.
651 4344 803 4408 etaltera
825 4346 946 4426 quidem
967 4345 1192 4408 substitutionis
1215 4346 1307 4407 initio
1329 4364 1411 4420 esse,
1435 4345 1536 4406 altera

173 4459 274 4512 cotem
303 4447 492 4510 secretionis
520 4454 548 4507 et
576 4446 775 4510 substantiae.
809 4467 849 4508 ea
878 4447 988 4529 quihus
1008 4448 1118 4527 primis
1140 4449 1245 4510 amnia
1265 4449 1407 4528 perfecta
1429 4447 1535 4508 dicant

173 4549 429 4634 quemadmodum
450 4557 585 4611 statuam
608 4549 646 4610 de
669 4559 845 4612 aeramento
868 4561 896 4612 et
919 4550 1194 4630 deformatione.
1219 4597 1226 4611 .
1251 4595 1259 4612 .

255 4651 479 4734 Pythagorei
501 4653 766 4732 quaternationem
787 4653 869 4715 celat
888 4654 1014 4733 genesin
1037 4661 1066 4716 et
1080 4661 1209 4715 matrem
1224 4653 1357 4714 omnium
1373 4659 1531 4713 enarrant.

255 4750 362 4817 Etiam
383 4751 512 4818 irenaei
535 4753 625 4816 locus
639 4751 822 4818 Aristotelis
845 4753 1121 4821 commonefacit.
1155 4773 1231 4819 nam
1253 4757 1383 4837 praeter
1398 4749 1533 4815 Thalem

171 4853 314 4920 Homero
347 4853 490 4920 iunctum
524 4854 622 4920 etiam
652 4854 857 4922 Democritus
886 4855 1070 4941 Metaphys.
1093 4857 1114 4922 l.
1135 4876 1162 4921 c.
1189 4877 1221 4940 p.
1236 4854 1356 4922 esebo
1388 4849 1533 4917 similiter

172 4960 338 5020 mactatur.
383 4957 442 5023 sed
469 4957 625 5040 pleraque
657 4957 805 5039 vulgaria
833 4963 909 5024 sunt
930 4964 1060 5042 praeter
1082 4957 1315 5024 Anaximandri
1338 4952 1533 5038 opinionem,
