3708 5732
320 393 382 456 110
530 397 596 445 Viii
632 396 681 444 Dis
701 393 959 448 THEOPHRASTI
978 393 1211 443 Pursioouuu
1231 392 1466 443 OPINIONIBUS

318 583 350 646 p.
365 561 447 626 29810
470 564 511 628 15
539 563 627 627 οὐθέν
653 565 707 648 γὰρ
739 563 806 626 οὔτε
830 561 979 645 γίγνεσθαί
1006 581 1093 644 φασιν
1118 559 1185 623 οὔτε
1212 559 1385 645 φθείρεσθαι
1412 565 1471 624 τῶν
1493 559 1583 625 ὄντων
1604 561 1683 625 ἀλλὰ

319 664 407 747 μόνον
434 665 528 728 δοκεῖν
554 667 624 750 ἡμῖν
652 666 712 728 οίον
740 667 766 728 ol
795 667 859 748 περὶ
884 662 1032 728 Μέλισσόν
1059 685 1091 725 τε
1115 663 1164 725 καὶ
1193 661 1375 746 Παρμενίδην
1398 661 1448 733 οδς
1470 663 1495 725 εἰ
1518 664 1566 727 καὶ
1588 661 1683 726 τᾶλλα

318 767 432 850 λέγουσι
455 769 553 837 καλῶς
575 767 636 832 ἀλλ’
668 768 702 831 οὐ
728 773 882 853 φυσικῶς
907 789 939 852 γε
965 768 1011 830 δεῖ
1034 765 1148 848 νομίσαι
1171 765 1273 848 λέγειν.
1301 765 1334 828 τδ
1358 766 1411 849 γὰρ
1434 763 1506 829 εἶναι
1528 765 1600 829 ἄττα
1622 769 1682 828 τῶν

319 867 409 932 ὄντων
425 869 550 954 ἀγένητα
565 872 613 935 καὶ
629 871 705 940 ὅλως
720 871 840 954 ἀκίνητα
856 868 966 953 μᾶλλον
982 870 1057 932 ἐστιν
1073 867 1172 952 ἑτέρας
1187 868 1235 930 καὶ
1257 868 1425 952 προτέρας
1447 869 1466 952 ἢ
1482 873 1536 952 τῆς
1557 873 1685 954 φυσικῆς

319 972 459 1057 σκέψεως.
493 972 568 1038 hino
583 973 747 1039 Eudemus
768 972 930 1058 ἀρχόμενος
945 977 1003 1035 τῶν
1018 975 1148 1056 φυσικῶν
1172 969 1329 1054 [simplic.
1345 969 1378 1034 in
1399 971 1494 1056 phys.
1517 992 1548 1054 p.
1565 972 1684 1035 11114

319 1073 440 1139 cf.10v
456 1075 511 1156 54]
539 1080 629 1139 ταῦτα
652 1077 704 1158 μὲν
727 1075 788 1153 οὖν,
810 1075 922 1159 iuquit,
945 1075 1045 1159 ἑτέρας
1066 1073 1101 1138 ἂν
1123 1071 1169 1158 είη
1191 1073 1363 1158 φιλοσοφίας
1385 1073 1561 1159 διακριβοῦν.
1577 1073 1682 1138 idem

319 1175 448 1240 Platoni
470 1175 567 1242 obicit
585 1178 657 1261 ipse
672 1176 917 1260 Theophrastus
940 1177 1037 1262 Phys.
1060 1175 1098 1240 ir.
1117 1177 1158 1240 10
1179 1180 1297 1240 τοιαῦτα
1321 1178 1372 1258 μὲν
1389 1177 1405 1238 ὁ
1421 1175 1607 1262 Θεόφραστος
1623 1177 1684 1239 ἐπι·

318 1285 388 1364 τιμᾷ
403 1286 446 1366 τῷ
462 1279 595 1344 Πλοίτωνι
611 1282 676 1366 περὶ
690 1283 780 1366 τῆσδε
794 1285 848 1365 τῆς
869 1280 1043 1366 ψυχογονίας
1065 1279 1135 1344 οὐδὲ
1156 1279 1203 1343 ἐπὶ
1225 1285 1284 1342 τῶν
1306 1282 1436 1366 φυσικῶν
1458 1278 1573 1348 ποίντως
1587 1278 1682 1362 λέγων

320 1386 379 1448 δεῖν
401 1386 479 1468 ἡμᾶς
501 1383 645 1467 ἐπιζητεῖν
666 1385 700 1447 τδ
723 1383 842 1447 διὰτί.
874 1382 951 1447 item
973 1380 1012 1445 fr.
1035 1379 1077 1446 de
1098 1380 1200 1463 ign.8
1227 1383 1302 1446 ἀλλὰ
1330 1384 1383 1466 γὰρ
1410 1385 1501 1444 ταῦτα
1531 1379 1624 1444 ἔοικεν
1651 1381 1684 1450 ἐς

321 1487 412 1570 μείζω
433 1487 497 1550 τινὰ
519 1485 620 1570 σκέψιν
643 1486 773 1572 ἐκφέρειν
788 1488 867 1570 ἡμᾶς
881 1488 940 1547 τῶν
956 1483 1153 1566 ὑποκειμένων
1176 1485 1196 1567 ἢ
1220 1489 1302 1568 ζητεῖ
1320 1485 1380 1555 τὰς
1401 1487 1538 1568 πρώτας
1558 1483 1685 1554 αἰτίας.

322 1587 470 1652 nimirum
493 1607 577 1670 quae
600 1588 724 1671 primae
747 1573 973 1672 philosophiae
995 1593 1070 1651 sunt
1095 1605 1116 1652 a
1141 1587 1336 1652 naturalium
1363 1607 1470 1653 rerum
1496 1587 1684 1668 cognitione
1771 1617 1776 1628 ·
1834 1598 1839 1613 '

319 1696 418 1755 arcet.
452 1689 690 1773 Xenophanem
713 1697 822 1757 autem
836 1689 1080 1772 Theophrastus
1102 1695 1169 1754 tam
1191 1709 1256 1754 non
1278 1691 1412 1774 respuit,
1435 1695 1471 1754 ut
1492 1709 1559 1754 non
1574 1689 1683 1754 solum

320 1797 436 1876 postea
457 1789 647 1856 nominatim
670 1793 839 1860 afferretur
860 1789 909 1879 [fr.
927 1788 979 1877 16]
1001 1791 1059 1856 sed
1080 1811 1186 1875 paone
1209 1791 1318 1857 omnia
1332 1811 1416 1873 quae
1431 1791 1552 1875 posteri
1568 1791 1609 1857 de
1625 1792 1684 1856 ilio

319 1893 451 1958 tradunt
473 1913 514 1959 ex
537 1891 749 1977 Opinionibus
771 1895 848 1961 solis
871 1894 973 1978 petita
994 1913 1067 1959 esse
1087 1893 1281 1960 Karstenius
1304 1894 1383 1959 scite
1405 1893 1603 1960 observaret.

406 1995 492 2078 Ergo
514 1997 597 2062 istuc
619 1995 740 2063 Kornio
764 1996 1004 2064 concedendum
1027 2003 1086 2081 est,
1109 2003 1244 2063 eatenus
1270 2015 1385 2080 posse
1412 2015 1453 2061 ea
1473 1995 1575 2062 verba
1597 2015 1684 2080 quae

321 2103 395 2181 post
416 2097 634 2182 Theophrasti
655 2100 851 2166 mentionem
873 2103 1025 2164 secuntur
1046 2097 1088 2163 ab
1111 2099 1226 2164 eodem
1249 2117 1321 2164 esse
1343 2097 1499 2182 profecta.
1533 2099 1592 2164 sed
1613 2105 1685 2163 tum

320 2200 378 2264 iiia
394 2201 569 2266 excusandi
585 2202 691 2286 gratia
704 2201 868 2286 praemitti
883 2199 1041 2283 tingamus
1063 2201 1106 2266 ab
1128 2221 1168 2268 eo
1191 2201 1245 2285 qui
1267 2199 1493 2285 metaphysica
1508 2199 1686 2284 Xenopha-

321 2303 371 2366 uis
386 2303 568 2369 accuratius
584 2311 780 2371 tractaturus
795 2311 855 2369 est.
877 2323 983 2386 neque
998 2303 1153 2369 dissimile
1168 2303 1238 2369 eius
1252 2303 1299 2370 rei
1315 2303 1498 2386 exemplum
1514 2302 1548 2366 in
1561 2301 1686 2367 Aristo-

321 2403 386 2469 tele
407 2403 570 2470 invenitur
591 2407 646 2490 qui
668 2407 710 2473 de
732 2407 919 2472 Eleatarum
942 2405 1107 2489 principiis
1128 2405 1349 2490 disputaturus
1372 2403 1467 2489 phys.
1482 2404 1531 2469 12
1554 2425 1585 2488 p.
1601 2403 1684 2468 185·

323 2507 361 2570 l'l
385 2505 464 2571 dieii
490 2507 524 2571 οίι
548 2511 605 2594 μὴν
628 2508 687 2574 ἀλλ’
715 2509 816 2592 ἐπειδὴ
839 2509 903 2592 περὶ
926 2507 1041 2592 φύσεως
1063 2509 1115 2590 μὲν
1137 2507 1182 2586 οὔ,
1205 2508 1327 2594 φυσικὰς
1346 2509 1379 2570 δὲ
1394 2509 1517 2592 ἀπορίας
1532 2507 1684 2592 συμβαίνει

322 2608 415 2692 λέγειν
438 2609 536 2680 αὐτοῖς
558 2609 628 2682 ἴσως
651 2609 714 2697 ἔχει
737 2613 835 2681 καλῶς
857 2611 904 2675 ἐπὶ
927 2611 1028 2694 μικρδν
1050 2610 1241 2696 διαλεχθῆναι
1264 2611 1328 2694 περὶ
1350 2609 1462 2672 αὐτῶν·
1484 2607 1548 2694 ἔχει
1563 2609 1616 2692 γὰρ
1639 2631 1686 2692 φι-

320 2712 459 2796 λοσοφίαν
481 2715 501 2796 ἡ
525 2713 625 2798 σκέψις
648 2711 699 2799 [cf.
721 2711 821 2779 Korn.
845 2711 942 2778 Beitr.
966 2733 997 2795 p.
1015 2707 1056 2798 3].
1092 2719 1217 2777 tantum
1240 2733 1281 2778 ex
1303 2711 1412 2795 specie
1433 2709 1615 2794 fragmenti.

407 2813 526 2879 Verum
554 2814 639 2879 enim
670 2837 749 2882 voro
777 2818 863 2882 ultra
890 2813 1162 2898 progrediendum
1196 2819 1246 2879 est
1273 2821 1309 2879 ut
1337 2813 1550 2879 diiudioemus
1579 2812 1686 2879 Theo-

321 2914 489 2998 phrastine
517 2915 559 2980 sit
585 2915 643 2980 iila
669 2919 825 2984 mantissa
854 2935 897 2982 an
920 2916 1242 2982 Pseudo-Aristotelis
1270 2935 1290 2981 a
1317 2915 1482 3000 Simplicio
1509 2917 1684 2981 inculcata.

323 3015 405 3081 haec
436 3016 582 3097 quaestio
611 3037 682 3082 oum
708 3018 922 3104 Xenophanis
951 3018 1098 3084 doctrina
1126 3017 1301 3083 iudicanda
1330 3018 1491 3085 artissime
1520 3017 1684 3083 cohaeret.

321 3119 557 3183 conclamatum
573 3125 622 3184 est
636 3119 820 3187 Aristotelis
835 3121 1054 3188 testimonium
1068 3119 1211 3204 metaph.
1227 3119 1287 3184 Ab
1303 3141 1334 3204 p.
1343 3119 1424 3185 986b
1441 3119 1481 3186 18
1501 3120 1685 3206 Παρμενίδης

323 3221 374 3304 μὲν
389 3221 444 3305 γὰρ
466 3219 544 3285 ἔοικε
564 3227 616 3286 τοῦ
638 3225 713 3287 κατὰ
733 3225 783 3287 τδν
805 3224 889 3306 λόγον
912 3225 975 3293 tvo<
990 3223 1144 3301 ἅπτεσθαι,
1168 3221 1314 3292 Μέλισσος
1329 3223 1361 3286 δὲ
1376 3227 1428 3286 rori
1443 3223 1517 3287 κατὰ
1531 3224 1584 3308 τὴν
1601 3223 1685 3306 ὕλην.

322 3325 367 3386 διδ
389 3324 437 3388 καί
461 3326 477 3387 ὁ
501 3324 553 3407 μὲν
575 3326 791 3410 πεπερασμένον
814 3329 829 3391 δ
852 3325 874 3390 δ’
901 3325 1019 3412 ἄπειρόν
1034 3347 1121 3412 φησιν
1137 3323 1208 3389 εἶναι
1224 3325 1307 3389 αὐτό.
1337 3325 1504 3411 Ξενοφάνης
1519 3327 1553 3388 δὲ
1566 3329 1684 3409 πρῶτος

321 3425 430 3489 τούτων
457 3425 553 3496 ἑνίσας
578 3425 608 3513 (δ
632 3428 687 3513 γὰρ
714 3427 897 3514 Παρμενίδης
922 3429 1025 3492 τούτου
1053 3427 1165 3510 λέγεται
1192 3425 1341 3512 μαθητής)
1368 3429 1457 3492 οὐδέν
1480 3430 1684 3514 διεσαφήνισεν

322 3527 391 3592 οὐδὲ
412 3533 465 3614 τῆς
485 3529 601 3615 φύσεως
621 3529 731 3594 τούτων
754 3531 906 3617 οὐδετέρας
928 3529 1006 3595 ἔοικε
1028 3531 1133 3614 θιγεῖν,
1159 3528 1218 3594 ἀλλ’
1247 3530 1288 3600 εἰς
1308 3531 1357 3594 τδν
1380 3531 1447 3595 δλον
1469 3531 1590 3616 οὐρανὸν
1612 3531 1684 3593 ἀπο-

322 3630 431 3716 βλέψας
451 3632 484 3694 τδ
506 3631 537 3694 ἓν
559 3629 634 3696 είναί
653 3655 725 3718 φησι
746 3635 796 3698 τὸν
818 3633 898 3698 θεόν.
931 3631 1113 3716 quicunqne
1135 3631 1220 3698 huno
1242 3633 1348 3698 locum
1371 3631 1477 3716 tetigit
1493 3629 1577 3697 alius
1592 3629 1685 3696 aliud

320 3731 429 3799 inesse
450 3733 624 3800 contendit.
669 3735 763 3802 nobis
785 3734 971 3802 Susamihiii
992 3734 1220 3817 interpretatio
1242 3733 1382 3800 maxime
1403 3732 1592 3819 probatur.¹
1623 3731 1684 3798 sed

321 3834 430 3918 gravis
445 3835 636 3919 relinquitur
646 3837 797 3922 suspicio,
813 3859 854 3905 ne
869 3836 1081 3922 posteriorem
1093 3836 1358 3919 interpolatorem
1374 3857 1473 3921 passa
1484 3837 1549 3902 sint
1560 3833 1684 3900 Aristo-

321 3937 395 4002 telis
417 3938 527 4004 verba.
561 3939 657 4010 ἑνίσας
680 3941 765 4006 enim
788 3937 820 4028 [i.
844 3959 872 4006 e.
895 3944 1009 4024 πρῶτος
1031 3939 1062 4002 ἓν
1085 3937 1156 4002 εἶναι
1178 3940 1212 4001 τδ
1235 3939 1266 4002 δν
1289 3938 1378 4004 εἰπών
1400 3937 1558 4006 Alexand.
1582 3959 1613 4022 p.
1631 3937 1685 4021 33,

323 4041 362 4103 11
375 4037 467 4127 Bon]
489 4062 555 4108 non
578 4044 681 4108 solum
704 4041 746 4108 ab
760 4041 935 4108 Aristotele
957 4041 1109 4118 alienum,
1132 4040 1191 4108 sed
1213 4041 1343 4108 omnino
1366 4041 1429 4110 hac
1447 4039 1685 4126 significatione

369 4345 370 4350 γ
393 4279 401 4310 ¹
420 4281 516 4334 Philoi.
539 4284 605 4333 Διιε.
629 4283 683 4332 VII
701 4280 752 4334 297
785 4281 999 4346 Xenophanes
1018 4282 1097 4333 habs
1115 4281 1184 4331 sich
1204 4280 1296 4330 nicht
1319 4279 1389 4332 irlar
1407 4285 1599 4344 geasussert
1619 4278 1685 4327 und

322 4370 402 4419 auch
423 4371 510 4420 wohl
528 4369 596 4419 sich
615 4370 704 4420 nicht
721 4369 794 4418 lriur
811 4368 951 4432 gedacht
969 4368 1068 4430 (deun
1091 4370 1164 4420 dass
1188 4369 1268 4419 auch
1287 4369 1356 4418 dies
1375 4367 1513 4418 ietzterc
1536 4369 1568 4416 in
1591 4359 1685 4415 οίιθέν

321 4453 539 4524 διεσαφήνισεν
562 4451 632 4506 otti
654 4457 709 4524 τῆς
728 4451 853 4523 φίισεως
875 4451 997 4505 τούτων
1019 4451 1188 4524 οὐδετέρας
1212 4452 1298 4506 locst
1324 4450 1423 4523 θιγεῖν
1448 4456 1538 4517 Περι,
1563 4453 1685 4502 erheiit

322 4546 463 4595 eusdem
483 4551 660 4608 gegensatz
679 4538 743 4592 ἀλλ’
765 4541 808 4598 τίς
826 4527 888 4592 τὸν
902 4539 1035 4610 οδρανίν
1053 4539 1129 4603 κτλ.)
1148 4542 1187 4592 οδ
1205 4543 1274 4592 dem
1292 4543 1496 4605 goettiichen
1513 4541 1685 4596 Ali-siaen

323 4633 528 4696 begrcuzung
557 4631 635 4680 oder
656 4630 930 4695 unbegrcnntheit
948 4631 1146 4694 beiauiegen
1170 4625 1231 4679 sei!
1270 4631 1350 4679 miror
1373 4630 1406 4680 sd
1431 4627 1602 4692 Xenophonte
1626 4625 1683 4675 liui-

322 4727 419 4770 tantem
438 4720 620 4769 obscuritatem
639 4717 759 4768 Philonis
782 4718 813 4768 de
837 4718 887 4767 deo
906 4719 1043 4781 opiniones
1062 4717 1178 4767 nondum
1197 4731 1253 4766 sese
1272 4725 1446 4781 comparatas,
1466 4717 1509 4778 qui
1528 4729 1586 4764 eum
1605 4713 1684 4763 modo

321 4809 454 4857 immotum
472 4805 551 4856 modo
571 4817 674 4854 oausam
687 4803 850 4865 effectricem,
869 4805 1029 4868 potissimum
1042 4803 1193 4866 simpliciter
1204 4817 1260 4852 ens
1274 4806 1426 4854 nominavit.
1451 4804 1483 4853 de
1502 4803 1562 4852 ioco
1581 4803 1685 4850 Aristo·

320 4895 378 4944 tolio
402 4891 551 4945 conferendi
574 4899 635 4941 suut
657 4891 844 4954 Uebsrwsgius
869 4891 965 4942 Phiioi.
986 4889 1078 4940 XXVI
1096 4887 1157 4941 710.
1191 4891 1304 4939 Zeiierus
1323 4889 1352 4940 1⁴
1367 4889 1435 4942 478¹
1464 4889 1685 4939 Teichmueiicrus

322 4980 394 5031 διεδ.
414 4997 436 5030 ι.
456 4979 548 5033 Gessh.
568 4979 593 5028 d.
612 4979 689 5041 Begr.
710 4977 778 5030 1874
795 4993 821 5042 p.
836 4975 895 5030 607.
921 4977 1034 5027 Kenaios
1052 4977 1132 5028 Beitr.
1152 4991 1177 5042 p.
1192 4979 1217 5028 δ
