3648 5736
438 403 605 454 ειειιιιιιιιι
625 403 729 454 Imus,
749 403 892 454 οιιιινιο.
912 403 1052 456 νιιιιοε.
1066 402 1150 457 ο-ιι
1410 401 1481 484 ,653

168 571 263 656 δόγμα
284 571 337 636 οὑκ
368 570 424 635 οἶδ’
452 573 532 642 ὅπως
561 574 792 659 μεταβάλλομαι·
824 575 840 636 ὑ
869 571 1093 657 Παρμενίδης
1121 572 1171 635 τὸν
1196 568 1429 656 Ἀναξαγόραν

167 680 220 761 τῆς
241 675 316 760 ἐμῆς
336 674 479 760 (γνώμης)
500 673 648 760 ἐξήλασεν.

257 782 276 845 7
309 775 442 842 Ἐπειδὰν
463 777 497 840 δὲ
518 779 677 863 ἡγήσωμαι
699 778 793 862 δόγμα
823 777 903 865 ἔχειν
930 778 1080 861 ἀκίνητον,
1106 775 1332 863 Ἀναξιμένης
1361 776 1429 840 ὑπο-

168 881 267 968 λαβιδν
288 879 503 964 ἀντικέκραγεν·
534 879 598 944 ἀλλ’
625 880 684 964 ἐγώ
713 881 760 944 σοί
790 901 884 965 φημι·
917 881 950 944 τὺ
981 883 1039 943 πᾶν
1071 879 1146 944 ἐστιν
1176 881 1245 965 ἀήρ,
1272 882 1320 945 καὶ
1347 879 1431 953 οὖτος

166 982 361 1067 πυκνοὺμενος
385 983 435 1046 καὶ
461 983 663 1065 συνιστάμενος
691 982 769 1068 ὑδωρ
795 983 844 1047 καὶ
876 987 913 1068 γῆ
948 983 1071 1066 γίνεται,
1096 983 1285 1068 άραιοὺμενος
1318 984 1351 1048 δέ
1382 985 1461 1046 καὶι

167 1084 355 1171 διαχεόμενος
369 1083 461 1169 αἰθὴρ
475 1085 523 1148 καὶ
538 1087 607 1169 πὺρ,
629 1084 670 1155 είς
692 1085 725 1148 δὲ
746 1086 799 1170 τὴν
821 1087 912 1150 αὑτοῦ
934 1085 1020 1171 φὺσιν
1043 1087 1169 1150 ἐπανιὼν
1192 1088 1250 1172 άήρ
1273 1087 1430 1172 [βάραιός

169 1188 196 1251 εί
210 1188 244 1252 δέ
258 1189 306 1252 καλ
320 1187 476 1270 πυκνωθῇ,
497 1185 595 1272 φησίν,
610 1184 839 1270 έξαλλάσσετοιι].
872 1189 920 1254 καί
936 1190 1021 1253 πολιν
1036 1187 1074 1252 αὑ
1089 1189 1184 1278 τοὺτιρ
1208 1190 1438 1276 μεθαρμόξομαι

167 1289 216 1355 καὶ
238 1290 288 1354 τόν
307 1287 531 1374 Ἀναξιμένην
553 1291 641 1375 φιλῶ.

258 1395 279 1458 θ
309 1390 341 1457 Ὀ
364 1393 397 1456 δὲ
414 1389 653 1478 Ἐμπεδοκλῆς
678 1391 810 1479 ἄντικρυς
840 1395 960 1479 ἕστηκεν
987 1395 1206 1481 ἐμβριμώμενος
1228 1397 1277 1459 καὶ
1298 1396 1357 1460 άπδ
1379 1400 1432 1481 τῆς

172 1491 281 1577 Αἴτνης
304 1493 379 1578 μέγα
400 1495 495 1580 βοῶν·
517 1495 608 1581 ἀρχαὶ
629 1499 688 1560 τῶν
710 1499 826 1562 πάντων
849 1496 946 1584 ἔχθρα
968 1497 1016 1562 καὶ
1039 1497 1130 1582 φιλία,
1151 1499 1172 1582 ἡ
1196 1498 1248 1580 μέν
1270 1501 1432 1583 συνάγουσα
1450 1520 1475 1560 ιο

175 1698 225 1762 καὶ
248 1697 338 1782 όμοια
358 1700 407 1764 καλ
430 1701 569 1784 ἀνόμοια,
591 1701 640 1766 καί
663 1701 769 1788 ἄπειρα
791 1705 839 1768 καὶ
862 1703 953 1789 πέρας
974 1701 1096 1790 ἔχοντα,
1124 1703 1173 1768 καὶ
1196 1703 1275 1767 ἀίδια
1296 1704 1344 1768 καὶ
1360 1705 1432 1788 γινό·

173 1823 254 1882 μενα.
300 1799 345 1866 Ei
368 1825 401 1886 γε
427 1802 452 1866 ὦ
475 1801 742 1886 Ἐμπεδόκλεις,
775 1807 884 1891 έπομαί
915 1827 960 1871 σοι
992 1806 1041 1870 καὶ
1072 1805 1159 1891 μέχρι
1192 1811 1251 1872 τῶν
1280 1810 1432 1894 κρατήρων

166 1907 219 1968 τοὺ
241 1903 340 1988 πυρός.

256 2009 277 2071 9
311 2005 389 2072 Ἀλλ’
417 2007 465 2072 ἐπὶ
492 2007 602 2094 θάτερα
632 2009 873 2098 Πρωταγόρας
900 2012 1032 2096 έστηκὼς
1062 2011 1197 2076 ἀνθέλκει
1227 2035 1264 2095 με
1292 2014 1431 2098 φάσκων·
1450 2036 1473 2076 ιι

171 2107 237 2192 όρος
254 2109 303 2173 καί
325 2110 416 2194 κρίσις
438 2115 497 2174 τῶν
520 2113 697 2196 πραγμάτων
720 2117 736 2179 ὑ
759 2115 983 2200 ἄνθρωποςκαὶ
1005 2115 1042 2179 τὰ
1065 2116 1117 2199 μέν
1144 2114 1341 2181 ὑποπίπτοντα
1369 2123 1432 2188 ταῖς

171 2210 342 2297 αἰσθήσεσιν
365 2210 442 2277 ἔστιν
463 2215 629 2299 πράγματα,
651 2216 688 2281 τὰ
710 2217 743 2280 δέ
764 2219 805 2303 μὴ
829 2217 1026 2282 ὑποπίπτοντα
1048 2216 1102 2282 οὑκ
1124 2215 1200 2282 ἔστιν
1223 2217 1253 2282 ἐν
1268 2223 1327 2289 τοῖς
1341 2219 1430 2285 εἴδεσι

170 2319 222 2399 τῆς
244 2315 356 2387 οόσίας.
399 2316 494 2402 τοὺτιρ
516 2322 559 2403 τιβ
583 2316 663 2403 λόγῳ
685 2321 913 2404 κολακευόμενος
936 2318 993 2383 ὑπὸ
1016 2317 1250 2405 Πρωταγόρου
1276 2321 1428 2406 τέρπομαι,

172 2405 221 2482 ότιΙ
236 2418 270 2482 τὺ
292 2422 350 2484 πᾶν
372 2420 393 2504 ἢ
415 2419 449 2483 τδ
470 2422 604 2486 πλεῖστον
624 2427 667 2509 τῷ
690 2423 841 2508 ἀνθρώπῳ
863 2422 953 2506 νέμει.

255 2524 298 2588 10
330 2519 511 2608 Ἀλλαχόθεν
533 2522 566 2586 δέ
588 2547 637 2606 μοι
660 2524 783 2610 Θαλῆς
804 2524 857 2609 τἠν
879 2524 1021 2608 ἀλήθειαν
1049 2523 1124 2588 νεόει
1155 2525 1321 2610 ὁριζόμενος
1350 2527 1427 2614 ὑδωρ
1446 2549 1470 2586 ιο

168 2627 219 2687 τοὺ
241 2625 351 2695 παντὸς
372 2623 479 2710 ἀρχήν.
521 2626 570 2689 καί
593 2625 626 2690 έκ
647 2631 700 2693 τοῦ
723 2629 811 2713 ὑγροὺ
833 2627 869 2692 τὰ
891 2629 984 2691 πάντα
1007 2627 1170 2692 συνίσταται
1198 2629 1246 2693 καὶ
1274 2628 1315 2698 είς
1345 2631 1429 2714 ὑγρδν

169 2727 332 2806 ἀναλύεται,
354 2727 403 2791 καί
425 2728 446 2812 ἡ
468 2730 505 2812 γῆ
529 2726 577 2792 έπί
599 2729 703 2801 ὕδατος
725 2730 847 2816 όχεῖται.
893 2730 990 2794 διὰτί
1011 2729 1104 2793 τοίνυν
1128 2730 1169 2815 μὴ
1192 2731 1307 2795 πεισθῶ
1329 2731 1430 2816 θαλῇ

170 2829 214 2916 τῷ
242 2829 431 2916 πρεσβυτάτῳ
461 2833 520 2894 τῶν
546 2829 664 2917 Ἰώνων;
695 2831 762 2896 ἀλλ’
790 2835 807 2897 ὑ
834 2834 953 2917 πολίτης
974 2831 1064 2897 αὑτοῦ
1084 2830 1357 2920 Ἀναξίμανδρος
1378 2839 1430 2898 τοὺ

171 2930 258 3016 ὑγροῦ
286 2931 481 3018 πρεσβυτέραν
503 2934 599 3020 ἀρχὴν
621 2934 693 3001 εἶναι
715 2933 791 3020 λέγει
813 2937 866 3022 τὴν
888 2935 979 3000 ἀίδιον
1001 2935 1111 3020 κίνησιν
1133 2935 1181 2999 καί
1203 2935 1295 3020 ταότη
1318 2937 1354 3002 τὰ
1377 2938 1429 3021 μέν

167 3035 332 3117 γεννᾶσθαι,
354 3034 391 3098 τὰ
410 3035 444 3100 δέ
461 3035 644 3122 φθείρεσθαι.
681 3038 730 3104 καλ
753 3039 790 3123 δὴ
811 3038 905 3104 τοίνυν
927 3041 1028 3110 πιστὸς
1046 3037 1162 3108 Ἀναξί
1167 3041 1255 3122 μανδ
1262 3063 1319 3124 ρος
1341 3039 1428 3104 ἔστω.
1448 3060 1472 3099 ιο

256 3140 295 3204 11
332 3134 392 3202 Καὶ
415 3138 473 3223 μὴν
495 3139 549 3204 οὑκ
570 3139 721 3224 εὐδοκιμεῖ
737 3139 928 3226 Ἀρχέλαος
949 3141 1181 3228 ἀποφαινόμενος
1202 3146 1261 3206 τῶν
1284 3143 1360 3206 όλων
1381 3143 1429 3228 ἀρ-

168 3240 225 3325 χὰς
247 3239 356 3326 θερμὸν
377 3241 426 3304 καὶ
451 3243 577 3327 ψυχρδν;
605 3243 681 3308 ἀλλὰ
707 3243 756 3307 καί
782 3244 876 3329 τοὺτιρ
899 3246 984 3309 πολιν
1009 3246 1024 3309 ὑ
1048 3242 1254 3327 μεγαλόφωνος
1283 3243 1430 3309 Πλάτων

168 3341 227 3428 οὑχ
249 3343 387 3428 ὁμολογεῖ
405 3343 498 3428 λέγων
526 3345 621 3431 ἀρχὰς
647 3345 719 3410 εἶναι
742 3345 812 3409 θεὸν
834 3347 883 3409 καὶ
907 3347 978 3431 ὑλην
1000 3346 1049 3410 καὶ
1071 3346 1261 3429 παράδειγμα.
1305 3349 1354 3410 νὺν
1378 3348 1431 3431 μὲν

172 3445 220 3510 καί
236 3447 273 3530 δὴ
288 3445 456 3530 πέπεισμαι.
493 3451 557 3517 πῶς
571 3446 625 3532 γὰρ
641 3447 675 3512 οὐ
698 3447 797 3531 μέλλω
818 3447 962 3513 πιστεὺειν
984 3448 1138 3534 φιλοσόφῳ
1161 3449 1205 3534 τιβ
1219 3449 1252 3511 τὸ
1268 3447 1335 3517 Διὸς
1350 3449 1430 3533 ἅρμα

169 3547 353 3634 πεποιηκότα
378 3549 500 3614 κατόπιν
527 3550 561 3614 δέ
583 3549 673 3614 αὑτοῦ
697 3551 832 3636 μαθητὴς
856 3549 1099 3636 Ἀριστοτέλης
1126 3550 1231 3634 έστηκε
1257 3552 1427 3634 ζηλοτυπῶν
1445 3573 1470 3611 εο

169 3651 218 3716 τδν
234 3653 406 3718 διδάσκαλον
421 3655 475 3738 τῆς
489 3653 708 3738 ἁρματοποιίας.
746 3651 830 3724 οὑτος
844 3655 940 3740 ἀρχὰς
961 3653 1050 3724 ἄλλας
1073 3651 1198 3738 ὑρίξεται
1219 3653 1252 3714 τὸ
1274 3657 1366 3717 ποιεῖν
1382 3655 1429 3718 καί

120 3799 318 3808 ——w

120 3871 688 3946 1γνιὺμητοκρ.655,4οδδίᾱίιΜοιιεο1.
714 3880 773 3931 Pia·
826 3881 937 3932 vendam
954 3886 993 3929 ειε
1016 3873 1031 3946 ΙΙ
1054 3875 1086 3928 21
1112 3873 1179 3946 ἀρχή
1199 3877 1302 3927 ΜοοεεΙ
1320 3877 1480 3943 distinguens

118 3967 206 4016 ιοιιὶοε
224 3967 320 4032 ellipsis
338 3975 367 4018 ut
388 3963 454 4018 κατά
476 3981 504 4034 γε
525 3962 573 4034 πλην
591 3962 654 4034 έμήν
672 3975 698 4018 οι
715 3964 732 4036 ἡ
750 3963 771 4035 γ’
827 3977 886 4019 ante
905 3963 973 4034 ὑδωρ
993 3961 1008 4033 ΙΙ
1027 3961 1062 4016 99
1080 3959 1176 4015 πεισθῶ
1188 3966 1225 4016 Vr
1245 3960 1326 4016 πείθω
1344 3973 1404 4015 anto
1422 3964 1479 4016 Sei·

118 4050 167 4121 έμη
185 4051 244 4122 νικᾷ
262 4055 295 4104 οδ
314 4053 409 4106 Orione
428 4055 496 4105 maie
515 4059 653 4104 excusatur
825 4058 907 4108 iorum
927 4051 940 4122 ΙΙ
961 4051 994 4104 23
1012 4049 1171 4120 πρεσβυτέρῳ
1188 4061 1248 4104 anto
1261 4053 1418 4104 Menmiium
1437 4055 1481 4116 qui

153 4137 170 4192 3
187 4138 313 4209 ἡγήσομαι
330 4149 391 4192 εσσε
410 4142 534 4194 Woliium
554 4135 568 4207 ΙΙ
588 4137 604 4192 5
623 4138 667 4191 καὶ
684 4142 717 4208 γῆ
735 4143 772 4191 V:
826 4144 937 4194 conferri
955 4141 1026 4192 iubet
1038 4136 1148 4204 [lustin]
1161 4141 1178 4190 l.
1191 4141 1208 4190 Ι.
1221 4155 1242 4190 ο.
1256 4137 1272 4192 ὑ
1284 4157 1310 4204 ρ.
1323 4140 1364 4192 διε
1381 4135 1480 4208 ὁπρεσ-

119 4227 162 4279 καὶ
176 4225 224 4296 ἀηρ
238 4232 318 4280 ceteri
330 4230 388 4280 libri
408 4223 421 4298 ΙΙ
445 4224 774 4297 δάραιός-έξαλλάσσιται
827 4227 931 4298 βὺτατος
953 4231 1006 4278 τῶν
1024 4223 1085 4277 κατ’
1110 4223 1200 4284 αὑτοὺς
1222 4224 1339 4278 ἁπάντων
1362 4222 1447 4296 Θαλῆς
1465 4225 1480 4295 Η

119 4317 202 4368 delevi
211 4317 374 4383 periphrasin
382 4318 420 4366 εἰσ
428 4317 481 4368 iere
492 4314 773 4384 τεετίτιιοοδειαάραιω·
825 4319 871 4370 τοὺ
889 4313 966 4384 ὑγροῦ
985 4316 1017 4366 cf.
1036 4316 1107 4366 Prol.
1126 4331 1152 4380 p.
1165 4311 1235 4367 963Ι

118 4398 169 4462 θεὶς
187 4400 214 4454 δέ
232 4402 276 4455 καὶ
294 4399 445 4467 πυκνωθιίς,
463 4402 547 4473 φησίν,
565 4399 739 4462 έξάλλάσσεται
759 4400 773 4471 ΙΙ
862 4402 895 4459 26
914 4401 1052 4470 είιδοκιμτῖν
1064 4403 1152 4453 οοὺό.ι
1172 4416 1237 4452 corr.
1251 4401 1334 4454 Seiler
1347 4399 1361 4470 ΙΙ
1376 4402 1409 4456 27
1423 4399 1480 4454 τοὺ-

119 4489 188 4560 Ἱφῆ
201 4494 219 4542 i.
234 4507 256 4542 ε.
269 4488 344 4560 φησίν
358 4493 445 4543 codri:
464 4487 536 4560 φὺσιν
549 4493 623 4544 Woli
640 4488 654 4558 Η
674 4489 774 4559 8αὺτφ·
825 4508 871 4544 που
892 4493 981 4544 rodda
1005 4506 1071 4540 corr.
1094 4489 1178 4542 Seiier
1206 4485 1220 4555 ΙΙ
1249 4487 1426 4559 μεγαλόφωνος
1448 4506 1481 4542 ex

118 4575 199 4646 τοίιτφ
219 4581 258 4631 V=
284 4577 354 4649 αὑτῷ
375 4581 450 4630 τοῦτο
471 4581 562 4644 vuigor
586 4595 652 4630 corr.
671 4581 775 4630 Μοοκελ
827 4579 952 4644 [Iustino]
965 4579 1022 4628 οοὺ.
1037 4578 1151 4643 uigent.
1164 4594 1186 4628 ο.
1199 4575 1232 4628 31
1246 4594 1272 4642 ρ.
1282 4575 1317 4630 30
1325 4594 1349 4629 ο.
1367 4579 1481 4630 indidem

153 4667 168 4718 9
187 4663 382 4735 δμβριμοὺμινος
395 4675 455 4719 ante
469 4661 625 4718 Menwiium
645 4661 658 4733 H
681 4663 712 4718 11
731 4664 775 4716 καὶ
827 4675 912 4717 σείετο
925 4682 1006 4729 usquo
1019 4667 1053 4716 ad
1065 4661 1212 4732 πεποιηκότι
1229 4666 1260 4716 ef.
1277 4665 1348 4716 Prol.
1361 4682 1386 4730 p.
1399 4662 1451 4718 262
1466 4662 1479 4732 ΙΙ

118 4749 147 4803 τὸ
168 4755 249 4810 νεῖκος
271 4751 326 4804 κτλ
355 4757 386 4806 ef.
410 4756 523 4805 Κειοιειι
547 4753 656 4819 Ειιιροδ.
680 4769 705 4818 ρ.
722 4749 774 4804 379
827 4751 861 4806 29
877 4751 915 4820 τῷ
932 4753 978 4802 τοὺ
996 4755 1087 4816 vulgoz
1107 4755 1208 4804 correxi
1222 4746 1237 4820 ΙΙ
1250 4750 1281 4804 31
1301 4749 1330 4802 τὸ
1348 4755 1425 4803 ποιεῖν
1437 4750 1481 4802 καὶ

118 4840 248 4891 intercidit
263 4841 372 4891 iortme
391 4839 523 4910 στοιχείων
537 4843 635 4892 mentio
654 4847 713 4890 εοιο
731 4838 774 4890 καὶ
826 4837 855 4892 τὸ
878 4838 981 4908 πάσχειν
1009 4843 1194 4905 categoriarum
1222 4843 1400 4904 intempestivo
1427 4855 1480 4890 ιου-

153 4925 187 4980 19
205 4924 273 4993 νέμει
291 4927 407 4980 VMOL:
426 4929 567 4980 deteriores
586 4925 653 4996 μίνιι
827 4930 910 4990 minii,
933 4928 980 4978 red
999 4943 1031 4978 ex
1050 4930 1174 4994 proximis
1193 4943 1251 4978 οιιιιι
1269 4928 1399 4978 Menzelio
1418 4929 1480 4978 scri·

153 5013 187 5068 20
199 5010 287 5084 μηνὺτι
301 5015 374 5067 Gale.
388 5018 518 5080 poeticum
532 5016 637 5067 verbum
651 5031 704 5068 που
717 5033 771 5068 mo·
828 5016 941 5066 bendum
960 5017 1061 5067 videtur
1078 5013 1107 5066 τό
1125 5017 1211 5066 ποιοῦν
1229 5013 1273 5066 καὶ
1290 5011 1319 5066 τό
1337 5013 1434 5082 πάσχον
