3708 5732
685 423 963 478 raouuuomuus
1153 455 1157 463 -
1439 427 1498 492 147

230 590 337 657 Sotio
363 589 617 676 Alexandrinus,
644 590 782 658 fortasse
806 593 1041 677 Peripateticus
1064 591 1204 680 [flecken
1226 596 1342 662 Philol.
1365 599 1394 665 V
1415 599 1500 688 432],

141 691 224 758 vixit
248 691 333 760 inter
355 693 572 780 Chrysippum
599 712 694 778 quem
720 693 812 761 novit
837 701 871 761 et
892 695 1097 764 Heraclidem
1123 698 1281 764 Lembum
1312 701 1500 770 Ptolemaeo

142 793 354 862 Philometori
368 799 550 882 aequalem,
566 797 620 881 qui
635 797 752 864 librum
767 797 837 864 eius
851 797 885 862 in
901 799 1064 883 epitomen
1079 799 1212 884 redegit.
1238 801 1360 886 primus
1374 808 1502 894 scripsit

142 900 284 986 διαδοχὴν
299 904 358 964 τῶν
374 901 542 995 φιλοσόφων
564 901 672 984 [Diog.
688 901 721 966 Π
736 897 790 988 12]
812 901 902 967 etad
917 901 1002 968 hanc
1017 902 1211 968 succedendi
1226 905 1384 974 rationem
1399 911 1502 976 maior

143 1019 221 1085 pars
242 999 495 1085 fragmentorum
517 1004 666 1088 pertinet.
699 1021 764 1068 non
787 1010 837 1070 est
858 1003 953 1070 huius
975 1005 1038 1070 loci
1057 1005 1100 1072 de
1115 1005 1255 1072 Sotionis
1270 1007 1353 1075 libro
1368 1011 1502 1096 diligen-

142 1105 207 1170 tius
229 1123 345 1190 agere,
375 1105 528 1189 quoniam
549 1104 612 1172 nisi
634 1105 775 1172 omnium
798 1106 1048 1191 biographurum
1070 1107 1336 1194 philosophorum
1358 1113 1502 1198 reliquiis

142 1207 288 1274 collectis
309 1209 351 1275 de
374 1208 520 1276 Sotionis
538 1209 681 1275 fontibus
703 1215 737 1276 et
756 1209 790 1275 in
811 1216 960 1295 posteros
976 1210 1169 1277 anctoritate
1184 1219 1272 1278 recte
1285 1213 1420 1282 iudicari
1436 1239 1501 1284 non

144 1311 272 1394 poterit.
306 1331 392 1377 nune
414 1332 454 1378 en
474 1313 538 1378 ista
559 1311 750 1396 quaestione
772 1317 897 1377 tentum
918 1311 1101 1397 afferemus,
1123 1319 1278 1396 quantum
1298 1318 1502 1385 coniunctum

143 1419 194 1479 est
215 1433 288 1480 cunr
303 1414 491 1500 Hippolyto.
526 1415 614 1500 prins
635 1435 715 1482 vero
730 1414 877 1481 Sotionei
897 1413 971 1479 libri
987 1421 1192 1499 conspectum
1208 1418 1425 1506 praemittam,
1447 1421 1501 1486 ubi

142 1515 296 1584 librorum
325 1517 404 1584 ordo
430 1518 607 1584 secundum
633 1517 873 1584 Pannerbieteri
899 1514 1061 1604 [Seebode
1077 1518 1187 1601 jahrb.
1209 1519 1238 1585 V
1259 1541 1291 1604 p.
1307 1523 1371 1588 218
1381 1521 1440 1610 sq]
1469 1530 1502 1590 et

143 1618 285 1704 Roeperi
306 1617 433 1708 [Philol.
449 1622 499 1688 III
520 1643 551 1707 p.
568 1623 610 1688 22
622 1617 681 1708 sq]
704 1639 807 1706 curas,
829 1618 938 1703 quoad
953 1617 1023 1684 eius
1037 1617 1105 1685 fieri
1120 1627 1238 1707 potest,
1260 1625 1427 1690 restitutus
1442 1631 1501 1692 est.

361 1749 362 1752 ¹
650 1724 803 1810 Διαδοχῶν
826 1723 921 1810 βιβλία
944 1723 981 1807 ν’γ.

236 1825 253 1890 I
295 1826 426 1894 Thales.
448 1847 495 1889 vu
517 1825 691 1910 sapientes.
713 1825 839 1910 physici
954 1825 1015 1892 VH
1060 1825 1193 1910 (iyniei

222 1929 254 1993 II
298 1928 457 1996 Socrates.
489 1927 722 2013 Aristippus.
937 1927 1016 1993 VIII
1060 1927 1185 1993 StoIci
1307 1993 1311 2002 ,

206 2030 257 2096 ΠΙ
299 2030 464 2098 Socratici.
966 2029 1014 2094 IX
1058 2029 1263 2114 Pythagoras

206 2131 253 2198 IV
293 2133 407 2202 Plato
981 2133 1014 2198 X
1056 2131 1202 2200 Eleatici.
1232 2135 1437 2202 Democritus

220 2233 249 2299 V
291 2234 477 2305 Academici
963 2234 1012 2299 XI
1056 2233 1263 2318 Pyrrhonii

205 2336 252 2401 VI
294 2336 488 2407 Aristoteles
510 2345 543 2405 et
563 2337 723 2422 discipuli.
945 2337 1011 2402 XII
1054 2335 1212 2420 Epicurus

660 2440 742 2506 XIII
786 2438 984 2504 Barbari.¹

226 2541 420 2626 ARoepero
442 2542 526 2610 bene
548 2542 754 2609 observatum
777 2545 827 2607 est
848 2561 889 2608 ex
910 2539 974 2607 hoc
989 2539 1102 2605 ordine
1117 2541 1314 2624 posteriores
1328 2543 1502 2630 scriptores

15 2655 16 2662 ’
119 2631 176 2710 'iu
199 2644 384 2711 universum
406 2645 486 2712 satis
506 2651 657 2712 accurate
679 2651 774 2730 aptos
793 2663 875 2728 esse,
898 2648 934 2708 ut
949 2641 1104 2726 Diogenis
1126 2661 1255 2728 quoque
1276 2647 1502 2730 compendium
1606 2711 1609 2734 ,

137 2764 207 2813 non
229 2745 325 2813 nimis
345 2747 389 2814 ab
410 2747 468 2813 rila
489 2746 602 2813 tabula
615 2746 757 2814 recedat.
787 2765 827 2813 eo
842 2745 946 2829 magis
961 2743 1129 2830 HIppolyti
1144 2746 1227 2813 ratio
1243 2746 1416 2833 fflserepat.
1444 2749 1503 2818 sed

136 2857 251 2916 umen
273 2869 339 2916 non
360 2849 441 2916 nihil
461 2847 688 2916 slmilitudinis.
721 2867 861 2932 namque
875 2846 962 2931 qnod
978 2847 1117 2915 maxime
1132 2848 1269 2933 pupugit
1282 2847 1501 2937 Nietscbeum,

136 2952 299 3018 barbaros
321 2952 491 3018 memorari
514 2957 587 3036 post
608 2949 787 3034 legitimum
801 2948 866 3015 XII
887 2948 1041 3015 librorum
1063 2969 1241 3038 numerum,
1263 2951 1350 3018 idem
1372 2951 1405 3017 in
1426 2953 1503 3038 Hip

137 3056 256 3140 polyto
278 3055 399 3121 laetum
421 3059 471 3119 est
493 3053 548 3136 qni
569 3051 789 3118 Brachmanae
811 3051 1017 3135 Druidaeque
1037 3052 1163 3136 graecis
1189 3053 1380 3138 appendicis
1401 3055 1504 3121 instar

138 3156 310 3223 adnexuit.
353 3176 459 3240 neque
489 3155 575 3222 enim
605 3153 696 3222 Sotio
724 3153 964 3222 Alexandrinus
992 3153 1089 3220 homo
1119 3155 1162 3220 ab
1190 3155 1319 3220 illorum
1340 3158 1504 3223 sententia

136 3257 322 3344 abhorruit,
344 3259 398 3346 qui
422 3257 660 3344 philosophiam
675 3278 696 3323 a
710 3257 859 3324 barbaris
873 3255 1035 3323 excultum
1049 3255 1126 3321 inde
1140 3256 1174 3321 in
1189 3256 1360 3324 Graeciam
1374 3259 1504 3326 venisse

137 3359 349 3444 nugabantur
381 3357 433 3450 [ci.
459 3360 613 3428 NIetsche
646 3361 728 3426 Mus.
755 3358 858 3426 Rhen.
881 3357 991 3426 XXIV
1013 3355 1097 3444 205].
1149 3375 1188 3422 ac
1216 3359 1318 3441 possit
1345 3361 1503 3444 quispiam

137 3483 208 3530 non
223 3465 328 3529 solnm
342 3463 519 3532 Democriti
534 3484 605 3530 cum
621 3461 897 3549 gymnosophistis
911 3459 961 3548 [ei.
976 3459 1133 3543 Diogenis
1150 3457 1315 3548 prooem.],
1331 3461 1390 3528 sed
1406 3463 1504 3529 etiam

137 3565 354 3652 Pythagorae
378 3587 450 3632 cum
472 3566 592 3632 Zarata
615 3563 840 3632 commercium
862 3562 950 3646 quod
972 3570 1022 3630 est
1045 3561 1133 3647 apud
1148 3561 1361 3648 Hippolytum
1384 3585 1424 3632 ex
1447 3567 1504 3631 tali

137 3667 301 3734 memoria
321 3674 479 3752 repetere.
513 3668 583 3734 veri
605 3665 740 3734 similius
755 3665 895 3732 sortasse
911 3664 1114 3730 Parmenidis
1129 3663 1386 3750 collocationem,
1409 3687 1505 3750 quam

138 3789 245 3855 supra
270 3769 467 3836 mirabamur
492 3768 535 3834 ab
562 3767 731 3853 Hippolyti
759 3765 906 3831 Vitarum
935 3766 1149 3850 epitomatore
1175 3767 1390 3851 propositam,
1418 3769 1507 3836 illinc

137 3871 388 3957 explicabimus.
420 3872 486 3938 iam
508 3889 587 3938 vero
608 3877 696 3938 recte
711 3866 868 3950 Diogenis
889 3868 961 3934 loco
976 3868 1024 3932 IX
1040 3869 1079 3934 21
1104 3867 1151 3933 uti
1173 3867 1249 3934 licet
1271 3869 1452 3956 Ξενοφάνους
1474 3876 1507 3938 δὲ

84 3971 93 3990 ’
138 3977 283 4061 διήκουσε
296 3973 479 4062 Παρμενίδης
493 3973 627 4060 Πύρητος
638 3971 775 4055 Ἐλεάτης
797 3967 911 4056 (τοῦτον
927 3967 1187 4058 [Xenophanem]
1212 3969 1397 4058 Θεόφραστος
1419 3975 1449 4040 ἐν
1469 3982 1507 4059 τῇ

138 4079 271 4162 ἐπιτομῇ
290 4075 513 4164 Ἀναξιμάνδρου
535 4077 623 4162 φησὶν
646 4069 801 4158 dorabecq*
822 4074 903 4156 ὅμως
925 4070 951 4135 δ’
980 4069 1030 4135 οὖν
1046 4071 1174 4142 ἀκούσας
1190 4073 1239 4136 καὶ
1257 4071 1440 4160 Ξενοφάνους
1454 4077 1508 4141 οὐκ

220 4231 228 4262 ¹
247 4235 354 4284 nomine
371 4235 491 4298 pingiuus
509 4249 632 4300 expressa
650 4234 788 4284 coniuncta
806 4247 862 4281 cum
881 4231 941 4281 libri
959 4245 1066 4281 numere
1085 4233 1259 4282 inveniuntur.
1286 4241 1371 4284 cetere
1389 4249 1403 4284 e
1421 4237 1508 4286 conie-

143 4330 223 4372 ctura
240 4319 383 4371 distributa
420 4321 501 4371 blein
519 4321 647 4385 Diogenis
665 4321 800 4386 prccemto
819 4320 940 4383 scriptum
959 4327 997 4368 est
1015 4314 1041 4367 la
1059 4321 1096 4385 τῷ
1114 4315 1158 4389 ἦ.
1181 4327 1249 4370 rccte
1267 4317 1294 4386 I?
1311 4327 1452 4371 correctum
1470 4337 1509 4372 ec·

142 4407 261 4460 cundum
278 4408 411 4458 Ambrosii
429 4409 575 4458 versionem
593 4409 739 4473 altoepero
758 4411 784 4455 et
795 4405 1004 4456 Panaerbietero.
1032 4403 1164 4455 Nietechei
1183 4405 1360 4456 incredibilem
1382 4409 1510 4471 quandam

56 4563 62 4570 ⁶
142 4497 322 4545 coniecturam
340 4501 409 4544 recte
429 4495 565 4559 castigavit
582 4495 716 4561 Itoeperus
733 4493 829 4544 Philol.
843 4491 923 4542 XXX
935 4488 995 4543 557.
1026 4493 1145 4556 exempla
1162 4493 1236 4543 istius
1255 4497 1426 4558 corruptionis
1444 4493 1510 4557 [iota

141 4583 214 4632 ielsc
239 4597 296 4632 enm
319 4583 439 4646 proximo
464 4581 591 4632 vocabulo
614 4580 707 4644 innctss
728 4587 788 4630 snut
810 4581 945 4629 innumera
969 4580 999 4628 cl.
1023 4577 1091 4629 Reae
1111 4579 1143 4628 de
1163 4581 1271 4648 ertator.
1290 4581 1334 4630 lib.
1354 4582 1410 4631 ord.
1429 4597 1453 4646 p.
1467 4579 1510 4632 87.

143 4669 245 4720 Cobet.
267 4667 301 4718 V.
318 4667 349 4717 Ι..
373 4664 469 4732 μ123.
506 4669 629 4720 Mainake
652 4669 730 4718 Anal.
755 4665 832 4716 Alex.
857 4679 882 4730 p.
900 4663 942 4715 21.
979 4665 1098 4730 exempla
1121 4665 1262 4716 Laertiana
1284 4667 1388 4730 collegit
1409 4667 1512 4732 Roeper

144 4757 163 4805 i.
184 4771 210 4805 c.
229 4769 255 4820 p.
268 4749 345 4807 559⁸.
372 4753 434 4804 addi
451 4761 537 4821 potest
552 4755 632 4819 Diog.
651 4753 705 4803 Vll
723 4749 758 4804 50
775 4751 818 4814 [ci.
838 4751 898 4802 Jen.
917 4753 1069 4802 Literatura.
1091 4749 1159 4803 1875
1176 4769 1202 4817 p.
1218 4749 1281 4816 153]
1298 4752 1404 4810 Suboell
1422 4755 1511 4804 Herm.

142 4842 188 4893 IV
211 4840 270 4894 164.
299 4841 515 4894 ammomum
533 4841 669 4892 Hellenist.
688 4839 761 4890 Stnd.
780 4855 805 4904 p.
822 4833 900 4891 100*.

221 4921 233 4956 ²
250 4927 347 4992 ambigi
365 4943 442 4994 posse
460 4942 538 4995 supra
556 4945 581 4994 p.
596 4925 692 4991 103eq.
712 4927 766 4976 dixi
785 4933 869 4976 utrum
887 4928 997 4991 primunr
1016 4927 1177 4976 enuntlatnm
1189 4925 1322 4988 Diogenes
1341 4937 1374 4976 an
1393 4926 1513 4976 librarius

140 5015 320 5080 pervertisset.
356 5017 402 5068 sed
425 5032 483 5068 cum
501 5013 545 5067 sai
563 5023 623 5080 poet
641 5009 750 5070 duodece
771 5014 814 5063 vix
834 5014 998 5075 intellegatur
1016 5015 1065 5062 nisi
1083 5013 1172 5063 τοῦτον
1191 5013 1372 5070 Parmenidem
1390 5015 1513 5078 interpre-

1238 5091 1312 5158 10*
