3750 5746
338 423 401 488 290
836 409 936 460 οεπιι
954 405 1085 458 επιστ
1103 402 1119 453 ι
1138 408 1197 448 ο-ι

488 465 1440 576 εουοκιιοιῗΜοω
1464 495 1494 548 ιο

382 663 415 728 δὲ
441 662 529 746 μικρὰ
551 660 599 724 καὶ
621 659 761 744 περιφερῆ
787 654 835 718 καὶ
858 655 922 716 λεῖα
943 649 991 714 καί

382 763 523 830 εύόλισθα
545 761 706 828 ταῦτακαὶ
729 755 892 841 ἐξεθλίβετο
918 752 992 816 κατὰ

382 869 435 952 την
457 867 576 931 σύνοδον
598 869 656 928 τῶν
679 861 823 944 σωμσίτων
846 855 887 926 είς
907 877 939 918 τε
959 855 992 917 τὸ

385 969 529 1054 μετέωρον
557 965 721 1051 ἀνερέρετο.
755 965 796 1031 ὡς
822 957 848 1022 δ’
876 956 926 1021 σύν
953 954 994 1024 ἐξ·

361 1072 483 1136 οέλειπε
510 1069 562 1153 μέν
587 1070 608 1152 η
631 1065 774 1150 πληκτικὴ
802 1062 920 1144 δύναμις
947 1081 994 1142 με·

385 1175 572 1259 τεωρίζουσα,
593 1169 689 1238 οὐκέτι
710 1169 744 1232 δὲ
766 1166 834 1253 ἦγεν
856 1165 875 1247 ἡ
897 1162 994 1244 πληγὴ

385 1280 457 1362 πρὸς
471 1278 505 1340 τὸ
521 1275 676 1359 μετέωρον,
698 1270 843 1335 ἐκωλύετο
858 1267 891 1330 δὲ
906 1269 996 1328 ταῦτα

384 1381 466 1444 κάτω
492 1377 647 1463 φέρεσθαι,
674 1372 803 1444 ἐπιέζετο
831 1370 903 1454 πρὸς
929 1367 996 1436 τοὺς

385 1483 492 1552 τόπους
506 1479 573 1550 τούς
588 1473 762 1558 δυναμένους
780 1471 929 1541 δέξασθαι.
951 1468 997 1534 ού-

353 1607 377 1646 ιο
388 1609 433 1651 τοι
448 1586 481 1649 δὲ
500 1583 575 1670 ἦσαν
595 1583 623 1644 οἱ
638 1576 718 1663 πέριξ
737 1578 785 1640 καὶ
800 1575 872 1660 πρὸς
886 1573 997 1641 τούτοις

387 1693 421 1755 τὸ
444 1687 558 1772 πλῆθος
580 1687 638 1748 τῶν
658 1681 802 1763 σωμάτων
817 1677 997 1762 περιεκλᾶτο,

388 1789 617 1878 περιπλεκόμενα
639 1785 673 1848 δέ
694 1784 830 1866 ἀλλήλοις
852 1779 926 1843 κατὰ
945 1777 998 1861 την

388 1895 554 1979 περίκλασιν
568 1891 618 1953 τὸν
633 1887 754 1972 σύρανθν
765 1884 925 1968 ἐγέννησεν.
945 1885 997 1964 τῆς
1015 1893 1032 1947 3

389 1998 410 2063 θ’
438 1997 528 2082 αύτῆς
550 1995 689 2082 ἐχόμεναι
710 1992 826 2077 φύσεως
847 1987 878 2051 αἱ
897 1985 1000 2067 ἄτομοι

356 2123 380 2162 ιο
392 2103 519 2168 ποικίλαι
541 2099 637 2176 οόσαι,
658 2097 760 2166 καθὼς
782 2092 907 2177 εἴρηται,
929 2091 1001 2174 πρὸς

390 2209 423 2270 τὸ
459 2205 603 2289 μετέωρον
635 2198 833 2281 ἐξωθούμεναι
861 2195 914 2278 τὴν
942 2195 1001 2254 τῶν

391 2309 520 2393 ἀστέρων
539 2308 624 2393 φύσιν
639 2303 812 2370 ἀπετέλουν·
834 2300 868 2362 τὸ
883 2297 916 2360 δὲ
931 2297 1002 2379 πλῆ-

393 2415 446 2484 θος
481 2416 539 2475 τῶν
576 2404 825 2489 ἀναθυμιωμένων
858 2401 1002 2481 σωμάτων

394 2516 555 2599 ἐπέπληττε
581 2513 630 2574 τὸν
658 2509 732 2593 ἀέρα
758 2505 806 2570 καὶ
832 2507 932 2567 τοῦτον
963 2499 1003 2570 ἐξ·

360 2640 384 2680 εν
396 2622 504 2705 έθλιβε·
527 2613 776 2698 πνευματούμενος
788 2610 821 2672 δὲ
836 2604 919 2673 ούτος
930 2603 1004 2668 κατὰ

393 2728 446 2810 τὴν
469 2724 578 2806 κίνησιν
600 2718 649 2782 καὶ
672 2709 950 2796 συμπεριλαμβάνων
967 2707 1004 2770 τὰ

395 2829 487 2912 ἄστρα
506 2823 698 2906 συμπεριῆγεν
714 2815 789 2880 αὐτὰ
810 2813 859 2876 καὶ
880 2809 932 2893 τὴν
955 2811 1004 2872 νύν

395 2929 552 3014 περιφορὰν
574 2923 671 2989 αὐτῶν
694 2917 838 3001 μετέωρον
853 2911 1005 2997 ἐφύλαττε.

396 3030 518 3096 κᾶπειτα
543 3029 578 3091 ἐκ
604 3025 656 3108 μὲν
683 3023 741 3083 τῶν
769 3014 1005 3088 ὑποκαθιζόντων

362 3131 539 3217 νόέγεννήθη
561 3130 582 3214 ἡ
604 3131 657 3211 γῆ,
683 3124 717 3188 ἐκ
739 3121 772 3184 δὲ
792 3123 850 3183 τῶν
873 3137 1006 3201 μετεωρι-

397 3236 526 3319 ζομένων
548 3228 669 3316 ούρανθς
683 3229 740 3308 πῦρ
756 3222 824 3307 ἀήρ.
849 3221 959 3302 πολλῆς
974 3215 1007 3279 δέ
1024 3215 1041 3266 4

398 3340 469 3423 ύλης
496 3335 539 3400 ἔτι
566 3326 809 3418 περιειλημμένης
835 3323 865 3386 ἐν
892 3324 931 3403 τῇ
959 3322 1025 3404 γῆς

398 3437 597 3522 πυκνουμένης
618 3457 650 3498 τε
670 3430 777 3513 ταύτης
795 3424 871 3490 κατὰ
884 3422 936 3490 τὰς
951 3420 1009 3483 ἀπὸ

397 3547 456 3607 τῶν
478 3540 649 3624 πνευμάτων
670 3530 783 3617 πληγὰς
808 3528 856 3592 καὶ
878 3525 930 3594 τὰς
951 3522 1010 3587 ἀπὸ

364 3669 388 3707 σο
399 3651 457 3711 τῶν
473 3643 602 3727 ἀστέρων
618 3635 718 3724 αύρας,
733 3629 940 3717 προσεθλίβετο
954 3627 1011 3694 πᾶς

391 3779 610 3850 θιύολίσθηταΕ
631 3773 645 3844 ΙΙ
664 3771 808 3827 καλοιιι.Ε
829 3763 843 3835 ΙΙ
863 3759 1009 3833 ἐτηνσύν-

357 3873 414 3927 οθον
437 3875 489 3924 τῶν
513 3881 639 3935 σωματων
661 3863 731 3914 EA:
763 3855 810 3924 τὴν
833 3869 884 3905 om.
901 3853 938 3904 Βι
964 3847 1011 3919 την

358 3959 484 4029 σωμάτων
506 3951 646 4007 σύνοθονΟ
670 3945 683 4016 ΙΙ
705 3944 740 4004 τίς
757 3943 824 3996 M
846 3937 860 4008 ΙΙ
879 3941 897 3992 4
914 3936 950 3996 ὡς
968 3933 1012 3989 σύν

357 4051 380 4100 Ε
401 4045 414 4116 ΙΙ
435 4041 530 4104 ἐξέλιπε
548 4035 690 4108 (ΕλλΒΟι
714 4033 815 4084 correxi
838 4023 852 4094 ΙΙ
874 4027 1011 4078 verborum

358 4122 542 4187 abundantiam
551 4126 652 4179 notavit
663 4115 831 4187 Wyttenbaeh
843 4111 855 4179 ίΙ
869 4111 901 4167 10
910 4109 1012 4168 τούτους

357 4225 381 4273 Ε
401 4223 415 4288 Η
438 4217 469 4272 13
487 4214 600 4285 ἐγέννησε
616 4209 709 4262 EAB:
729 4202 895 4274 ἀγέννησανῦ
914 4196 926 4267 ΙΙ
943 4197 975 4251 14
987 4195 1013 4249 αλ

358 4311 395 4360 E:
412 4323 462 4358 om.
473 4303 544 4355 ABG
564 4296 578 4368 Η
601 4297 632 4350 17
650 4293 784 4365 ἀστρωνΕ
800 4289 814 4360 ΙΙ
831 4291 862 4344 19
875 4284 1013 4354 ἐπέπληττε

358 4399 395 4447 E:
419 4391 526 4460 έπληπτι
545 4385 621 4456 (Α)Β
645 4380 658 4450 ΙΙ
683 4381 716 4434 21
740 4373 932 4449 περιλαμβάνων
949 4375 973 4424 E
998 4367 1012 4438 ΙΙ

359 4480 393 4533 22
417 4477 482 4532 αύτά
504 4479 541 4528 E:
564 4473 645 4525 ταῦτα
667 4467 768 4533 (Α)Βο
793 4463 807 4533 ΙΙ
832 4457 1014 4530 συμπεριφορὰν

359 4571 382 4620 Ε
396 4567 482 4632 [σεε]
500 4561 514 4632 ΙΙ
534 4561 634 4613 σοοίοἰο
645 4557 690 4609 καὶ
702 4550 791 4610 ούτως.
809 4565 870 4602 nam
881 4551 927 4617 γῆς
939 4549 1013 4610 origo

360 4657 503 4722 explicatur
525 4669 551 4717 p.
566 4643 693 4706 289217,
719 4637 825 4709 ούρανοῦ
847 4653 873 4702 ρ.
888 4630 1013 4693 290·13,

360 4740 471 4810 ἀστέρων
484 4737 526 4798 17,
543 4733 614 4803 ἀέρος
627 4732 661 4784 19
680 4727 694 4799 ΙΙ
714 4726 747 4780 θἸ
760 4723 797 4778 ότι
809 4717 1015 4792 περιειλημμένης

360 4830 420 4880 EC:
439 4817 678 4894 ἐμπεριειλημμένης
691 4817 728 4866 Δι
747 4805 954 4881 περιειλημμένης
966 4822 1016 4856 om.

361 4913 397 4966 ἔτι
413 4915 448 4964 B:
467 4905 663 4980 περιλιλιίρσνης
680 4903 744 4966 legit
760 4900 882 4950 Budaeus
902 4891 916 4963 ΙΙ
935 4891 970 4946 28
991 4888 1017 4942 όὲ

361 5005 384 5051 E
404 4997 418 5068 ΙΙ
438 4998 471 5052 29
491 4995 617 5063 σωμάτων
631 4987 746 5054 More]
765 4987 796 5037 εί.
813 4985 884 5036 Prol.
898 5000 923 5048 ρ.
934 4979 981 5032 161
1003 4975 1017 5045 ΙΙ

362 5087 396 5140 30
414 5082 491 5152 αύηάς
509 5078 622 5145 Ε[υεε]
641 5080 672 5130 σί.
689 5076 761 5129 Ρτολ
779 5075 797 5123 l.
810 5089 832 5123 ο.
