3708 5738
451 390 648 442 HIPPOLYTI
666 389 1029 442 Ροιοοεονιιυιιουοιι
1048 390 1133 442 το-ν
1145 389 1161 442 ο
1172 401 1210 439 ιο
1448 390 1509 454 561

196 559 400 642 [πυκνότατον]
416 559 528 628 λίθους.
566 559 642 622 ὥστε
663 559 699 622 τά
714 562 878 644 κυριώτατα
895 565 949 643 τῆς
963 559 1104 642 γενέσεως
1126 561 1242 624 ἐναντία
1262 560 1335 625 εἶναι
1351 560 1460 645 θερμόν

196 685 228 725 τε
253 663 300 726 καλ
329 661 450 747 ψυχρόν.
603 663 655 744 τὴν
682 663 715 725 δὲ
741 667 795 745 γῆν
823 667 960 727 πλατεῖαν
988 663 1060 728 εἶναι
1088 663 1133 726 ἐπ’
1166 664 1252 747 ἀέρος
1282 663 1493 748 δχουμένην,4

197 767 305 846 ὁμοίως
340 766 373 828 δὲ
408 765 456 826 καὶ
490 763 572 846 ἥλιον
610 764 658 826 καὶ
695 765 818 848 σελήνην
853 766 901 828 καὶ
934 765 970 828 τά
1006 765 1080 830 ἄλλα
1108 766 1199 850 ἄστρα
1231 767 1325 830 πάντα
1357 767 1462 850 πύρινα

196 864 265 930 ἄντα
287 867 461 952 ἐποχεῖσθαι
482 870 525 950 τῷ
548 863 611 948 ἀέρι
635 867 683 929 διά
705 867 824 936 πλάτος.
975 868 1117 950 γεγονέναι
1141 870 1174 932 δὲ
1195 869 1231 931 τὰ
1250 869 1343 953 ἄστρα
1357 869 1391 932 ἐκ
1405 874 1493 954 γῆςό

165 970 244 1032 εδιά
266 970 300 1032 τδ
323 970 376 1053 τὴν
400 969 508 1051 ἰκμάδα
530 966 563 1030 ἐκ
586 968 692 1052 ταύτης
714 969 898 1046 ἀνίστασθαι,
920 970 956 1054 ἧς
978 970 1171 1054 ἀραιουμένης
1191 971 1225 1033 τδ
1248 975 1305 1056 πῦρ
1320 970 1460 1054 γίνεσθαι,

196 1072 230 1134 ἐκ
257 1073 290 1135 δὲ
318 1076 369 1134 τοῶ
396 1072 486 1154 πυρὸς
515 1071 761 1155 μετεωριζομένου
783 1075 850 1143 τοὺς
873 1072 997 1157 ἀστέρας
1019 1073 1216 1138 συνίστασθαι.
1261 1073 1332 1138 εἶναι
1356 1074 1389 1137 δὲ
1411 1075 1458 1138 καὶ

195 1175 313 1258 γεώδεις
328 1175 428 1259 φόσεις
443 1173 473 1236 ἐν
488 1179 530 1258 τῷ
547 1172 629 1258 τόπιρ
645 1179 704 1238 τῶν
719 1175 848 1260 ἀστέρων
864 1175 1150 1261 συμπεριφερομένας
1164 1175 1293 1245 ἐκείνοις.
1423 1177 1457 1241 οδ
1477 1189 1492 1240 6

197 1277 338 1340 κινεῖσθαι
361 1277 394 1340 δὲ
410 1276 466 1338 ὑπὸ
481 1281 535 1360 γῆν
557 1277 593 1339 τά
615 1275 707 1360 ἄστρα
728 1276 815 1359 λέγει,
838 1278 940 1348 καθὼς
962 1278 1054 1364 ἕτεροι
1076 1279 1280 1363 ὑπειλήφασιν,
1300 1279 1376 1342 ἀλλά
1395 1281 1459 1364 περὶ

196 1385 260 1463 γῆν,
283 1379 407 1462 ῶσπερεὶ
430 1380 494 1463 περὶ
517 1381 568 1463 τὴν
592 1379 734 1463 ἡμετέραν
758 1381 887 1464 κεφαλὴν
910 1380 1062 1466 στρέφεται
1084 1383 1118 1444 τδ
1141 1381 1244 1445 πιλίον.
1282 1383 1462 1467 κρόπτεσθαί

160 1503 181 1540 ιο
198 1505 230 1545 τε
251 1482 301 1544 τὸν
323 1483 406 1566 ἥλιον
429 1483 486 1566 οὐχ
509 1482 566 1544 ὑπὸ
589 1487 642 1565 γῆν
664 1481 831 1564 γενόμενον,
858 1482 924 1548 ἀλλ’
952 1485 1009 1548 ὑπὸ
1038 1489 1096 1546 τῶν
1124 1489 1176 1568 τῆς
1197 1489 1251 1568 γῆς
1274 1486 1460 1572 ὑψηλοτέρων

196 1590 292 1669 μερῶν
315 1585 492 1666 σκεπόμενον
519 1585 568 1647 καὶ
596 1585 644 1648 διά
669 1586 722 1669 τὴν
750 1587 869 1650 πλείονα
891 1588 976 1671 ἡμῶν
999 1587 1089 1650 αὐτοῦ
1111 1585 1266 1670 γενομένην
1289 1588 1458 1654 ἀπόστασιν.

194 1688 230 1750 τά
253 1688 286 1750 δὲ
307 1687 398 1772 ἄστρα
422 1688 462 1770 μὴ
486 1688 650 1771 θερμαίνειν
673 1688 721 1751 διὰ
743 1689 776 1750 τδ
800 1694 893 1774 μῆκος
914 1693 967 1773 τῆς
989 1691 1189 1761 ἀποστάσεως.
1334 1693 1457 1776 ἀνέμους
1475 1706 1491 1757 ’1

198 1790 231 1852 δὲ
253 1791 417 1873 γεννᾶσθαι,
440 1792 508 1854 όταν
523 1790 808 1873 ’γέκπεπυκνωμένος
823 1794 839 1856 ό
855 1793 913 1875 ἀὴρ
935 1793 1092 1876 ἄραιωθεὶς
1112 1794 1249 1878 φέρηται·
1273 1795 1461 1868 συνελθόντος

195 1893 227 1955 δὲ
250 1895 297 1956 καὶ
319 1894 367 1955 ἐπὶ
390 1897 487 1957 πλεῖον
511 1895 709 1980 παχυνθέντος
732 1893 805 1978 νέφη
827 1895 981 1976 γεννᾶσθαι
1004 1897 1052 1960 καὶ
1083 1895 1176 1965 οὕτως
1202 1895 1243 1966 εἰς
1270 1897 1348 1983 ὕδωρ
1376 1923 1459 1982 μετα-

154 2015 178 2052 υ
195 1997 319 2080 βάλλειν.
364 1998 496 2082 χάλαζαν
524 1999 557 2060 δέ
583 1997 727 2080 γίνεσθαι,
754 1997 822 2060 όταν
851 1999 910 2060 ἀπὸ
938 2002 996 2062 τῶν
1023 2004 1119 2084 νεφῶν
1142 1999 1174 2061 τὸ
1200 1997 1278 2084 ὕδωρ
1300 2004 1458 2088 καταφερό·

194 2121 277 2180 μενον
299 2101 394 2183 παγῇ·
418 2099 504 2184 χιόνα
526 2099 570 2176 δέ,
593 2100 661 2164 όταν
683 2099 759 2163 αότά
779 2104 870 2164 ταῦτα
893 2101 1062 2185 ἐνυγρότερα
1086 2099 1154 2164 όντα
1177 2100 1261 2186 πῆξιν
1283 2105 1376 2189 λᾶβη·

236 2204 386 2287 ἀστραπὴν
409 2201 452 2279 δ’,
479 2203 547 2266 όταν
577 2203 612 2264 τολ
639 2201 712 2286 νέφη
739 2204 880 2286 διιστῆται
909 2202 958 2289 βίᾳ
980 2205 1166 2287 πνευμάτων·
1197 2205 1306 2268 τούτων
1328 2205 1383 2290 γάρ
1405 2209 1490 2271 διι-8

195 2305 344 2388 σταμένων
375 2305 509 2389 λαμπρὰν
538 2305 586 2368 καλ
613 2307 734 2390 πυρώδη
766 2305 897 2388 γίνεσθαι
924 2307 977 2390 τὴν
1003 2308 1106 2392 αὐγήν.
1154 2307 1210 2391 ἶριν
1241 2309 1273 2371 δὲ
1302 2311 1456 2390 γεννᾶσθαι

192 2413 250 2470 τῶν
273 2409 402 2491 ἡλιακῶν
424 2409 523 2489 αὐγῶν
545 2409 586 2478 είς
615 2409 688 2493 ἀέρα
711 2415 876 2473 συνεστῶτα
903 2415 1083 2473 πιπτουσῶν·
1118 2412 1236 2492 σεισμὸν
1265 2411 1298 2474 δὲ
1330 2417 1383 2496 τῆς
1404 2421 1458 2498 γῆς

151 2529 175 2566 νυ
193 2510 240 2573 ἐπὶ
263 2513 361 2573 πλεῖον
384 2512 594 2595 ἀλλοιουμένης
616 2509 674 2574 όπδ
698 2512 857 2597 θερμασίας
880 2512 928 2574 καὶ
951 2510 1065 2596 γνόξεωςλ
1214 2517 1305 2576 ταῦτα
1329 2514 1381 2596 μὲν
1404 2516 1490 2582 οόνεν

188 2611 380 2696 Ἀναξιμένης.
430 2614 514 2684 οὗτος
547 2614 663 2698 ἤκμασε
692 2616 756 2698 περὶ
791 2611 855 2683 ἔτος
887 2619 1002 2697 πρῶτον
1037 2619 1089 2696 τῆς
1122 2620 1318 2700 πεντηκοστῆς
1352 2617 1457 2704 ὀγδόης

193 2716 382 2797 ὀλυμπιάδος.

279 2818 300 2882 8
345 2815 429 2880 Μετὰ
456 2822 557 2882 τοῦτον
579 2820 684 2900 γίνεται
704 2817 938 2904 Ἀναξαγόρας
960 2817 1174 2906 Ἧγησιβοόλου
1204 2826 1220 2887 ό
1250 2822 1456 2906 Κλαζομένιος.

193 2919 276 2990 οὖτος
298 2918 356 3004 ἔφη
378 2920 431 3005 τὴν
452 2923 559 2992 παντὸς
581 2925 677 3009 ἀρχὴν
699 2927 765 2986 νοῶν
787 2923 835 2986 καὶ
865 2923 950 3005 ὕλην,
977 2927 1026 2986 τὸν
1055 2925 1107 3005 μέν
1135 2931 1201 2990 νοῶν
1224 2932 1376 3004 ποιοῦντα,
1403 2931 1456 3013 τὴν

151 3042 175 3079 τι
193 3023 225 3086 δὲ
246 3023 317 3106 όλην
340 3023 500 3106 γινομένην.
543 3022 633 3087 ὄντων
662 3025 716 3109 γάρ
742 3028 857 3088 πάντων
885 3027 975 3108 όμοῶ,
1004 3031 1070 3096 νοῦς
1095 3027 1229 3092 ἐπελθὼν
1255 3032 1455 3116 διεκόσμησεν.

194 3126 245 3196 τᾶς
267 3124 294 3188 δ’
315 3127 415 3195 ὑλικάς
437 3127 532 3211 ἀρχάς
547 3128 682 3211 ἀπείρους
698 3129 849 3213 όποίρχειν,
871 3129 952 3210 γκαὶ
968 3129 1019 3198 τὰς
1035 3131 1223 3216 σμικροτέρας
1240 3134 1336 3197 αὐτῶν
1351 3133 1456 3218 ἄπειρα

189 3229 276 3310 λέγει.
434 3231 574 3312 κινήσεως
596 3231 628 3292 δὲ
652 3231 782 3315 μετέχειν
805 3232 842 3295 τά
863 3234 956 3296 πάντα
977 3231 1033 3294 ὑπό
1055 3253 1086 3294 τε
1107 3237 1158 3296 νοῦ
1186 3235 1338 3317 κινούμενα
1358 3240 1488 3300 συνελθ

144 3504 157 3554 1
177 3501 332 3554 πυκνότατον
344 3501 377 3553 Βι
398 3505 476 3568 vulgo
492 3500 664 3554 πυκνῶτατον.
684 3506 767 3556 delevi
782 3501 796 3572 ΙΙ
849 3505 1074 3572 ἀκπεπυκνωμίνος
1096 3510 1140 3557 vix
1163 3511 1275 3574 explices
1299 3509 1427 3563 ἄειιείιαιε
1447 3513 1505 3576 pri·

143 3591 158 3642 2
183 3591 229 3659 τὴν
256 3589 353 3642 δὲ-7
379 3587 480 3647 ἐκείνοις
504 3607 560 3642 exc.
585 3592 660 3643 eedr.
695 3590 708 3657 ΙΙ
737 3591 798 3643 εἶναι
849 3601 927 3645 vatus
950 3603 978 3646 ut
1001 3589 1190 3662 ἐξυγρανθίντος
1212 3614 1237 3662 ρ.
1251 3597 1338 3660 470‚7
1364 3615 1412 3651 ιιοα
1430 3601 1506 3650 simul

145 3695 194 3728 om.
219 3679 308 3728 Oedi:
328 3677 423 3728 habent
447 3677 494 3729 ΒΟ
514 3693 578 3742 quos
597 3682 712 3730 omittere
731 3681 797 3730 falso
851 3676 983 3750 ἀραιωθεὶς
1011 3683 1070 3732 ferri
1099 3689 1192 3747 ροτεεε.
1232 3680 1290 3734 όταν
1314 3684 1347 3743 τίς
1372 3703 1504 3738 πεπυκνω-

145 3768 272 3817 adnotant
285 3767 468 3829 Gottingenees
488 3761 503 3832 ΙΙ
523 3765 539 3818 3
558 3764 584 3817 ii
603 3765 673 3835 ἥλιον
692 3769 768 3818 Cedr.
783 3765 797 3834 ΙΙ
851 3768 925 3837 μένον
943 3768 991 3838 ἀὴρ
1012 3773 1080 3821 coni.
1099 3771 1200 3821 Usener
1218 3773 1249 3822 οί.
1267 3789 1293 3837 ρ.
1307 3770 1367 3836 563,
1378 3771 1403 3824 3.
1430 3771 1444 3842 ΙΙ
1463 3775 1506 3844 ἀρ-

144 3851 285 3903 τιάντα-4
300 3849 379 3920 ἄστρα
393 3853 474 3903 οια.Τ
491 3850 504 3918 λΙ
520 3855 600 3906 πάντα
610 3854 655 3924 γὰρ
665 3857 735 3906 libri:
753 3855 799 3923 γὰρ
851 3853 904 3914 θεὶς
923 3860 1007 3909 ΖοΙΙει
1026 3855 1040 3926 ΙΙ
1060 3853 1209 3908 συνελθόντα
1228 3861 1302 3911 libri:
1317 3877 1383 3912 corr.
1393 3861 1478 3913 Zoller
1490 3859 1504 3927 Ιξ
1584 3887 1585 3890 “

144 3957 194 3990 σοι.
208 3941 283 3990 Oedi.
303 3935 317 4004 Η
336 3935 510 4007 ὶπιχεῖσδαιΟ
532 3939 547 4010 Η
566 3941 583 3993 4
601 3940 641 3993 διὰ
658 3939 686 3992 τό
699 3938 800 3999 πλάτος.
855 3946 886 3997 14
905 3939 1050 4014 παχυθέντα
1070 3947 1160 4010 vulgo:
1181 3941 1337 4014 παχυθίντος
1349 3949 1440 4000 ΖιΙῙετ.
1458 3965 1506 4002 πα·

144 4028 227 4096 γέγονε
239 4027 315 4095 eecli.
327 4022 341 4094 ΙΙ
356 4025 449 4080 δίκ-
459 4023 618 4080 συνίστασθαι
628 4045 679 4080 om.
692 4031 768 4081 Oedr.
783 4025 797 4094 ΙΙ
851 4027 973 4101 χυνθίντα
986 4033 1116 4084 ΕεΙνίυίιιο
1137 4029 1150 4098 Η
1174 4033 1204 4084 17
1223 4031 1343 4086 διίσταται
1359 4037 1418 4087 libri
1438 4032 1452 4103 ΙΙ
1472 4035 1503 4088 θλ

145 4113 507 4182 Ἱσυμπεριφερομέναςῦεάτ.
521 4118 552 4166 cf.
565 4133 589 4181 ρ.
607 4115 717 4180 56θ,16ι
737 4130 797 4184 ουμ·
850 4124 965 4188 πρῶτονι
993 4135 1083 4171 verum
1113 4129 1151 4170 eit
1183 4121 1267 4188 τρίτον
1297 4125 1327 4174 οἰ.
1358 4125 1426 4174 Μυε.
1456 4125 1506 4176 Rh.

144 4199 281 4268 φερομένας
299 4202 357 4252 libri
377 4197 391 4268 ΙΙ
412 4201 427 4253 9
448 4199 597 4269 στίφεταιΒ
618 4201 631 4271 li
652 4201 797 4272 ιτηλεῑονΤι
851 4208 946 4258 XXXI
959 4204 992 4259 27
1014 4201 1027 4274 ΙΙ
1047 4205 1081 4258 θθ
1100 4208 1155 4276 περὶ
1174 4206 1325 4278 ἀναξαγόρον
1343 4215 1507 4278 ευρετεοτίδίι

146 4285 238 4340 πιλεῖον
251 4289 285 4340 C:
304 4304 370 4339 corr.
384 4289 521 4353 Mensgiun
543 4285 556 4357 λΙ
579 4289 610 4344 10
628 4308 655 4342 τε
675 4293 761 4343 ουκΒ
783 4287 796 4358 ΙΙ
850 4297 872 4346 Β
893 4291 907 4361 ΙΙ
925 4292 1092 4364 ἡγησιφόντου
1104 4299 1128 4347 Τ
1141 4292 1155 4362 Η
1175 4293 1334 4364 κλυζομίνιος
1347 4300 1369 4348 Β
1383 4295 1397 4367 Η
1411 4299 1446 4352 24
1459 4300 1506 4368 τὴν

148 4377 177 4428 ll
198 4381 295 4446 μερῶνι
316 4378 364 4426 fuit
385 4391 442 4427 οιιια
464 4379 567 4430 mallem
590 4376 663 4447 ὀρῶν.
683 4383 799 4431 similiter
850 4385 895 4434 τοῦ
913 4381 1045 4440 παντδςΒ
1069 4379 1083 4450 ΙΙ
1111 4381 1506 4438 νν.24.258υ1ι1εο11οσου1ο

147 4463 301 4533 παραφράζει
312 4467 347 4516 L:
366 4461 415 4515 θπό
427 4469 480 4516 τῶν
493 4462 660 4534 ὑψηλοτάτων
674 4463 748 4534 δρῶν.
773 4478 800 4518 ει
851 4474 962 4522 intexuit
980 4471 1056 4522 Gedr.
1077 4467 1091 4538 ΙΙ
1113 4469 1147 4524 θῶ
1165 4468 1286 4541 ὁμοφυῶν
1303 4471 1317 4524 δ
1335 4474 1412 4525 Οεάτ.
1438 4471 1453 4541 ΙΙ
1472 4471 1505 4527 θῶ

144 4555 264 4618 intellege
283 4563 368 4618 ροτνοε
391 4556 613 4619 septemtrionales
641 4557 671 4606 of.
691 4557 798 4606 Ατίετοι.
851 4555 970 4627 ίιπάρχειν
998 4557 1042 4609 καὶ
1073 4555 1171 4626 πλῆθος
1198 4560 1241 4610 καὶ
1269 4559 1432 4629 σμικρότητα.
1463 4561 1507 4614 καὶ

147 4641 256 4691 Meteon
281 4641 340 4691 111
364 4657 389 4706 ρ.
402 4638 513 4693 354·θὸ
536 4639 579 4692 τόν
601 4639 671 4708 ἥλιον
695 4641 731 4710 μὴ
755 4643 798 4712 φί·
850 4646 883 4698 τά
901 4645 1051 4716 σμικρότερα
1069 4646 1115 4714 γὰρ
1134 4645 1223 4716 ἄπειρα
1240 4644 1305 4713 λέγει
1324 4648 1506 4712 Gottingenses

144 4721 228 4795 ρεσθαι
251 4723 300 4778 θπδ
318 4731 377 4796 γῆν,
402 4725 465 4780 ἀλλά
488 4728 543 4798 περὶ
561 4731 607 4796 τῆν
630 4733 676 4798 γῆν
695 4728 799 4782 καὶτὸν
852 4736 919 4785 conl.
938 4734 1028 4800 Simpl.
1048 4735 1075 4784 in
1093 4733 1166 4798 phys.
1179 4736 1196 4784 f.
1210 4731 1299 4786 33v17
1324 4737 1355 4786 ef.
1375 4739 1454 4787 An'st.
1474 4739 1506 4789 de

144 4814 219 4866 τόπον
238 4816 335 4876 τοῦτον,
354 4813 515 4882 ἀφανίζεσθαι
534 4813 560 4868 δὲ
576 4817 619 4870 καὶ
632 4821 709 4869 ποιεῖν
721 4815 800 4869 νότιτα
852 4836 910 4886 gen.
928 4823 943 4872 I
961 4819 978 4874 8
994 4838 1019 4886 ρ.
1033 4817 1143 4874 325130
1162 4823 1230 4872 unde
1248 4825 1427 4874 verisimilius
1444 4825 1506 4875 talin

144 4899 183 4953 διά
200 4901 229 4953 τό
248 4900 348 4971 ὑψηλὴν
372 4901 432 4954 εἶναι
456 4903 515 4972 πρὸς
539 4903 631 4972 ἀρκτον
654 4907 700 4973 τῆν
718 4908 765 4974 γῆν
786 4901 799 4973 ΙΙ
853 4905 1507 4981 τεεστίδεεκαλιιττάτὴνσμικρότητααίντῶνᾶπειρα

147 4991 179 5041 13
197 4989 422 5058 έκπτπυιινωμένος
441 4993 499 5043 BC:
520 4991 749 5063 έκπιπυιινωμίνης
765 4997 800 5045 T:
853 4992 918 5064 λέγει
938 4991 951 5064 ΙΙ
972 4995 1004 5048 27
1024 4993 1072 5047 θπό
1089 5013 1117 5047 τε
1137 4996 1248 5047 Usener:
1268 4993 1317 5048 ὑπὸ
1335 5001 1380 5049 τοῦ
1400 5001 1477 5065 vulgo

195 5103 286 5154 Diels,
306 5105 450 5157 Dexogrnphi
469 5107 550 5155 graeci.
1212 5080 1253 5146 36
