3768 5736
714 441 788 490 ARII
809 441 943 490 DIDYMI
964 440 1148 490 ill’i'ioiius
1168 439 1218 489 FR.
1238 439 1339 488 PHYS.
1354 435 1408 486 23

443 855 529 906 Stob.
548 859 605 906 Eoi.
619 859 631 908 1
646 857 675 908 li
692 867 704 904 4
723 875 747 922 p.
761 853 904 920 320sq.}1.

463 955 738 1040 Ἀριστοτέλους.
783 955 900 1042 Ἐπειδὴ
931 956 958 1020 δ’
994 960 1012 1041 ὴ
1038 957 1089 1040 μὲν
1116 957 1201 1042 φύσις
1233 953 1296 1019 κατ’
1330 955 1456 1020 ἐπίνοιαν
1492 958 1572 1042 ἀρχή
1604 957 1648 1026 τίς
1686 956 1746 1019 ἐστι

380 1059 522 1142 κινήσεως
559 1061 606 1122 καὶ
636 1061 781 1140 στάσεως,
818 1058 885 1123 οὔτε
914 1060 951 1144 δὴ
980 1059 1146 1140 κινούμενον
1174 1061 1194 1142 ὴ
1225 1060 1279 1142 ὑλη
1307 1059 1381 1122 κατὰ
1403 1060 1452 1122 τὸν
1476 1057 1546 1122 ῖδιον
1568 1057 1654 1142 λόγον
1679 1057 1748 1120 οὔτε

380 1161 413 1223 τδ
440 1160 526 1231 εἶδος.
568 1165 587 1246 ὴ
610 1163 662 1245 μέν
691 1163 746 1246 γὰρ
772 1162 909 1240 άνείδεος,
930 1163 964 1224 τδ
987 1163 1019 1226 δέ
1041 1161 1117 1232 εἶδος
1139 1161 1196 1237 ἀεί,
1218 1161 1266 1224 καλ
1289 1162 1309 1245 ἡ
1333 1162 1385 1244 μὲν
1406 1161 1441 1226 οὑ
1467 1166 1564 1244 σῶμα,
1587 1157 1746 1244 σωματικὴ

381 1263 424 1342 δέ,
445 1263 479 1326 τδ
501 1264 534 1326 δὲ
562 1263 699 1334 καθάπαξ
714 1263 880 1348 ἀσώματον.
918 1263 952 1328 οὑ
975 1269 1062 1347 σῶμα
1085 1266 1118 1328 δὲ
1139 1266 1191 1348 τὴν
1216 1265 1286 1348 ὑλην
1309 1266 1407 1350 φασίν,
1432 1264 1515 1350 [οὑχ]
1538 1264 1573 1328 οὑ
1589 1265 1682 1347 μόνον
1704 1264 1746 1326 ότι

357 1365 555 1450 τέστερῆσθαι
578 1367 659 1430 δοκεῖ
679 1370 737 1429 τῶν
760 1368 824 1452 περὶ
847 1372 934 1448 σῶμα
957 1369 1146 1446 διαστάσεων,
1169 1366 1228 1431 ἀλλ’
1256 1367 1299 1430 ότι
1332 1368 1380 1430 καὶ
1406 1369 1523 1430 πολλῶν
1549 1366 1646 1430 οῖλλων
1676 1367 1746 1428 ἀπο

381 1469 508 1532 λείπεται
536 1467 611 1532 κατὰ
638 1469 687 1532 τὺν
720 1467 790 1533 ἴδιον
818 1469 918 1552 λόγον,
946 1470 966 1534 ἃ
991 1475 1051 1540 τοῖς
1077 1473 1208 1554 σώμασιν
1239 1471 1379 1556 ὑπάρχει,
1407 1472 1559 1556 σχήματος
1586 1470 1747 1554 χρώματος

383 1571 542 1658 βαρὺτητος
574 1570 766 1656 κουφότητος,
802 1571 878 1641 ὅλως
906 1573 1001 1656 πάσης
1026 1573 1180 1657 ποιότητος
1207 1573 1255 1636 καλ
1283 1571 1455 1656 ποσότητος.
1495 1570 1521 1634 εί
1550 1570 1604 1654 γὰρ
1632 1571 1746 1633 τοὺτων

382 1677 514 1758 μετεῖχε,
540 1676 600 1736 τῶν
627 1678 719 1736 ποιῶν
747 1673 808 1758 (iv)
834 1673 870 1758 ὴν
893 1675 940 1738 καί
963 1679 1077 1738 ποσῶν·
1111 1676 1145 1738 οὑ
1174 1677 1362 1760 μετειληφυῖα
1385 1675 1427 1754 δὲ,
1450 1673 1525 1737 κατὰ
1547 1673 1632 1755 λόγον
1656 1677 1746 1754 σῶμα

382 1777 434 1860 μὲν
462 1776 516 1840 οὑκ
538 1775 572 1838 άν
595 1773 657 1860 εἴη,
685 1777 836 1862 σωματικὴ
865 1778 898 1840 δὲ
924 1777 972 1840 διὰ
997 1777 1031 1840 τδ
1059 1779 1164 1848 πάσαις
1187 1779 1286 1861 ὥσπερ
1308 1777 1461 1861 ἐκμαγεῖον
1485 1776 1660 1840 ὑποκεῖσθαι
1683 1780 1746 1844 ταῖς

346 1899 369 1936 1⁰
381 1880 544 1962 ποιότησιν·
567 1878 600 1941 θν
622 1877 728 1961 τρόπον
749 1879 803 1962 γὰρ
827 1879 860 1942 τδ
883 1878 958 1950 εἶδος
980 1883 1032 1964 τῆς
1056 1881 1125 1962 ὑλης
1148 1881 1306 1966 ἀφαιρεθὲν
1329 1880 1486 1962 ἀσώματον
1509 1877 1581 1942 είναι
1596 1879 1744 1964 τυγχάνει,

380 1984 472 2051 οὕτως
494 1980 542 2042 καὶ
564 1981 617 2064 τὴν
641 1980 711 2062 ὑλην
733 1985 785 2042 τοὺ
808 1979 902 2052 εῖδοος
924 1981 1121 2068 χωρισθέντος
1144 1981 1177 2046 οὑ
1202 1987 1299 2064 σῶμα.
1338 1983 1396 2044 δεῖν
1418 1979 1472 2063 γὰρ
1495 1981 1603 2066 ἀμφοῖν
1626 1984 1680 2062 τῆς
1698 2000 1744 2042 συ-

380 2084 465 2148 νόδοο
487 2083 559 2169 πρδς
580 2082 632 2166 τὴν
655 2086 706 2145 τοῦ
730 2085 865 2164 σώματος
889 2083 1055 2146 ὑπόστασιν.

1049 2413 1068 2476 3

442 2513 530 2564 stou.
551 2517 634 2566 Εσ1.Ι
651 2514 681 2566 12
699 2533 724 2580 ρ.
737 2513 831 2580 δθθεη.
847 2519 879 2566 11.

466 2613 580 2684 Ταὺτας
610 2616 643 2678 δέ
671 2617 722 2686 τὰς
748 2616 842 2700 ἀρχὰς
869 2617 940 2680 ποτὲ
967 2619 1020 2700 μέν
1046 2617 1120 2682 εἶναί
1149 2638 1236 2701 φησιν
1267 2616 1507 2703 Ἀριστοτέλης
1535 2617 1601 2694 δὺο,
1634 2618 1688 2700 τὴν
1714 2637 1744 2676 τε

382 2719 452 2802 ὑλην
485 2719 533 2781 καὶ
562 2718 595 2780 τὸ
618 2717 708 2794 εἶδος,
741 2719 829 2784 δοιαὶ
852 2721 967 2804 μορφὴν
990 2721 1142 2784 καλεῖταί
1165 2719 1345 2805 ἐντελέχειαν
1367 2719 1416 2784 καί
1437 2720 1472 2782 τδ
1493 2719 1521 2782 τί
1542 2717 1578 2804 ὴν
1600 2717 1673 2781 εἶναι
1696 2715 1742 2778 καλ

344 2839 365 2876 ιο
378 2819 478 2884 οὐσίαν
500 2820 553 2905 τὴν
575 2820 649 2884 κατὰ
671 2821 838 2904 τὸνλόγον,
860 2823 908 2886 καλ
931 2822 1091 2906 ἐνέργειαν·
1116 2821 1210 2892 οὑτως
1236 2821 1319 2907 αὑτῷ
1341 2821 1479 2886 πλούσιόν
1507 2844 1539 2884 τε
1560 2822 1608 2884 καί
1630 2821 1743 2884 πολυὺ·

380 2922 468 3005 νομόν
491 2923 551 2988 ἐστι
573 2923 607 2985 τὺ
623 2921 708 2992 εἶδος.
731 2929 868 2988 τοσοῦτον
891 2925 943 3007 μὲν
965 2922 1016 2988 οὑν
1038 2924 1183 3010 διαφέρειν
1206 2926 1240 2988 τδ
1262 2923 1338 2994 εἶδος
1359 2929 1412 3009 τὴς
1434 2928 1559 3010 μορφῆς,
1582 2924 1625 2988 ότι
1640 2924 1675 2986 τδ
1692 2922 1742 3006 μέν

379 3025 440 3088 ἐστι
454 3025 555 3110 διὴκον
570 3025 618 3088 διὰ
634 3026 753 3110 βάθους,
768 3028 788 3110 ὴ
803 3024 826 3090 δ’
846 3027 1024 3098 ἐπιπολαῖος·
1046 3028 1095 3091 καὶ
1110 3029 1130 3112 ἡ
1146 3027 1198 3110 μὲν
1213 3028 1415 3111 παραπλήσιος
1429 3027 1580 3110 λευκότητι
1592 3025 1659 3110 (τῇ)
1671 3023 1742 3090 κατὰ

379 3127 432 3212 τὴν
455 3127 633 3213 ζῳγραφίαν,
655 3127 690 3190 τὺ
711 3125 733 3190 δ’
754 3128 895 3194 είδοποιεῖ
914 3131 966 3214 τὴν
987 3134 1040 3194 τοὺ
1062 3133 1203 3214 γαλακτος
1225 3127 1340 3194 οόσίαν·
1362 3129 1467 3194 ταότδν
1490 3127 1515 3194 δ’
1536 3129 1612 3199 εἶδος
1631 3129 1743 3211 λέγεται

380 3228 450 3300 καθ’
478 3231 547 3295 ὅσον
575 3229 609 3292 τδ
636 3229 689 3311 μὲν
715 3230 854 3294 είδοποιεῖ
882 3233 915 3296 τδ
942 3232 975 3295 δέ
1002 3233 1159 3318 διαμορφοῖ
1184 3232 1236 3316 τὴν
1264 3233 1344 3316 ὑλην.
1383 3230 1563 3316 ἐντελέχειαν
1589 3228 1646 3314 (δ’)
1673 3229 1742 3294 αὐτὸ

343 3349 368 3389 ιο
379 3335 534 3416 προσεῖπεν
557 3330 622 3416 ὴτοι
645 3331 748 3396 διὰτὸ
770 3333 931 3418 ἐνδελεχῶς
953 3335 1094 3419 ὑπάρχειν
1115 3335 1135 3419 ὴ
1159 3335 1202 3398 ὅτι
1224 3337 1282 3397 τῶν
1306 3331 1487 3416 μετεχόντων
1510 3333 1600 3396 αὑτοῦ
1622 3334 1742 3397 ἕκαστον

380 3435 540 3520 παρέχεται
555 3435 678 3499 τέλειον·
703 3435 719 3498 ὑ
735 3433 789 3518 γὰρ
804 3437 915 3519 χαλκὸς
930 3437 1045 3520 ἀνδριὰς
1060 3436 1177 3500 οὐδέπω
1193 3437 1268 3520 πλὴν
1284 3437 1328 3500 ὑτι
1344 3435 1385 3520 μὴ
1402 3436 1531 3518 δυνάμει,
1554 3433 1741 3500 διαπλασθεὶς

381 3539 414 3600 δέ
435 3539 484 3602 καὶ
510 3538 563 3621 τὴν
589 3536 754 3621 πρόσφορον
780 3537 877 3622 λαβὼν
901 3539 1015 3624 μορφὴν
1038 3538 1202 3624 ἐντελεχείᾳ
1224 3538 1349 3620 λέγεται·
1378 3537 1444 3602 τότε
1466 3527 1521 3622 ιγολρ
1543 3539 1689 3624 ἀπειληφε
1710 3535 1741 3597 τὸ

380 3639 472 3709 τέλος.
509 3639 543 3702 τδ
572 3637 605 3700 δέ
629 3636 659 3700 τί
684 3636 721 3722 ἧν
749 3637 821 3704 εἶναι
851 3640 1066 3724 προσηγόρευσε
1092 3642 1171 3726 παρὰ
1198 3643 1232 3706 τὸ
1259 3644 1318 3703 τῶν
1349 3637 1439 3702 όντων
1461 3639 1605 3724 ἐπιφέρειν
1627 3641 1740 3720 ἑκάστῳ

381 3741 433 3824 τὴν
460 3745 513 3804 τοὺ
541 3738 612 3802 εῖναι
639 3738 768 3822 δύναμιν.
806 3741 905 3807 οὐσίαν
933 3743 966 3807 δὲ
991 3744 1043 3826 τὴν
1070 3742 1145 3808 κατὰ
1167 3744 1216 3806 τόν
1238 3743 1323 3826 λόγον
1346 3742 1390 3806 ότι
1413 3743 1572 3806 διαλλάττει
1595 3747 1647 3826 τῆς
1670 3739 1740 3805 κατὰ

342 3843 538 4008 τινι
557 3845 598 4008 ι
620 3841 941 4011 ιδιῗῑιιῑιιί

381 4047 455 4111 κατὰ
483 4048 532 4111 τόν
553 3967 649 4131 λόὴόθ
675 3969 768 4113 οὐῖτία.
806 4007 948 4134 ἐνέργειαν
960 3971 1012 4112 τόέ
1034 3971 1170 4114 ἐκέςλέσεν
1189 3971 1237 4113 όῖι
1259 3969 1440 4113 τῶῖιμόντῖένη
1454 3994 1542 4112 οὐθὲν
1565 4047 1600 4111 ἐν
1621 3982 1739 4132 ἐνεργεῖί

381 4149 501 4214 ἐδὺνατο
525 4151 566 4237 μὴ
589 4148 727 4236 πρότερον
749 4149 944 4234 είδοποιηθέν.
1108 4163 1110 4168 ’

1088 4325 1288 4336 ...m-..-

419 4431 430 4481 l
446 4431 477 4481 de
490 4440 593 4483 υυοτοτο
603 4433 669 4482 Ario
678 4432 733 4482 dixi
741 4431 813 4482 Prol.
824 4447 848 4496 ρ.
860 4428 937 4494 73uq.
948 4445 969 4480 ιι
980 4445 996 4481 v
1008 4446 1037 4482 νι
1088 4427 1189 4488 λὺδοξος
1200 4425 1213 4498 Η
1225 4430 1343 4480 τοσοῦτον
1355 4445 1446 4496 apogr.
1457 4427 1517 4491 VA,
1528 4425 1640 4497 τοσοὺτιρ
1653 4429 1715 4492 (F)C
1725 4421 1737 4492 Η

381 4533 422 4569 vn
444 4515 459 4585 Η
479 4518 495 4572 3
513 4515 542 4570 τό
560 4514 668 4576 alioqu:
687 4515 799 4568 κατὰτὸ
818 4512 972 4584 εἶδοςΟΗέ
990 4513 1038 4584 οὑχ
1092 4515 1123 4568 17
1142 4512 1294 4573 ἐπιπολαίως
1315 4519 1354 4567 A:
1379 4533 1444 4567 corr.
1463 4513 1582 4568 Guisiord
1602 4513 1616 4580 Η
1632 4517 1665 4584 τῇ
1684 4513 1736 4567 udd.

379 4600 417 4655 ότι
430 4601 459 4655 οὑ
471 4603 597 4673 μόνονΛι
612 4623 675 4658 corr.
687 4609 788 4658 Usener
804 4601 817 4671 Η
837 4599 893 4654 ὑόν
903 4604 962 4654 udd.
972 4605 1038 4654 Mei·
1091 4605 1190 4655 Usener
1210 4599 1223 4671 Η
1245 4603 1277 4656 18
1293 4601 1323 4656 τό
1340 4602 1366 4655 δὲ
1383 4601 1414 4672 δὴ
1437 4599 1492 4670 περὶ
1513 4599 1560 4670 τὴν
1573 4604 1668 4653 τοὺΑι
1687 4617 1736 4652 uor-

380 4693 447 4742 πεΙτε
461 4687 476 4760 Η
489 4691 556 4744 κατὰ
567 4691 642 4744 rivo
657 4690 670 4760 Η
688 4693 720 4745 10
730 4690 790 4744 εἶναι
801 4693 866 4742 Ario
878 4693 1037 4743 condonabis
1088 4693 1144 4743 rexi
1159 4687 1172 4760 Η
1190 4689 1264 4743 19τὺ
1283 4688 1401 4760 μίν-τό
1418 4687 1445 4740 ὑλ
1464 4697 1558 4740 σι-αι
1573 4685 1593 4756 Η
1604 4685 1624 4739 δ’
1645 4689 1737 4740 addidit

418 4777 449 4830 13
467 4779 499 4830 de
518 4779 583 4831 Ario
603 4789 707 4830 auctore
727 4781 780 4831 dixi
801 4779 871 4830 Prol.
895 4795 920 4844 p.
934 4776 1012 4842 73sq.
1027 4794 1035 4828 ι
1089 4781 1191 4830 Ηεοτειι
1205 4775 1219 4845 Η
1234 4775 1269 4829 θθ
1282 4775 1417 4846 ἐνδελεχῶς
1429 4779 1466 4828 sic
1478 4777 1504 4826 Δ
1518 4773 1531 4842 Η
1546 4773 1580 4826 22
1593 4776 1692 4846 μορφὴν
1704 4771 1735 4826 ἐν·

381 4883 402 4917 τι
418 4883 446 4918 ιν
461 4883 490 4917 v1
505 4883 546 4918 vn
567 4863 581 4934 Η
603 4865 636 4919 15
653 4863 818 4933 πολυώνυμον
841 4867 873 4917 εἰ.
897 4867 976 4916 Arius
1005 4865 1037 4916 de
1087 4863 1199 4933 πελίχεια
1209 4865 1243 4916 0:
1256 4863 1352 4934 τροφὴν
1364 4859 1532 4932 ίνδελέχειαΕ
1547 4861 1559 4930 Η
1574 4861 1608 4917 26
1620 4861 1666 4932 γὰρ
1679 4859 1692 4912 θ
1703 4861 1734 4910 λι

379 4955 491 5006 Platone
510 4956 559 5006 ecl.
579 4955 630 5006 eth.
650 4955 666 5008 6
685 4952 738 5020 θρ.
754 4951 787 5008 68
800 4952 854 5004 ει4
873 4970 898 5018 p.
911 4950 945 5004 82
969 4947 1036 5004 Πλά-
1088 4955 1197 5004 correxi.
1222 4953 1345 5003 articulus
1363 4961 1422 5003 ante
1440 4953 1576 5002 relativum
1593 4953 1642 5002 hue
1658 4955 1735 5001 εειοιε

379 5057 432 5091 των
449 5038 597 5110 πολὺφωνος
616 5039 661 5106 όιν,
679 5039 728 5111 οὑχ
746 5038 781 5099 ὥς
799 5056 862 5098 τινες
881 5037 973 5092 οἴονται
991 5055 1035 5091 πο·
1088 5055 1141 5090 uon
1154 5041 1301 5103 infrequens
1322 5036 1334 5106 Η
1356 5036 1390 5092 28
1407 5035 1509 5089 ἐδὺνατο
1532 5039 1570 5088 F:
1594 5034 1697 5089 ἀδὺνατο
1717 5031 1734 5081 C
