3710 5730
335 1299 596 1363 HERMANNUS
617 1299 843 1364 otuaesttts
864 1299 1097 1364 HERMANNO
1123 1301 1312 1365 USENERO
1334 1301 1366 1364 S.

254 1589 324 1651 Non
347 1587 517 1667 mirabere,
537 1595 724 1670 praeceptor
745 1589 921 1666 carissime,
945 1609 965 1652 a
988 1589 1063 1652 Tuo
1086 1590 1208 1653 nomine
1230 1591 1313 1672 quod
1335 1593 1531 1672 auspicatum

167 1693 240 1756 oolo
262 1693 321 1754 boc
341 1690 624 1772 Doooqraplsorum
644 1691 794 1753 columen.
832 1689 945 1753 Tuum
967 1694 1047 1755 enim
1069 1699 1114 1755 est
1136 1693 1303 1774 quodiam
1327 1693 1410 1756 Tibi
1430 1695 1529 1757 reddo

168 1813 266 1875 neque
287 1793 322 1856 id
343 1813 405 1856 uno
427 1794 550 1858 nomine
567 1793 687 1856 Tuum.
724 1795 869 1856 nimirum
890 1794 961 1873 tata
981 1815 1041 1858 sua
1061 1797 1152 1860 babet
1174 1806 1203 1858 et
1223 1797 1275 1858 bic
1297 1795 1427 1873 libellus,
1451 1815 1530 1878 quae

168 1915 321 1960 enarrare
345 1915 443 1978 neque
468 1895 671 1959 iniucundum
695 1896 817 1958 uidetur
844 1903 874 1959 et
903 1907 984 1960 certe
1010 1899 1119 1962 utilius
1147 1919 1238 1982 mom
1261 1899 1343 1980 quod
1364 1901 1464 1962 solent
1491 1899 1529 1961 de

167 2001 290 2063 ratione
315 2017 376 2061 sua
406 2009 434 2061 et
460 1999 600 2062 instituto
626 2001 827 2080 prooemiari.
873 1999 920 2062 Tu
947 2000 1042 2081 iqitur
1069 2021 1138 2063 oum
1165 2011 1236 2064 ante
1258 2003 1368 2082 oiqinti
1395 2011 1423 2064 et
1446 2003 1529 2082 quod

167 2109 308 2182 superest
322 2119 424 2164 annos
440 2101 642 2182 lbeoplsrasti
656 2120 755 2164 sousa
768 2103 890 2168 Placita
912 2103 1068 2182 attiqlsses
1088 2107 1261 2186 spretisque
1280 2105 1421 2185 priorum
1443 2123 1529 2166 som-

167 2207 231 2268 niis
250 2207 371 2285 primus
391 2212 499 2268 ceram
520 2223 626 2267 eomsm
646 2204 782 2266 indolem
799 2206 977 2285 perspicere
992 2207 1156 2285 coepisses,
1178 2207 1318 2269 salutare
1336 2207 1435 2270 iniisti
1449 2225 1528 2270 con·

167 2309 272 2372 silium
294 2307 462 2388 colliqendi
482 2305 633 2387 quidquid
646 2307 777 2369 istarum
792 2307 965 2370 litterarum
978 2317 1162 2390 superesset,
1184 2309 1267 2373 unde
1289 2319 1317 2371 et
1339 2312 1426 2391 oripo
1449 2329 1528 2390 ope-

167 2414 283 2475 riretur
316 2421 354 2474 et·
377 2429 435 2490 per
466 2417 634 2490 temporum
664 2411 827 2473 decursum
857 2412 1057 2492 propaqatio.
1103 2415 1234 2476 occessit
1265 2413 1372 2476 socius
1405 2414 1528 2476 oorssilii

169 2515 202 2577 0.
229 2512 535 2586 Waclssmutbius,
557 2513 610 2592 qui
631 2511 758 2574 Laertio
781 2521 809 2575 et
831 2512 1020 2594 Bioqrapltis
1046 2515 1127 2578 idem
1152 2535 1186 2578 se
1214 2517 1365 2578 aemilium
1394 2517 1529 2578 laturum

167 2615 383 2698 pollicebatur.
421 2616 474 2696 qui
495 2633 564 2676 cum
583 2615 680 2694 paulo
700 2623 773 2694 post
794 2616 827 2677 in
841 2617 967 2678 ltaliam
988 2617 1147 2697 profectus
1168 2625 1256 2694 esset,
1279 2620 1431 2699 eqreqium
1453 2637 1528 2680 aon-

169 2720 303 2781 latorum
330 2717 471 2780 ecdicum
504 2725 693 2798 apparatum
725 2719 885 2798 oonqessit.
930 2719 985 2781 sed
1011 2739 1084 2782 mou
1111 2740 1180 2783 cum
1211 2725 1246 2784 in
1278 2721 1373 2783 alium
1402 2729 1529 2801 uterque

168 2821 344 2884 studiorum
365 2839 508 2901 campum
531 2829 704 2896 uocaretur,
727 2821 845 2900 factum
867 2830 911 2882 est
932 2831 965 2883 ut
976 2823 1104 2902 pristini
1119 2825 1243 2887 consilii
1258 2825 1356 2886 ardor
1375 2824 1529 2904 paulatim

168 2923 393 3005 refriqeseeret.
437 2941 476 2986 ae
502 2922 695 2986 metuendum
721 2932 804 2998 erat,
831 2943 870 2986 ne
898 2943 934 2985 eo
957 2925 1118 3004 difficilior
1138 2928 1224 3006 fieret
1246 2947 1306 3008 qao
1328 2929 1428 3007 maqis
1448 2945 1528 3006 pro-

170 3028 397 3090 crastinaretur
412 3025 510 3089 labor.
540 3045 639 3108 quare
655 3025 705 3088 Tu
720 3025 842 3107 quidem
855 3027 1006 3089 uicarium
1022 3029 1258 3109 circssmspiaere
1273 3032 1402 3111 coepisti
1417 3037 1446 3092 et
1460 3048 1528 3090 cum

170 3141 241 3194 onte
259 3139 302 3188 xt
317 3147 417 3192 annos
430 3128 682 3210 ptuosoptwmm
697 3128 906 3191 Hennensium
920 3130 999 3192 ordo
1014 3149 1099 3194 more
1119 3134 1272 3194 maiorum
1294 3133 1337 3194 ad
1359 3135 1529 3194 certamina

169 3233 382 3296 adulescentes
395 3233 552 3306 incitaret,
575 3242 685 3296 auctor
697 3233 797 3312 fuisti,
819 3241 852 3294 ut
867 3233 1054 3295 Placitorum
1068 3236 1217 3296 mensoria
1238 3235 1428 3314 explicanda
1449 3254 1529 3316 pro-

167 3345 343 3417 poneretur.
387 3335 509 3397 interim
536 3355 584 3397 mc
608 3343 643 3397 ut
666 3335 838 3415 perieulum
857 3335 993 3414 tacmem
1019 3336 1115 3415 facile
1138 3339 1333 3417 persuasisti.
1377 3357 1450 3400 nom
1473 3339 1529 3400 etsi

170 3459 262 3522 quam
282 3437 433 3519 impedita
455 3444 533 3500 esset
555 3439 695 3518 quaestio
715 3437 969 3522 haudquaquam
983 3459 1030 3502 me
1053 3441 1220 3516 celaveras,
1244 3449 1345 3502 tomen
1366 3442 1439 3522 ipsa
1461 3441 1528 3522 dif-

166 3541 289 3622 fieultos
310 3541 473 3602 iuvenilem
488 3538 633 3602 ardorem
652 3542 798 3604 eneitaoit
820 3547 850 3604 et
871 3541 985 3621 effecit,
1008 3551 1042 3604 ut
1063 3545 1149 3606 intra
1167 3545 1372 3624 perseipsum
1393 3546 1528 3624 spatium

168 3651 262 3706 totum
287 3641 414 3704 illarum
440 3641 613 3704 litterarum
641 3643 743 3706 orbem
768 3663 970 3725 peroqrorem
996 3653 1026 3707 et
1052 3653 1191 3708 eetremo
1213 3648 1403 3728 quaestionis
1425 3647 1528 3709 tinea-

167 3753 270 3808 menta
299 3752 382 3807 reete
406 3746 585 3826 plerumque
611 3747 836 3810 adumbrarem.
880 3748 936 3810 sed
968 3748 1118 3827 festinato
1152 3751 1215 3812 ista
1245 3749 1352 3812 studia
1383 3751 1440 3812 etei
1472 3769 1529 3811 nec

171 3848 249 3911 Tibi
270 3867 327 3909 nec
348 3848 453 3910 ordini
474 3848 671 3930 displicuere,
694 3859 840 3932 quantum
862 3868 883 3911 a
903 3851 1103 3930 perfectionis
1125 3851 1219 3914 laude
1240 3851 1389 3929 obessent,
1417 3854 1528 3932 optime

166 3953 234 4032 ipse
253 3951 402 4013 intelleci.
446 3971 519 4016 nam
540 3952 686 4016 utendum
706 3953 782 4016 mibi
803 3961 871 4014 erat
893 3953 1077 4018 editionibus
1107 3955 1301 4037 oulqaribus,
1331 3975 1410 4037 quae
1437 3972 1528 4036 quam

166 4053 301 4132 fallaces
330 4063 444 4130 essent,
478 4055 694 4120 Waabsmutbii
719 4057 840 4120 sebedis
867 4055 993 4119 edoctus
1020 4076 1116 4120 eram
1157 4061 1262 4140 itaque
1287 4067 1450 4140 postquam
1475 4059 1528 4119 in-

165 4159 247 4238 siqni
274 4157 386 4219 Galeni
413 4159 553 4238 exemplo
585 4159 795 4222 incredibilem
825 4159 912 4220 illam
946 4163 1174 4241 corruptionem
1200 4163 1292 4223 etiam
1317 4162 1528 4242 publicorum

166 4267 308 4333 testatus,
338 4259 401 4321 iom
427 4259 577 4323 editiones
602 4261 793 4324 Placitorum
818 4260 861 4324 ad
883 4265 1029 4342 optimam
1051 4264 1191 4326 codicum
1210 4265 1302 4344 fidem
1322 4263 1529 4328 recensendas

166 4362 240 4424 mibi
263 4363 424 4442 proposui.
470 4383 559 4444 quem
585 4364 628 4427 ad
647 4366 738 4443 fineen
765 4364 837 4425 dum
866 4373 920 4427 aut
946 4369 1014 4446 ipse
1037 4367 1217 4446 perambulo
1244 4367 1445 4431 bibliothecas
1473 4375 1528 4428 out

167 4466 286 4528 amicos
305 4465 450 4544 precibus
470 4466 585 4550 subpo,
614 4487 684 4530 ecee
704 4487 904 4549 proqramma
926 4469 1070 4548 adfertur
1097 4470 1136 4534 ab
1158 4471 1330 4534 Academia
1358 4472 1529 4533 litterarum

166 4567 368 4631 berolinensi
388 4587 428 4631 m.
450 4570 533 4633 lulio
556 4589 585 4634 a.
609 4575 863 4630 nucccexxtr
882 4574 1094 4653 propositum:

250 4670 476 4745 „Platorem
498 4675 561 4753 qui
587 4674 765 4752 seruntur
788 4671 877 4734 libri
904 4674 987 4758 περὶ
1016 4677 1085 4736 τῶν
1114 4673 1341 4758 ἀρεσκόντων
1363 4677 1439 4743 τοῖς
1469 4698 1526 4758 φι-

251 4771 429 4858 λοσόφοις
451 4776 632 4854 quomodo
655 4783 688 4836 et
713 4775 866 4855 quando
890 4779 1026 4856 scripti
1047 4779 1136 4852 siut,
1164 4780 1402 4858 inquiratur,
1430 4796 1527 4858 quae

250 4877 352 4937 ratio
382 4879 481 4940 inter
503 4895 583 4940 eam
605 4877 910 4958 compilationem
935 4881 1150 4961 similesque
1173 4883 1273 4943 alios
1295 4881 1526 4957 intercedat,

251 4986 474 5056 eaponatur,
498 4983 561 5062 qui
582 4991 760 5070 auctores
782 5000 852 5062 qua
873 4985 1027 5046 ratione
1046 5003 1067 5046 a
1089 4985 1339 5064 compilatore
1361 4983 1525 5046 adbibiti

251 5079 346 5156 sint,
375 5081 679 5147 determinetur.“
