3708 5738
249 439 380 490 CICERO
392 439 442 487 DE
452 436 560 487 DEOR.
571 435 653 486 NAT.
665 436 678 484 Ι
690 431 722 486 13
732 443 764 482 31.
773 443 798 480 ³³
885 432 1091 484 PHILODEMI
1100 432 1149 481 DE
1161 431 1253 480 PIET.
1264 430 1316 480 FR.
1327 444 1348 479 c.
1359 425 1394 479 7b
1479 423 1542 488 539

220 626 379 690 eamque
422 605 642 688 animalem,
693 603 833 671 evellere
980 601 1110 684 ιγαθῶν
1125 600 1208 670 θείας
1221 596 1356 684 λέ(γ)ω(ν

221 729 262 776 ex
295 707 412 774 animis
449 714 584 774 conatur
617 705 833 790 cognitionem
1012 705 1155 786 δυνάμεις,
1170 703 1243 766 πολὺ
1259 701 1306 786 (δὲ
1320 725 1369 764 κα·

220 812 365 878 deorum.
1011 805 1199 890 ταδεεστέρας
1221 806 1269 868 καὶ
1292 804 1336 867 ἐλ-

256 913 575 996 Aristotelesque
589 912 628 977 in
643 911 762 978 tertio
778 911 876 976 Dese
1014 904 1205 994 1000600101.
1220 905 1287 992 παρ’
1300 904 1390 990 Ἀρισ-

191 1014 483 1101 sphilosophiu
498 1013 603 1080 libro
622 1015 744 1079 multa
759 995 853 1078 tur?
1014 1012 1124 1074 τοτέλει
1146 1009 1171 1074 δ’
1193 1011 1223 1074 ἐν
1245 1015 1287 1095 τῷ
1303 1009 1359 1093 τφί-

223 1119 306 1203 bat,
331 1138 353 1184 a
374 1118 562 1201 magistro
582 1136 655 1182 non
673 1112 834 1203 [Platone]
972 1141 996 1180 ιο
1013 1137 1055 1198 τιφ
1079 1113 1150 1197 Περὶ
1172 1111 1344 1198 φιλοσοφίας

223 1220 468 1288 dissentiens.
485 1219 592 1286 modo
605 1219 706 1287 onim
717 1219 834 1284 menti

160 1351 163 1359 ·
224 1323 362 1390 tribuit
395 1342 540 1388 omnem
574 1321 833 1403 divinitatem,

222 1425 332 1492 modo
363 1424 541 1489 mundum
570 1423 695 1508 ipsum
726 1422 833 1488 deum

184 1553 208 1594 ιι
226 1527 321 1592 dicit
343 1545 442 1610 esse,
464 1525 573 1590 modo
589 1525 705 1591 alium
720 1545 835 1608 quen·

222 1630 309 1694 dam
345 1626 529 1714 praeficit
555 1627 693 1694 mundo
722 1627 835 1712 eique

223 1750 289 1798 eas
316 1731 441 1816 partis
467 1728 621 1814 tribuit,
651 1735 691 1794 ut
718 1729 835 1814 repli-

225 1833 381 1900 oetione
411 1832 577 1916 quadum
605 1831 732 1897 mundi
759 1853 836 1897 mo-

224 1941 304 2000 tum
352 1941 464 2018 regat
507 1939 621 2017 atque
665 1941 834 2020 tueatur,

180 2065 204 2105 ιι
223 2045 300 2104 tum
322 2037 423 2104 oceli
445 2037 625 2103 ardorem
649 2035 761 2103 deum
783 2039 836 2104 di·

180 2327 369 2381 turonens
392 2345 493 2397 quoque
516 2333 599 2382 Orelli
629 2329 641 2398 1
675 2333 690 2386 6
713 2333 837 2401 nequire
887 2343 1002 2399 spectare
1022 2344 1129 2400 possunt
1147 2338 1191 2399 qui
1210 2339 1287 2386 eriam
1305 2336 1392 2385 bestiis
1411 2343 1542 2384 aeternnm

180 2432 233 2466 ιιιιο
260 2415 372 2468 Platone
401 2418 559 2469 dissentiens
582 2417 618 2471 il:
646 2421 731 2470 delevi
758 2424 835 2472 inter·
888 2431 999 2472 mentem
1026 2423 1147 2474 adscribit
1178 2426 1209 2473 01.
1240 2425 1387 2488 Olympiod.
1411 2423 1490 2474 schol.
1514 2426 1541 2472 in

181 2513 376 2570 pretumenlum.
403 2521 460 2556 uon
482 2514 541 2572 post
564 2505 679 2557 Platone
698 2509 776 2572 vulgo
795 2511 834 2560 in·
888 2510 987 2560 Phsed.
1011 2527 1035 2574 φ.
1050 2509 1092 2570 98,
1106 2507 1136 2560 12
1160 2511 1273 2560 Finckh:
1306 2509 1329 2559 ol
1352 2509 1378 2560 δὲ
1401 2509 1477 2578 μέχρι
1496 2511 1543 2576 τῆς

181 2601 269 2644 serunt
287 2595 433 2644 Medullum
452 2597 545 2655 secuti,
563 2595 689 2661 mnyieiro
707 2611 754 2645 οαο
772 2593 835 2645 Pla·
889 2593 988 2662 ἀλογίας
1012 2591 1254 2660 (ἀπαθανατίζουσιν)
1283 2597 1319 2654 ὡς
1346 2601 1398 2648 τῶν
1425 2595 1470 2661 μὲν
1493 2612 1539 2645 πα-

182 2687 240 2730 tone
270 2697 303 2732 ex
333 2681 514 2744 Rhedigereuo
548 2681 638 2732 Bsiter
673 2683 836 2734 Schoemsnn
889 2679 967 2733 λαιῶν
994 2677 1150 2753 Ξενοκράτης
1183 2686 1226 2738 καὶ
1253 2681 1416 2740 Σπείισιπτος.
1451 2685 1481 2733 01.
1510 2683 1542 2733 de

183 2766 212 2816 C.
231 2767 260 2817 F.
279 2770 322 2820 W.
342 2769 452 2819 Mueller
888 2773 1036 2822 Xenocrate
1060 2773 1140 2823 Clem.
1164 2775 1258 2825 Strom.
1276 2776 1301 2823 V
1324 2791 1349 2842 p.
1367 2771 1418 2825 500
1431 2774 1461 2823 Ρ.
1488 2767 1500 2838 1
1525 2769 1543 2822 4

886 2856 1043 2909 Aristotelen
1066 2859 1096 2910 in
1118 2861 1195 2912 lertio
1214 2861 1256 2912 De
1275 2859 1443 2926 philosophia
1465 2861 1495 2910 ir.
1509 2857 1542 2909 21

887 2963 912 3011 ρ.
928 2942 1052 2998 1477118
1071 2951 1102 2999 01.
1125 2951 1157 2999 V.
1177 2951 1246 3001 Rose
1269 2951 1317 2998 Ar.
1336 2949 1431 3000 Pseud.
1456 2964 1481 3013 p.
1498 2943 1541 2998 45.

887 3049 919 3096 err
939 3035 1064 3088 Cicerone
1088 3039 1183 3101 pendet
1207 3039 1289 3088 Clem.
1307 3044 1387 3101 proir.
1406 3053 1431 3100 p.
1449 3031 1484 3084 58
1511 3034 1544 3083 01.

886 3123 957 3172 Prol.
976 3140 1001 3187 p.
1016 3121 1064 3174 131
1093 3119 1104 3189 11
1130 3123 1245 3175 lucenti
1267 3122 1360 3173 tribuit
1383 3136 1483 3172 omnem
1502 3119 1544 3170 di·

886 3207 1036 3260 vinitatem:
1063 3213 1094 3260 ct.
1117 3213 1164 3260 Ar.
1187 3213 1300 3276 metaph.
1322 3205 1489 3275 1010741315
1512 3205 1544 3257 τὰ

886 3293 912 3346 δὲ
936 3297 991 3364 περὶ
1017 3295 1060 3348 τὸν
1087 3301 1143 3348 νοῦν
1166 3296 1219 3367 ἔχει
1241 3297 1308 3354 τινὰς
1335 3295 1445 3363 ἀπορίας.
1476 3291 1546 3344 δοκεῖ

886 3381 931 3448 μὲν
954 3383 999 3451 γὰρ
1023 3383 1083 3435 εἶναι
1105 3389 1158 3436 τῶν
1180 3383 1336 3453 φαινομένων
1358 3379 1486 3433 θειότατον
1513 3383 1544 3430 01.

885 3472 953 3521 Plst.
972 3474 1034 3535 Leg.
1054 3475 1080 3523 X
1099 3491 1122 3538 p.
1133 3473 1207 3525 8070
1239 3469 1242 3538 1
1264 3472 1279 3524 9
1299 3468 1424 3520 οιαιιιίιιιιι
1443 3469 1541 3535 ipsum:

887 3557 918 3607 01.
932 3556 1034 3622 [Philo]
1047 3561 1078 3610 de
1093 3563 1186 3610 incorr.
1198 3561 1285 3610 mund.
1304 3576 1329 3624 p.
1343 3553 1446 3616 222,13
1465 3557 1544 3606 Bern.

887 3645 977 3704 (Arist.
996 3647 1026 3696 ir.
1042 3647 1073 3698 17
1092 3665 1116 3712 p.
1131 3645 1266 3706 1477210)
1286 3643 1366 3713 δεινὴν
1379 3641 1404 3693 δὲ
1418 3637 1543 3711 ἀθεότητα

886 3732 1055 3800 κατεγίνωσκε
1081 3739 1132 3784 τῶν
1159 3733 1190 3784 τὰ
1218 3732 1315 3784 ἐναντία
1343 3728 1494 3794 διεξιόντων,
1521 3729 1544 3782 οἳ

885 3826 937 3872 τῶν
963 3820 1139 3890 χειροκμήτων
1166 3817 1236 3872 οὐδὲν
1264 3816 1385 3889 ditinum
1419 3817 1542 3887 διαφέρειν

885 3910 1004 3959 τοσοῦτον
1027 3905 1115 3978 ὁρατὸν
1137 3905 1194 3960 θεὸν
1216 3907 1287 3977 ἥλιον
1309 3907 1353 3959 καί
1372 3905 1477 3975 σελήνην
1496 3907 1540 3958 καλ

885 3994 914 4046 τὸ
933 3993 994 4046 ἄλλο
1013 4001 1065 4046 τῶν
1083 3993 1218 4064 πλανητῶν
1235 3995 1279 4046 καὶ
1292 3993 1410 4047 ἀπλανῶν
1429 3993 1464 4052 ῶς
1482 3992 1543 4064 ἀλη-

885 4079 939 4140 θῶς
958 4082 1105 4150 περιέχοντα
1123 4079 1271 4134 τάνθειον
1293 4085 1323 4134 01.
1348 4084 1380 4134 de
1400 4086 1472 4134 caelo
1487 4085 1514 4134 11
1530 4083 1542 4133 1

886 4187 910 4234 p.
922 4169 1015 4221 284⁸4
1034 4173 1093 4222 Ast.
1112 4173 1184 4223 Pluc.
1194 4173 1217 4220 V
1233 4169 1288 4222 201
1307 4166 1414 4222 Πλάτων
1426 4169 1470 4221 καὶ
1482 4165 1541 4238 Ἀρι-

888 4255 1007 4326 στοτέλης
1024 4293 1073 4308 ...
1091 4255 1133 4308 τὸν
1152 4257 1246 4324 κόσμον
1266 4255 1359 4310 καύτὸν
1378 4253 1462 4309 ἔνθεον
1480 4257 1544 4326 ζῷον

886 4343 985 4412 λογικὸν
998 4341 1122 4397 ἀίίοίνατον
1137 4343 1149 4410 i.
1166 4345 1198 4397 10
1208 4344 1285 4396 modo
1298 4344 1542 4396 alium-tueatur:

886 4435 917 4484 ci.
935 4435 1008 4484 Plec.
1021 4435 1034 4484 1
1048 4433 1063 4484 7
1076 4443 1099 4481 ti
1117 4428 1285 4501 Ἀριστοτέλης
1303 4430 1345 4483 τὸν
1363 4431 1407 4498 μὲν
1420 4431 1543 4482 ἀνωτάτω

885 4516 943 4572 dedu
962 4517 1025 4578 εἶδος
1044 4518 1182 4589 χωριστόν,
1201 4517 1294 4584 ὁμοίως
1313 4515 1443 4580 Πλάτωνι,
1462 4517 1542 4586 ἐπιβε-

887 4607 984 4677 βηκότα
1011 4613 1043 4678 τῇ
1072 4607 1164 4677 σφαίρᾳ
1192 4610 1237 4658 τοῦ
1260 4605 1365 4669 παντός,
1392 4605 1446 4674 ἥτις
1476 4605 1542 4658 ἐστίν

886 4691 1031 4764 αίθέριον
1056 4701 1130 4763 σῶμα
1150 4733 1156 4746 .
1176 4731 1182 4745 .
1202 4731 1209 4746 .
1228 4690 1372 4760 κινούμενον
1395 4692 1543 4764 κυκλοφορι-

886 4788 940 4839 κῶς
953 4779 966 4848 11
980 4781 1012 4832 12
1025 4782 1198 4850 replicatione
1211 4781 1328 4848 quodam
1340 4781 1435 4832 ennodi
1450 4798 1542 4846 graeco

887 4872 1044 4935 respondent
1062 4869 1094 4938 τῇ
1112 4873 1157 4920 τοῦ
1176 4868 1267 4927 παντὸς
1286 4866 1396 4928 ἀνειλίξει
1416 4871 1485 4932 qnod
1504 4879 1543 4921 est

886 4960 954 5024 apud
973 4960 1110 5009 Platonem
1129 4959 1232 5008 Politic.
1251 4976 1276 5024 p.
1290 4955 1367 5008 2700
1390 4953 1401 5023 l!
1422 4955 1454 5008 15
1473 4956 1543 5008 caeli

886 5039 1542 5112 ardorem:originationemdudnebuibetvsequitur,
