3708 5738
353 387 416 451 504
740 385 996 438 THEOPHRASTI
1014 383 1154 437 PHYSlC.
1174 385 1334 436 OPINION.

402 557 456 640 γάρ
479 555 562 634 εἰναι,
590 555 661 619 διότι

711 658 859 722 πλεῖστον
882 654 928 720 ἀπ’
956 657 1091 742 ἀλλήλων
1116 655 1245 742 διέχουσι
1262 704 1270 720 .
1287 705 1320 720 ..

556 760 640 842 γέννγγ
662 782 694 822 τε
715 761 814 843 κράσει
837 758 894 843 (τε)
916 759 963 823 καί
986 757 1090 822 εἴδεσιν
1112 757 1317 841 έκμακτοῖσιν.’

409 863 560 947 αἰσθήσεις
582 865 636 947 γάρ
657 885 734 932 τινας
756 862 776 944 ἢ
800 859 862 944 μετ’
890 861 1058 946 αἰσθήσεως
1079 865 1193 924 ποιοῦσι
1216 861 1268 944 τὴν
1291 863 1399 946 ἡδονήν
1421 863 1468 926 καί
1490 864 1543 946 τήν
1565 862 1677 945 λύπην,

411 965 487 1028 ὥστε
514 965 572 1050 οὐχ
606 965 697 1028 ἅπασι
724 965 830 1048 γίνεται
855 968 916 1033 τοῖς
943 964 1062 1045 ὁμοίοις.
1096 961 1138 1026 ἔτι
1169 963 1195 1026 εἰ
1225 963 1261 1026 τό
1289 969 1410 1047 συγγενῆ
1439 966 1564 1047 μαλιστα
1595 969 1703 1030 ποιεῑι

405 1069 457 1151 τὴν
481 1069 587 1152 ἡδονὴν
611 1067 640 1130 έν
663 1067 702 1150 τῇ
725 1067 800 1150 ἁφή,
822 1066 956 1150 καθάπερ
978 1066 1061 1150 φησί,
1082 1066 1118 1130 τὰ
1140 1067 1275 1150 σύμφυτα
1298 1065 1412 1148 μάλιστ’
1440 1067 1475 1130 ἀν
1496 1069 1603 1152 ήδοιτο
1627 1067 1678 1130 καί

407 1171 482 1239 ὅλαις
505 1169 686 1233 αἰσθάνοιτο·
714 1169 763 1231 διὰ
788 1173 847 1230 τῶν
869 1168 966 1232 αὐτῶν
993 1168 1047 1252 γὰρ
1078 1169 1227 1252 ποιεῖτὴν
1249 1166 1385 1252 αἴσθησιν
1407 1170 1455 1233 καί
1477 1171 1530 1253 τὴν
1553 1172 1678 1254 ἡδονήν.

359 1279 391 1332 17
410 1271 502 1335 καίτοι
524 1271 664 1340 πολλάκις
686 1270 890 1354 αἰσθανόμεναι
912 1271 1084 1354 λυπούμεθα
1106 1268 1171 1334 κατ’
1198 1270 1289 1354 αὐτὴν
1311 1271 1364 1354 τὴν
1386 1269 1533 1356 αἴσθησιν,
1556 1276 1600 1342 ὡς
1624 1269 1679 1357 (δ’)

405 1372 639 1457 Ἀναξαγόρας
654 1375 752 1458 φησίν,
775 1373 835 1436 ἀεί·
860 1377 954 1437 πᾶσαν
969 1373 1023 1456 γὰρ
1038 1371 1175 1456 αἴσθησιν
1197 1371 1270 1436 εἰναι
1293 1373 1365 1454 μετὰ
1387 1375 1488 1458 λύπης.
1527 1372 1569 1437 ἔτι
1595 1373 1622 1436 δ’
1644 1373 1675 1436 ἐν

407 1481 470 1546 ταῖς
492 1477 566 1540 κατὰ
595 1475 697 1559 μέρος·
727 1475 876 1560 συμβαίνει
902 1476 956 1559 γάρ
984 1481 1026 1560 τῷ
1051 1475 1144 1560 ὁμοίιρ
1166 1473 1295 1558 γίνεσθαι
1317 1477 1369 1560 τὴν
1391 1481 1510 1559 γνῶσιν·
1538 1477 1595 1560 τὴν
1619 1474 1675 1558 γὰρ
1693 1504 1715 1542 ιι

410 1577 554 1663 ὄψινὸταν
577 1579 611 1641 ἐκ
633 1579 723 1662 πυρὸς
745 1578 866 1640 καὶτοῦ
888 1577 1017 1640 ἐναντίου
1040 1580 1183 1662 συστήσγγ,
1204 1577 1238 1640 τὸ
1262 1579 1314 1660 μὲν
1335 1579 1438 1642 λευκὸν
1460 1579 1508 1642 καί
1528 1579 1562 1642 τὸ
1580 1578 1675 1662 μέλαν

412 1677 520 1744 δύναιτ’
549 1679 583 1744 ἀν
610 1685 670 1750 τοῖς
698 1681 809 1762 ὁμοίοις
835 1679 996 1763 γνωρίζειν,
1027 1679 1060 1741 τδ
1089 1679 1122 1742 δὲ
1148 1680 1233 1763 φαιδν
1260 1680 1308 1742 καί
1336 1680 1428 1744 τάλλα
1457 1685 1606 1766 χρώματα
1638 1678 1675 1742 τά

408 1781 495 1864 μικτὰ
510 1787 587 1867 πῶςγ
609 1781 677 1846 οὔτε
691 1783 745 1866 γάρ
759 1787 819 1851 τοῖς
835 1785 887 1844 τοῦ
902 1782 991 1864 πυρδς
1006 1779 1073 1844 οὔτε
1092 1785 1151 1851 τοῖς
1172 1786 1223 1844 τοῦ
1247 1781 1348 1852 ὕδατος
1367 1784 1467 1868 πόροις
1489 1781 1550 1848 οὔτ’
1572 1781 1676 1850 ἄλλοις

358 1895 391 1948 18
408 1887 487 1948 ποιεῖ
498 1889 602 1954 κοινοῖς
617 1885 647 1953 ἐξ
663 1886 785 1968 ἀμφοῖν·
809 1885 923 1966 ὁρῶμεν
940 1879 961 1944 δ’
978 1881 1061 1945 οὐδὲν
1077 1884 1162 1967 ἦττον
1178 1888 1269 1947 ταῦτα
1284 1889 1342 1948 τῶν
1358 1888 1469 1950 ἁπλῶν.
1610 1882 1677 1947 ἀτὸ·

408 2011 471 2056 πως
486 1988 519 2050 δὲ
542 1987 589 2050 καί
612 1988 656 2051 ὁτι
678 1987 714 2049 τά
737 1988 788 2069 μὲν
810 1985 932 2070 ἡμέρας,
953 1982 990 2046 τὰ
1011 1985 1045 2046 δὲ
1065 1985 1178 2070 νύκτωρ
1200 1988 1309 2068 μᾶλλον
1332 1988 1401 2072 ὁρᾷ·
1424 1990 1458 2051 τδ
1480 1988 1535 2072 γάρ
1550 1985 1673 2051 ἔλαττον
1692 2011 1713 2049 ιι

411 2095 468 2174 πῦρ
492 2092 548 2153 ὑπὸ
570 2095 621 2154 τοῦ
646 2089 777 2158 πλείονος
798 2087 964 2172 φθείρεται,
991 2087 1035 2150 διδ
1058 2089 1106 2151 καί
1128 2088 1200 2172 πρὸς
1221 2090 1270 2152 τδν
1293 2090 1374 2173 ἥλιον
1396 2090 1444 2153 καὶ
1468 2091 1544 2158 ὁλως
1566 2091 1602 2153 τδ
1625 2111 1674 2151 κα·

409 2193 500 2276 θαρὸν
523 2194 557 2256 οὐ
580 2189 719 2275 δυναίμεθ’
747 2189 936 2274 ἀντιβλέπειν.
981 2189 1058 2252 ὥστε
1089 2189 1166 2259 ὁσοις
1198 2189 1377 2274 ἐνδεέστερον
1407 2193 1440 2254 τδ
1473 2197 1553 2276 φῶς,
1586 2191 1675 2274 ήττον

411 2295 502 2380 ἐχρῆν
526 2297 595 2379 ὁρᾶν
619 2292 687 2376 μεθ’
715 2293 842 2378 ἡμέραν·
874 2291 893 2374 ἢ
917 2288 997 2373 εἴπερ
1018 2291 1052 2353 τδ
1075 2291 1175 2372 ὅμοιον
1197 2291 1341 2369 συναύξει,
1368 2293 1501 2377 καθάπερ
1523 2294 1614 2377 φησί,
1641 2293 1673 2353 τὸ

408 2398 441 2460 δὲ
463 2397 590 2460 ἐναντίον
611 2397 724 2481 φθείρει
746 2395 795 2458 καὶ
817 2393 934 2471 κωλύει,
955 2391 991 2454 τὰ
1015 2393 1066 2474 μὲν
1088 2394 1177 2456 λευκὰ
1200 2396 1309 2476 μᾶλλον
1332 2395 1423 2480 ἐχρῆν
1447 2397 1517 2477 ὁρᾶν
1540 2397 1672 2462 ἅπαντας

410 2497 477 2581 μεθ’
505 2498 616 2583 ἡμέραν
640 2498 687 2561 καί
711 2497 788 2567 ὁσυις
810 2494 927 2560 ἔλαττον
950 2495 997 2558 καί
1021 2496 1100 2565 ὁσοις
1121 2497 1219 2559 πλεῖον
1241 2497 1275 2559 τό
1297 2502 1371 2581 φῶς,
1393 2497 1430 2560 τά
1452 2497 1484 2559 δὲ
1499 2497 1613 2579 μέλανα
1627 2497 1671 2559 νίν-
1688 2521 1711 2560 νο

410 2625 496 2685 κτωρ.
541 2605 591 2664 νῦν
620 2601 653 2664 δὲ
680 2601 783 2666 πάντες
814 2597 927 2661 ἅπαντα
952 2595 1019 2679 μεθ’
1053 2597 1165 2681 ἡμέραν
1193 2601 1301 2680 μᾶλλον
1336 2603 1426 2684 ὁρῶσι
1456 2601 1532 2682 πλὴν
1566 2600 1672 2681 ὀλίγων

409 2702 510 2788 ζῴων·
534 2703 644 2772 τούτοις
666 2699 692 2764 δ’
719 2698 837 2782 εὔλογον
859 2697 936 2762 τοῦτ’
965 2699 1074 2783 ἰσχύειν
1096 2700 1129 2762 τὸ
1153 2700 1257 2765 οἰκεῖον
1280 2707 1347 2787 πῦρ,
1370 2705 1469 2788 ὥσπερ
1491 2699 1553 2766 ἔνια
1569 2702 1619 2764 καί
1634 2699 1673 2780 τῇ

361 2815 392 2868 19
410 2805 487 2890 χρόᾳ
509 2806 664 2887 διαλάμπει
687 2805 796 2886 μᾶλλον
820 2807 873 2885 τῆς
901 2802 1010 2871 νυκτός.
1163 2799 1204 2864 ἔτι
1233 2803 1260 2866 δ’
1288 2805 1331 2874 οἶς
1358 2808 1378 2888 ἡ
1405 2809 1505 2889 κρᾶσις
1532 2803 1562 2872 ἐξ
1592 2801 1673 2877 ἰσων,

410 2910 521 2992 ἀνάγκη
550 2905 740 2975 συναύξεσθαι
768 2905 843 2967 κατὰ
870 2904 955 2988 μέρος
980 2905 1128 2988 ἑκάτερον·
1153 2903 1223 2968 ὥστ’
1251 2907 1277 2968 εἰ
1305 2907 1463 2980 πλεονάζον
1491 2907 1599 2970 κωλύει
1623 2905 1672 2968 θά·

407 3033 487 3095 τερον
515 3011 601 3094 ὁρᾶν,
629 3009 763 3072 ἁπάντων
791 3006 825 3070 ἀν
853 3005 899 3088 εἴη
926 3006 1115 3089 παραπλησία
1140 3029 1202 3076 πως
1230 3011 1250 3091 ἡ
1279 3009 1416 3078 διάθεσις.
1462 3009 1537 3072 ἀλλὰ
1558 3009 1596 3071 τά
1619 3009 1670 3090 μέν
1687 3033 1709 3072 ει

407 3119 459 3197 τῆς
489 3111 583 3196 ὄψεως
611 3111 694 3193 πάθη
724 3111 929 3195 χαλεπώτερον
958 3104 1038 3172 ἔσται
1065 3110 1178 3172 διελεῖν.
1225 3111 1262 3174 τὰ
1289 3112 1322 3174 δὲ
1351 3112 1416 3195 περὶ
1444 3111 1496 3180 τὰς
1517 3109 1609 3182 άλλας
1631 3110 1672 3174 αἰ-

409 3217 529 3300 σθήσεις
550 3217 613 3282 πῶς
636 3213 777 3296 κρίνωμεν
799 3212 844 3296 τῷ
868 3208 977 3293 ὁμοίως
997 3211 1030 3272 τὸ
1054 3210 1108 3296 γάρ
1131 3211 1229 3294 ὁμοιον
1251 3214 1394 3298 ἀόριστον.
1432 3211 1499 3276 ούτε
1512 3211 1567 3298 γάρ
1583 3213 1670 3297 ψόφῳ

408 3317 457 3381 τὸν
485 3318 580 3402 ψόφον
602 3313 663 3378 οὔτ’
691 3315 773 3398 δσμῇ
795 3315 847 3398 τήν
877 3315 971 3400 ὀσμήν
997 3312 1064 3377 οὔτε
1091 3317 1151 3384 τοῖς
1177 3313 1275 3384 ἄλλοις
1301 3319 1360 3384 τοῖς
1388 3315 1568 3398 ὁμογενέσιν,
1597 3312 1672 3380 ἀλλά

410 3422 518 3502 μᾶλλον
544 3422 584 3488 ὁις
605 3417 695 3481 εἰπεῖν
717 3420 776 3484 τοῖς
798 3415 946 3486 ἐναντίοις.
980 3415 1082 3499 ἀπαθῆ
1110 3416 1165 3500 γὰρ
1188 3418 1233 3479 δεῖ
1257 3418 1310 3501 τήν
1338 3416 1473 3500 αἴσθησιν
1504 3419 1672 3501 προσάγειν·

409 3518 486 3607 ήχου
510 3521 542 3584 δὲ
564 3521 677 3590 ἐνόντος
692 3519 722 3582 ἐν
739 3517 842 3602 (5σίνῆ
859 3521 958 3604 χυλῶν
974 3520 1004 3582 ἐν
1020 3519 1115 3602 γεύσει
1130 3520 1177 3583 καί
1194 3521 1287 3605 ὀσμῆς
1304 3521 1334 3584 ἐν
1350 3521 1490 3606 ὀσφρήσει
1506 3521 1669 3604 κωφότεραι
1686 3541 1709 3579 ιι

1065 3655 1263 3664 -ψ--μω

359 3724 450 3779 θθθΚ.
465 3725 524 3777 191.
538 3726 587 3778 192
596 3727 634 3777 St.
653 3725 768 3790 simplic.
781 3729 808 3776 in
821 3727 894 3792 phys.
908 3730 925 3778 i.
935 3726 1013 3780 34v2
1065 3724 1154 3783 ἄλλους
1168 3723 1181 3792 ΙΙ
1199 3725 1231 3777 14
1244 3725 1340 3783 καινοὺς
1354 3729 1409 3778 PF:
1429 3729 1537 3778 correxi.
1565 3743 1625 3778 nam
1638 3719 1716 3792 μικτοί

357 3809 438 3882 ἔχθρα
464 3812 512 3875 [εἰσ
531 3814 581 3864 cF:
606 3809 665 3880 ἔργα
683 3813 742 3863 ΒΕ.
766 3810 792 3862 δί
810 3815 869 3863 cdd.
889 3815 1014 3880 Karsten]
1064 3811 1136 3883 πόροι
1154 3817 1250 3880 μικτοῖς
1269 3811 1386 3882 χρώμασι
1405 3815 1562 3864 conveniunt
1581 3809 1595 3878 ΙΙ
1619 3811 1650 3864 14
1665 3803 1715 3860 ἀτί

357 3897 469 3950 πλεῖστον
497 3897 605 3964 [ιιεπερ.
630 3907 688 3964 ροσε
714 3896 831 3968 ἀλλήλων
854 3901 938 3965 Stein]
966 3899 1011 3954 ἀπ’
1065 3918 1119 3957 πως
1130 3895 1256 3951 PFc‘nini
1268 3896 1333 3968 λέγει
1342 3903 1512 3966 intellegatur,
1524 3902 1611 3952 malim
1620 3888 1712 3950 ἇτοπαν’
1814 3913 1815 3974 γ

356 3985 497 4050 [sicDEF]
511 3983 627 4053 ἀλλήλων
640 3984 748 4054 διέχουσι
761 3984 866 4053 μάλιστα
880 3984 1013 4056 [διέχουσιν
1064 3989 1213 4040 Schneider.
1245 4004 1308 4038 num
1331 3985 1383 4056 ἔχει
1407 3989 1564 4040 audiendum
1581 3997 1621 4038 εει
1638 3987 1667 4036 σί.
1685 3980 1714 4030 nd
1814 3989 1815 4030 ἓ

357 4073 451 4141 άμικτα
467 4073 566 4137 Καπυα]
581 4073 653 4141 γέννγγ
674 4091 702 4126 τε
718 4072 796 4142 κρίσει
813 4072 910 4136 [DEFz
928 4075 1014 4144 κράσει
1064 4094 1089 4141 p·
1100 4072 1160 4136 526,
1176 4074 1222 4126 14?
1234 4069 1248 4140 11
1262 4073 1293 4126 15
1304 4071 1350 4143 ὁρᾶ
1360 4076 1417 4126 PF:
1436 4071 1533 4142 ὁρῶμεν
1547 4075 1647 4126 Camct.
1658 4067 1671 4138 ΙΙ
1686 4066 1714 4118 18

357 4158 597 4224 α]τεκα1εἰδεσιν
616 4157 796 4229 ἰκμακτοῖσιήΙ
816 4159 926 4214 διὸΡθι
947 4179 1012 4214 corr.
1064 4159 1081 4230 ἢ
1105 4171 1246 4213 correctum
1267 4178 1300 4213 ex
1323 4163 1481 4226 nescioquo
1503 4165 1524 4214 P
1550 4159 1564 4230 Ιί
1589 4159 1623 4214 20
1645 4152 1713 4210 τάδί
1814 4171 1815 4208 i

356 4251 457 4300 Usener
470 4243 484 4317 ΙΙ
498 4245 515 4299 3
527 4246 590 4315 γένει
608 4265 635 4298 τε
647 4249 691 4300 καί
703 4248 788 4318 κράσει
800 4247 844 4300 καὶ
856 4247 942 4300 εἴδεσιν
955 4251 1011 4301 PF:
1063 4247 1158 4316 μέλανα
1170 4252 1191 4301 P
1204 4253 1317 4312 itemque
1331 4250 1386 4310 (ced
1400 4245 1504 4315 μελανά)
1518 4250 1551 4300 F:
1570 4249 1615 4300 καὶ
1632 4246 1662 4298 τά
1674 4241 1713 4310 μί·

357 4352 423 4387 corr.
432 4337 552 4398 Karsten,
563 4339 606 4400 qui
619 4335 691 4405 γέννᾳ
701 4338 863 4388 commendat
872 4353 896 4402 p.
907 4335 958 4388 200
970 4333 1012 4404 114
1063 4334 1124 4388 λανα
1138 4337 1239 4388 cannot,
1253 4337 1331 4402 vulgo
1346 4333 1359 4402 ss
1374 4333 1408 4388 23
1422 4333 1567 4403 διαλάμπειν
1576 4338 1634 4388 PFz
1653 4346 1711 4383 corr-

355 4418 468 4490 αἰσθήσει
489 4421 535 4490 γάρ
562 4437 609 4472 τινι
631 4425 699 4474 coni.
724 4426 849 4476 Wimmcr
868 4419 882 4490 ΙΙ
902 4426 1010 4476 ποιοῦσα
1062 4425 1207 4490 Stephanus
1221 4419 1234 4489 ΙΙ
1250 4421 1284 4476 24
1298 4418 1463 4482 συναύξεσθαι
1476 4427 1532 4475 end.
1545 4441 1579 4474 m.
1592 4439 1655 4475 οοιτ.
1667 4419 1686 4470 F
1700 4411 1711 4480 ΙΙ

356 4515 430 4562 simul
441 4513 598 4574 intellegitur
606 4512 778 4576 Anaxagoran
789 4513 819 4563 ci.
831 4529 854 4562 v.
866 4508 908 4578 911
920 4510 936 4564 5
946 4508 1012 4578 θσγε
1063 4509 1096 4565 26
1110 4527 1170 4561 num
1184 4507 1235 4560 ἰστι
1247 4507 1332 4560 διελεῖν
1345 4519 1374 4561 nt
1385 4527 1409 4575 p.
1420 4507 1480 4570 505,
1491 4509 1524 4563 3?
1536 4507 1551 4578 ΙΙ
1563 4509 1595 4564 27
1606 4508 1711 4579 κρίνομεν

355 4615 432 4650 roser.
449 4599 470 4648 F
491 4594 504 4666 11
525 4595 609 4649 ἅπασα
628 4601 696 4650 coni.
709 4598 851 4651 Schneider
868 4593 882 4664 ΙΙ
902 4599 949 4648 fnit
967 4601 1011 4662 qui
1062 4599 1107 4650 PF
1125 4595 1305 4663 ο1.ρ.505,4ι
1330 4613 1395 4648 corr.
1419 4597 1565 4663 Stephanus
1589 4594 1602 4664 ΙΙ
1628 4595 1660 4649 ’29
1676 4587 1710 4642 ιθ

356 4684 392 4736 ἔτι
410 4681 433 4737 δ’
450 4688 545 4748 mallet,
564 4687 610 4736 sed
629 4688 660 4736 cf.
679 4681 897 4751 ρ.506,8Ιίθδ’
913 4685 1012 4736 addidit
1062 4680 1132 4753 παθῆ
1164 4686 1238 4736 malin
1271 4690 1297 4732 ει
1324 4686 1355 4734 cf.
1385 4687 1464 4734 Arist„
1495 4702 1520 4750 ρ.
1535 4681 1708 4742 4291150111·

355 4774 479 4824 Wimmer
504 4767 518 4840 Η
543 4768 657 4840 θλίιττής
675 4775 712 4822 sic
730 4773 775 4824 PF
795 4769 809 4838 ΙΙ
830 4771 864 4822 10
884 4770 949 4822 κατὰ
967 4770 1011 4838 μί·
1063 4771 1154 4836 [index
1166 4771 1268 4822 Bonitz.
1286 4787 1311 4836 ρ.
1325 4768 1429 4835 72138]
1444 4768 1457 4837 ΙΙ
1471 4769 1553 4824 δεῖΡι
1572 4769 1604 4841 δή
1622 4764 1666 4833 Fi!
1679 4761 1708 4816 30

355 4853 427 4924 γεθυς
449 4861 505 4910 PF:
534 4875 599 4908 corr.
624 4859 766 4909 Schneider
791 4860 804 4922 11
829 4857 875 4926 γὰρ
894 4862 1012 4910 iteratum
1063 4857 1278 4927 χιλῶνΡεοοᾸίε
1291 4855 1383 4927 χειλῶν
1392 4855 1639 4928 ρτ.Ὲ11κοφιὸτεραι
1648 4871 1680 4921 pr.
1690 4849 1707 4900 F
1814 4877 1815 4886 ι

355 4955 383 4996 ut
402 4962 424 5014 p·
436 4942 494 5008 501,
510 4943 548 4996 12.
568 4945 627 5010 510,
641 4945 672 4998 15
686 4941 700 5012 ΙΙ
717 4944 747 4996 13
761 4942 844 5003 ἄλλοις
857 4946 913 4996 PF:
933 4947 1011 5009 vulgo
