3708 5732
722 392 997 444 Puouuuouuus
1474 389 1535 452 165

174 581 308 646 possum
335 560 450 624 iterum
480 559 645 626 Schusteri
674 559 863 626 incredibile
888 559 1041 624 iudicium
1070 557 1197 623 silentio
1224 558 1410 641 praeterire.
1459 577 1535 622 narn

175 681 260 746 quac
284 681 345 744 ego
368 661 547 729 certissima
570 661 786 746 Theophrasti
808 660 947 743 vestigia
968 660 1115 745 probavi,
1137 679 1178 724 ca
1199 658 1330 725 Laertio
1353 660 1533 744 adscripsit.

174 785 271 849 quem
289 763 365 830 vide
382 784 445 847 quo
460 763 593 828 nimium
609 765 775 831 Heraclito
791 762 1016 848 patrocinandi
1036 762 1177 827 studium
1192 760 1363 827 deduxerit
1385 759 1427 848 [p.
1442 763 1505 827 120
1515 762 1532 827 ¹.

174 865 262 954 lull:
297 887 370 930 men
391 868 482 942 steht,
513 867 630 950 inquit,
661 871 694 931 tn
724 869 825 930 dieser
853 877 939 929 sonat
967 867 1038 929 sehr
1063 864 1251 928 auctalichea
1274 861 1310 950 (l)
1333 866 1533 945 compilation

172 971 233 1034 den
256 970 441 1033 acrmltchca
461 970 539 1049 petat
562 972 615 1034 des
638 973 799 1052 Diopencs.
837 969 883 1031 Er
904 968 1034 1031 bemcrlct
1055 987 1088 1029 ea
1110 967 1159 1029 als
1181 966 1349 1049 ouffoeltip,
1372 969 1446 1030 dass
1468 969 1533 1030 siclt

171 1075 312 1136 Heraclit
333 1072 425 1134 treber
448 1073 514 1134 dies
536 1075 600 1136 aad
623 1078 682 1139 dus
703 1077 786 1139 nieht
807 1073 912 1134 walter
935 1069 1129 1151 aussprcclte,
1152 1069 1227 1130 aber·
1250 1070 1316 1131 dics
1331 1072 1392 1151 auf
1402 1073 1469 1133 cine
1491 1073 1533 1132 im

169 1195 291 1256 ponzen
314 1177 369 1238 tter
390 1175 500 1255 schrift
521 1176 722 1259 bcpmendete
743 1177 875 1241 sarsachc
896 1173 1158 1252 aumuhaafubrea
1178 1171 1268 1251 sceltt
1289 1172 1349 1232 ihm
1363 1173 1446 1234 nicht
1463 1172 1531 1238 eta!

170 1278 352 1360 gratularer
381 1276 541 1343 mehercle
568 1279 622 1344 isti
651 1277 856 1357 homuncioni
884 1293 956 1341 eam
982 1271 1104 1355 ingenii
1131 1275 1326 1356 egestatem,
1357 1293 1422 1356 qua
1451 1273 1531 1338 talia

171 1379 349 1463 specimina
371 1378 517 1464 proferre
539 1387 655 1466 suapte
678 1387 794 1466 sponte
816 1377 982 1462 potuisset.

256 1481 348 1546 Alter
369 1479 468 1563 igitur
489 1483 580 1548 locus
600 1482 766 1549 aLaertio
790 1481 869 1547 satis
891 1479 1042 1561 religiose
1063 1477 1276 1560 transcriptus
1298 1483 1347 1542 cst
1370 1497 1410 1542 ex
1428 1478 1530 1545 Theo-

170 1583 324 1667 phraatco
347 1583 548 1670 compendio,
571 1587 667 1669 quale
686 1585 882 1668 Hippolytus
906 1587 938 1646 ct
953 1579 1288 1646 Pseudo-Plutarchus
1309 1579 1340 1643 in
1358 1579 1529 1646 Stromatis

169 1691 359 1750 tractarunt.
404 1683 535 1752 brevior
566 1693 758 1772 conspectus
786 1705 826 1750 ex
854 1684 992 1750 vitarum
1015 1682 1123 1764 aliquo
1147 1682 1302 1765 scriptore
1325 1681 1529 1748 continuatus

167 1786 309 1871 videtur,
338 1787 392 1870 qui
420 1793 453 1852 et
478 1787 550 1871 ipse
576 1789 835 1874 Theophrastum
861 1783 1000 1852 sortasse
1026 1784 1133 1868 attigit
1166 1785 1225 1850 sed
1250 1783 1474 1867 neglegentius
1496 1791 1529 1851 st

167 1889 286 1956 ahenis
307 1888 471 1954 immixtis.
506 1889 592 1956 idem
616 1889 781 1956 conficitur
803 1909 844 1955 ex
866 1887 1051 1971 Leucippi
1073 1885 1243 1969 dogmatis.
1278 1885 1398 1969 duplex
1412 1886 1527 1953 iterum

166 1991 324 2057 memoria
345 1991 392 2056 IX
410 1992 453 2057 30
475 1997 508 2056 et
529 1992 667 2059 31-38.
714 2011 809 2075 quam
839 1989 975 2054 divisam
1002 1987 1036 2052 in
1063 1995 1239 2072 conspectu
1265 1988 1386 2052 contuli
1407 2009 1437 2072 p.
1455 1991 1526 2057 142.

166 2093 243 2159 inde
265 2093 400 2159 alterius
427 2093 571 2178 syllogus
599 2093 688 2178 origo
712 2091 959 2178 Theophrastea
985 2097 1131 2174 apparet.
1176 2089 1372 2174 Hippolytus
1398 2090 1527 2173 quidem

167 2194 348 2260 consimilia
370 2200 523 2279 excerpta
546 2201 674 2260 secutus
697 2201 747 2261 est
767 2215 873 2278 neque
895 2192 1093 2259 Placitorum
1116 2193 1284 2277 opiniones
1305 2213 1371 2258 non
1394 2213 1527 2259 consen-

166 2296 259 2363 tiunt.
305 2297 403 2381 quid?
435 2297 671 2364 luculentiorne
693 2303 801 2382 potest
823 2293 1021 2362 confirmatio
1043 2293 1121 2378 fingi
1143 2313 1240 2378 quam
1267 2295 1352 2378 qnod
1373 2295 1526 2362 iudicium

163 2399 246 2464 illud
267 2402 343 2464 κατά
364 2423 426 2462 τινα
449 2401 575 2484 ἀνάγκην
597 2403 633 2486 ἣν
657 2403 743 2466 ὁποία
765 2401 841 2464 ἐστὶν
864 2398 898 2462 οὐ
921 2400 1059 2482 διασαφεῖ
1082 2397 1180 2463 etiam
1202 2397 1290 2481 apud
1312 2397 1524 2483 Hippolytum

164 2509 314 2566 servatur
337 2503 378 2566 12
397 2509 413 2561 9
435 2503 477 2573 τίς
500 2502 525 2566 δ’
553 2504 588 2568 ἂν
611 2502 656 2588 εἴη
679 2506 698 2586 ἡ
722 2505 833 2586 ἀνάγκη
855 2500 889 2564 οὐ
912 2499 1083 2584 hrtr'rprceo?¹
1112 2499 1170 2565 sed
1192 2521 1234 2565 ue
1256 2501 1437 2582 generalior
1459 2501 1525 2586 qui·

166 2603 240 2669 dcm
262 2604 354 2670 locus
369 2603 500 2671 aliunde
519 2604 620 2690 fluxit,
642 2611 756 2688 utpote
779 2602 832 2687 qui
847 2601 910 2666 nisi
925 2601 1083 2666 brevitate
1098 2600 1140 2666 ab
1156 2603 1259 2668 altero
1274 2601 1330 2668 rix
1344 2599 1522 2668 dissentiat.

164 2705 211 2770 ita
240 2705 289 2790 fit,
319 2726 391 2772 curn
413 2707 610 2793 Hippolytus
633 2705 729 2772 solito
761 2704 864 2788 magis
885 2702 1087 2769 festinaverit
1113 2711 1148 2769 ut
1174 2703 1256 2769 haec
1278 2705 1393 2786 ecloga
1413 2703 1460 2768 illi
1483 2705 1524 2769 sit

162 2805 335 2873 simillima.
369 2808 481 2874 dubito
508 2807 730 2874 tautummodo
753 2807 794 2872 de
820 2805 941 2870 ultimis
962 2806 1077 2889 πρῶτός
1096 2806 1120 2868 τ’
1142 2807 1267 2889 ἀτόμους
1287 2807 1380 2891 ἀρχὰς
1400 2808 1521 2892 ὑπεστή-

163 2931 244 2974 σατο.
279 2929 354 2975 nam
381 2917 512 2994 practer
539 2910 684 2977 ordinem
713 2909 812 2974 atomi
838 2907 1045 2973 nominantur
1070 2913 1103 2972 et
1130 2907 1328 2974 inventionis
1352 2915 1433 2974 nota
1458 2908 1521 2975 bio·

161 3011 321 3096 graphum
344 3013 451 3096 potius
472 3013 708 3079 velVariarum
730 3010 936 3076 historiarum
958 3010 1164 3074 collectorem
1186 3009 1321 3076 redolet.
1355 3010 1465 3096 itaque
1479 3031 1520 3079 ne

161 3113 215 3179 hic
236 3113 365 3197 quidem
388 3115 487 3200 priori
508 3115 590 3180 fonti
611 3113 784 3180 adulterini
806 3111 958 3194 quiddam
980 3111 1095 3177 deesse
1116 3111 1253 3178 videtur.

248 3215 409 3300 Bipartita
431 3217 528 3282 etiam
552 3215 585 3280 in
608 3215 841 3298 Anaxagora
862 3214 1047 3296 dogmatum
1069 3213 1226 3280 recensio.
1265 3235 1330 3281 una
1353 3217 1521 3301 perbrevis

160 3317 230 3382 118
252 3317 335 3387 οὗτος
357 3315 438 3400 ἔλεγε
460 3320 508 3381 τὸν
530 3321 611 3403 ἥλιον
635 3319 741 3402 μύδρον
763 3315 835 3380 εἶναι
857 3317 993 3400 διάπυρον
1022 3317 1070 3379 καὶ
1094 3317 1184 3398 μείζω
1211 3323 1264 3401 τῆς
1286 3318 1519 3406 Πελοποννήσου,

161 3421 188 3482 οἱ
212 3420 245 3481 δέ
267 3440 337 3504 φασι
359 3417 516 3498 Τάνταλον,
538 3422 590 3506 τὴν
614 3421 647 3484 δὲ
669 3423 792 3504 σελήνην
815 3419 942 3503 οἰκήσεις
962 3417 1039 3502 ἔχειν
1056 3419 1130 3481 ἀλλὰ
1153 3415 1204 3504 [cf.
1227 3439 1326 3502 supra
1348 3443 1378 3505 p.
1395 3420 1448 3508 26]
1471 3426 1519 3487 καὶ

160 3521 269 3606 λόφους
285 3523 333 3585 καὶ
349 3524 506 3607 φάραγγας,
524 3543 586 3605 quo
602 3522 757 3587 miracula
773 3521 939 3587 doctrinas
950 3521 1072 3584 selecta
1083 3525 1116 3584 et
1126 3519 1234 3584 aliena
1249 3527 1284 3585 ut
1296 3523 1453 3590 Tantalus
1467 3522 1519 3611 [cf.

160 3623 262 3688 schol.
277 3623 371 3688 Pind.
387 3623 430 3687 ad
451 3621 608 3708 Olympl
627 3622 680 3711 97]
702 3623 864 3688 inculcata
886 3629 969 3688 sunt.
1002 3621 1106 3687 altera
1133 3643 1211 3688 vero
1233 3623 1398 3708 perbonas
1421 3633 1519 3692 notae

160 3745 179 3790 e
201 3746 281 3808 puro
306 3723 500 3810 Opinionum
521 3726 611 3792 fonte
632 3727 751 3793 hausta
773 3727 814 3806 ἐξ
830 3725 860 3790 8.
880 3726 910 3790 9.
944 3724 1086 3809 capitum
1115 3725 1193 3790 ordo
1221 3733 1271 3792 cst
1293 3736 1441 3795 servatus
1463 3731 1518 3816 (de

159 3827 335 3912 principiis,
351 3829 481 3913 mundo,
497 3829 603 3912 astris,
619 3829 725 3894 lacteo
738 3827 824 3912 orbe,
841 3827 985 3911 cometis,
1001 3826 1117 3909 ventis,
1132 3828 1313 3916 tonitribus,
1327 3830 1518 3916 fulguribus,

160 3928 372 3994 animantium
399 3931 539 4014 denique
562 3929 699 4016 origine)
721 3937 754 3996 ct
774 3929 907 3996 decreta
929 3929 1087 3995 conmnna
1112 3929 1316 4017 Hippolyteis
1339 3934 1518 4019 ceterisque

158 4186 276 4251 phrastns
299 4189 367 4251 apud
386 4189 575 4241 Anaximenen
598 4193 680 4242 solum
706 4194 756 4242 ista
774 4193 841 4240 clare
860 4205 981 4256 expressa
999 4207 1054 4240 cese
1073 4192 1181 4242 dixerat.
1219 4209 1320 4243 omnem
1343 4196 1517 4246 difficultatem

158 4273 273 4338 effugies,
292 4278 313 4324 si
326 4276 434 4326 Useneri
448 4279 654 4329 emendationem
667 4274 756 4328 τουτου
769 4276 871 4345 πρώτου
889 4294 987 4328 mecum
1003 4279 1128 4344 probaris.
1148 4280 1321 4345 Theophrasti
1340 4284 1372 4332 de
1385 4285 1517 4334 Heraclito

157 4361 306 4410 coniectura
323 4363 378 4411 sive
401 4379 463 4414 vera
482 4373 520 4415 est
538 4364 581 4428 [cl.
607 4365 729 4417 Schuster
746 4383 772 4430 p.
785 4362 865 4430 261¹]
888 4368 942 4416 sive
964 4367 1029 4415 lalsa
1052 4363 1148 4426 [Zellcr
1165 4363 1195 4414 1⁴
1214 4363 1277 4430 593]
1302 4385 1349 4418 suc
1372 4371 1427 4419 inre
1450 4372 1515 4420 nite·

157 4447 234 4496 batur
252 4448 400 4499 Aristotelis
418 4450 480 4501 locis
499 4452 571 4516 phys.
585 4453 626 4505 16
645 4470 669 4518 p.
687 4449 784 4505 18998
801 4453 943 4517 metaphys.
963 4451 1015 4502 nt
1033 4468 1058 4516 p.
1072 4449 1142 4502 aaut
1155 4451 1197 4504 34.

229 4532 238 4563 ¹
257 4550 341 4598 neque
360 4536 411 4586 hoc
423 4538 553 4616 Zellcrunr
572 4541 660 4604 lugere
679 4547 780 4605 poterat
797 4536 826 4589 1⁴
839 4536 907 4592 788⁴
920 4541 963 4603 qui
976 4547 1045 4589 recte
1064 4541 1173 4604 primunr
1191 4548 1323 4592 auctorem
1341 4544 1429 4594 iudicii
1450 4545 1515 4593 indi·

157 4622 228 4670 cavit
240 4622 320 4671 Arist.
334 4623 359 4672 d.
373 4625 436 4674 cael.
449 4625 491 4674 111
505 4623 521 4676 2
539 4643 565 4691 p.
579 4624 677 4678 300119
697 4627 811 4691 Metaph.
824 4629 850 4676 A
863 4627 880 4677 4
898 4644 923 4691 p.
938 4623 1006 4679 9851)
1021 4625 1061 4678 19.
1086 4643 1138 4678 non
1151 4629 1297 4692 praeteribo
1310 4629 1515 4694 Theophrastum

155 4707 254 4758 Leuci
261 4724 320 4772 ppo
345 4713 389 4772 qui
411 4713 478 4762 inter
501 4713 709 4764 Democritea
732 4713 860 4764 terebatur
884 4707 970 4780 Μέγαν
989 4711 1123 4781 διάκοσμον
1141 4716 1286 4766 vindicasse
1304 4713 1395 4779 [Diog.
1408 4717 1448 4765 IX
1460 4715 1515 4778 46].

155 4795 228 4856 atqui
246 4796 378 4845 Laertiani
397 4803 511 4864 excerpti
530 4801 626 4863 torma,
653 4816 710 4852 cum
734 4807 864 4865 repetatur
886 4803 1026 4852 itendidem
1044 4800 1118 4869 φησίν
1137 4799 1189 4864 [ΙΧ
1201 4799 1233 4852 31
1255 4803 1286 4852 cf.
1305 4804 1393 4852 Hirzel
1412 4803 1514 4853 Unters.

155 4879 276 4944 1184¹],
302 4897 335 4932 cx
354 4885 478 4949 Leucippi
501 4887 566 4936 libro
586 4889 674 4952 aliquo
699 4887 841 4938 doctrinam
860 4889 1014 4955 explicatam
1033 4905 1088 4940 esse
1108 4898 1244 4952 monstrat,
1265 4905 1339 4954 quern
1359 4883 1446 4958 Μέγαν
1464 4886 1514 4940 διάς

154 4980 249 5034 acopos
267 4969 346 5019 tuisse
365 4971 494 5022 Hirzelius
513 4977 663 5039 suspicatur.
