3756 5736
340 403 403 467 218
578 407 656 456 xvrr
692 407 741 456 nn
762 405 1009 458 vnrusrosun
1027 404 1265 456 paromoeon
1284 403 1463 455 sosarnus

340 573 473 638 mallet?
505 594 612 658 neque
634 575 720 658 quod
742 576 776 640 in
796 573 923 641 iudiciis
945 575 966 639 l.
984 574 1000 638 Ι
1021 574 1108 640 tertii
1132 573 1248 657 capitis
1270 571 1518 656 Theophrastea
1539 577 1702 656 apparent

339 673 487 760 vestigia,
511 673 688 761 Opiniones
710 677 891 762 inspexisse
913 675 1040 742 Aetium
1064 675 1201 760 efficies,
1235 674 1289 740 uhi
1318 694 1385 740 non
1415 673 1487 742 sine
1513 693 1613 740 causa
1634 673 1701 740 bio

339 776 497 859 graphum
524 777 746 845 intercessisse
772 802 803 864 p.
825 781 889 845 180
915 777 1034 844 monui.
1078 797 1185 861 neque
1217 777 1300 842 alius
1331 783 1381 842 est
1413 775 1487 843 iona
1514 777 1701 862 Theophra·

338 883 489 964 stactam,
513 901 598 964 quae
620 901 660 948 ex
682 882 798 948 eodem
820 881 928 966 capite
950 901 1026 946 mox
1048 879 1222 964 proferam.

424 980 490 1048 Sed
516 983 593 1066 quid
620 983 662 1050 de
684 983 820 1068 singulis
841 982 965 1049 notitiis
992 982 1171 1065 litigamus,
1200 979 1353 1062 qnoniam
1379 987 1482 1046 totum
1504 982 1701 1049 Placitorum

339 1103 420 1165 opus
448 1090 611 1168 tamquam
648 1085 853 1152 simulacrum
882 1106 922 1152 ex
950 1083 1133 1151 admirabili
1165 1081 1382 1166 Theophrasti
1409 1089 1615 1150 monumento
1649 1105 1702 1150 ex·

338 1203 484 1268 pressum
500 1206 573 1254 csse
588 1187 794 1254 manifestum
810 1188 883 1254 cst?
917 1186 988 1271 quis
1010 1185 1095 1252 enim
1112 1185 1166 1269 qui
1190 1183 1378 1268 opinionum
1400 1186 1573 1252 memorias
1595 1186 1702 1253 nobis-

339 1306 409 1351 cum
433 1294 595 1355 scrutatus
618 1295 667 1356 est
689 1289 746 1355 uhi
769 1289 907 1374 primurn
931 1289 1088 1356 collectae
1108 1306 1236 1371 quaque
1250 1287 1305 1352 via
1319 1287 1457 1370 posteris
1471 1288 1612 1356 traditae
1626 1288 1701 1373 sint,

338 1389 409 1455 sine
431 1389 518 1456 illius
546 1391 702 1458 beneficio
733 1411 776 1458 nc
802 1391 973 1456 consilium
1001 1390 1131 1474 quidam
1153 1388 1350 1456 Placitorum
1380 1391 1453 1474 oapi
1475 1390 1621 1475 potuisse
1646 1411 1701 1458 ne

338 1490 449 1572 gabit‘l
475 1493 586 1560 confer
608 1501 873 1577 argumentorum
898 1493 1043 1559 tabulam
1067 1511 1151 1576 quae
1166 1492 1200 1556 in
1215 1491 1354 1558 vetustis
1368 1491 1501 1558 Placitis
1515 1492 1616 1560 fuisse
1630 1515 1703 1578 pro

338 1591 414 1658 bavi
436 1616 468 1677 p.
486 1595 557 1660 181.
591 1615 699 1662 nonne
724 1615 867 1678 congrua
890 1596 1000 1661 omnia
1015 1600 1145 1679 praeter
1159 1592 1335 1678 terrestria,
1358 1613 1441 1676 quae
1457 1594 1702 1679 Theophrastus

337 1695 419 1762 libro
441 1696 483 1761 de
505 1697 626 1763 mundo
647 1697 854 1764 continuasse
868 1697 1017 1764 videtur?
1050 1715 1146 1780 quam
1161 1695 1278 1762 vellem
1294 1713 1354 1779 pro
1370 1694 1560 1780 fragmentis
1574 1697 1701 1782 integra
1740 1715 1744 1724 ·

337 1797 431 1862 nobis
461 1807 669 1882 superessent
706 1797 923 1883 Theophrasti
959 1805 1223 1881 vetustorumqne
1253 1796 1451 1864 Placitorum
1481 1819 1633 1884 corpora,
1666 1809 1702 1866 nt

338 1919 434 1983 quam
449 1900 713 1968 adumbravimus
729 1907 879 1968 accurate
895 1902 1077 1987 exprimere
1089 1920 1258 1984 possemus
1269 1899 1435 1982 utriusque
1446 1897 1699 1970 similitudinem.

337 2002 438 2067 nihilo
462 2004 562 2069 setius
584 2024 626 2070 ne
649 2002 894 2088 compilatorum
921 2004 1051 2088 quidem
1079 2001 1204 2068 incuria
1231 2001 1345 2069 crebra
1371 2001 1429 2068 illa
1458 2002 1611 2087 antiquae
1637 2023 1701 2072 me

337 2105 460 2172 moriae
482 2105 624 2188 vestigia
648 2105 821 2172 obscurare
836 2107 890 2172 vel
905 2105 1113 2188 exstinguere
1128 2104 1242 2190 potuit,
1265 2123 1349 2188 quae
1363 2121 1463 2188 supra
1476 2103 1510 2168 in
1526 2113 1701 2190 conspectu

339 2229 370 2291 p.
394 2208 455 2273 133
469 2229 536 2292 sqq.
571 2209 709 2274 collecta
741 2208 794 2274 hic
828 2216 977 2293 repetere
1006 2208 1093 2274 nolo.
1138 2212 1173 2274 at
1201 2227 1300 2273 unum
1332 2206 1438 2273 locum
1472 2225 1618 2290 promam
1648 2227 1704 2276 ex·

339 2315 521 2393 carptorum
543 2309 698 2393 religiosa
721 2311 899 2376 stoliditate
920 2310 1090 2393 insignem.

424 2411 622 2496 llippolytus
645 2413 665 2478 6
685 2422 702 2476 3
725 2413 805 2478 talia
831 2411 873 2478 de
895 2411 1130 2478 Anaximandri
1157 2410 1322 2494 opinione:
1356 2413 1389 2475 τὸ
1419 2414 1452 2476 δὲ
1479 2419 1582 2499 σχῆμα
1610 2413 1700 2498 αὐτῆς

339 2511 468 2600 [terrae]
490 2515 575 2598 γορδν
592 2517 763 2601 στρογγύλον
778 2517 851 2580 κίονί
866 2516 942 2600 λίθῳ
958 2517 1170 2600 παραπλήσιον.
1203 2512 1237 2577 in
1260 2512 1424 2578 codicibus
1446 2515 1597 2598 vulgatur
1615 2517 1700 2600 ὑγρδν

338 2618 522 2701 στρογγύλον,
546 2617 633 2700 quod
665 2618 805 2702 Roeperi
840 2618 971 2701 egregia
1001 2615 1231 2685 emendatione
1263 2613 1424 2680 sublatum
1455 2615 1700 2684 Teichmuelleri

339 2719 453 2784 studiis
476 2741 508 2804 p.
525 2721 565 2784 41
590 2719 735 2803 argutius
757 2720 889 2787 delendi
911 2741 976 2786 non
998 2719 1149 2787 debebat.
1191 2717 1363 2802 στρογγύλον
1385 2717 1484 2802 priori
1506 2718 1579 2785 voci
1602 2717 1702 2803 expli·

339 2821 434 2886 candi
458 2839 558 2887 causa
579 2820 725 2886 additum
748 2823 920 2890 ridebatur
942 2823 1101 2906 Roepero.
1146 2821 1204 2887 sed
1225 2819 1310 2903 γορόν
1332 2821 1430 2904 paulo
1457 2820 1566 2888 distat.
1609 2821 1697 2906 apud

339 2923 514 2988 Homerum
537 2923 689 2988 laudatur
703 2925 886 3010 Eurybates
908 2927 1003 2991 1246
1026 2926 1128 3009 γυρὸς
1151 2921 1202 3007 ἔην
1224 2923 1356 3006 ὤμοισιν,
1380 2929 1416 2988 ot
1438 2922 1575 2990 convexi
1593 2924 1697 3007 magis

340 3031 374 3090 ct
402 3025 489 3108 gibbi
519 3026 619 3092 umeri
648 3045 745 3110 quam
773 3027 903 3093 rotundi
930 3025 1141 3109 intellegendi
1172 3023 1246 3089 rint.
1289 3023 1332 3089 ab
1359 3024 1536 3111 Hippolyto
1564 3026 1698 3111 propius

339 3125 433 3192 abest
455 3128 680 3194 Theudoridae
701 3129 868 3212 antholog.
884 3129 946 3195 VII
961 3130 1025 3195 479
1047 3129 1150 3212 πέτρος
1165 3129 1224 3211 ἐγὼ
1238 3128 1272 3190 τδ
1287 3129 1377 3191 σολον
1399 3129 1485 3213 γυρὴ
1500 3130 1549 3193 καί
1563 3129 1697 3214 dromos

341 3229 470 3315 ἑσιβλής,
492 3233 544 3315 τὴν
558 3231 747 3316 Ἡράκλειτοι)
770 3230 796 3295 δ’
817 3229 898 3295 ἔνδον
914 3230 977 3316 ἔχω
993 3233 1133 3317 κεφαλήν.
1168 3248 1246 3312 ergo
1268 3229 1353 3313 γυρύς
1374 3234 1482 3296 terrae
1497 3230 1696 3314 superficiem

340 3339 515 3417 curvatam,
539 3335 710 3419 στρογγύλος
732 3333 898 3399 circuitum
921 3331 1091 3417 significat.
1124 3333 1182 3399 sed
1200 3330 1282 3415 ,quid
1296 3337 1347 3397 est
1361 3331 1434 3396 κίονι
1449 3333 1548 3418 λίθῳθ
1570 3333 1698 3400 codices

307 3459 310 3466 ⁴
339 3435 450 3518 inepte
472 3437 547 3521 χίονι
570 3439 658 3522 λίθῳ,
680 3437 767 3520 quod
789 3443 899 3502 tamen
922 3435 1155 3520 explicatorem
1176 3453 1280 3518 nuper
1301 3439 1417 3500 nactus
1438 3439 1497 3500 est.
1532 3433 1699 3502 Cedrenus

339 3557 375 3602 re
398 3537 571 3621 desperata
593 3538 722 3622 scripsit
744 3541 886 3626 χιονῶδες
908 3559 973 3605 non
996 3537 1102 3604 minus
1123 3536 1275 3603 absurde.
1308 3553 1504 3619 quamquam
1526 3543 1620 3603 erunt
1637 3536 1698 3602 ior·

339 3644 445 3722 tasse,
478 3640 532 3722 qni
565 3640 662 3706 aride
688 3641 855 3726 arripiant.
899 3660 980 3724 quos
1008 3639 1147 3706 monitos
1168 3639 1260 3722 volo,
1282 3655 1324 3702 ne
1345 3635 1458 3702 vitium
1491 3645 1700 3723 praepostere

340 3745 513 3807 attrectent
534 3739 682 3809 (ledreno
707 3749 740 3809 et
762 3743 936 3810 Plutarcho
959 3741 1036 3826 quin
1058 3741 1157 3808 etiam
1179 3737 1274 3805 Aetio
1297 3738 1398 3804 multo
1420 3739 1594 3824 antiquius.
1627 3761 1700 3808 con·

342 3842 485 3908 sentiunt
518 3843 603 3909 enim
636 3843 768 3911 mirifice
795 3845 920 3911 Placita
940 3845 989 3910 ΠΙ
1010 3844 1086 3909 102
1112 3841 1330 3926 Ἀναξίμανδρος
1357 3841 1435 3926 λίθῳ
1465 3842 1537 3908 κίονι
1566 3845 1618 3928 τὴν
1645 3849 1699 3927 γῆν

340 3949 490 4030 προσφερῆ
513 3951 571 4010 τῶν
594 3948 749 4012 ἐπιπέδων.
786 3947 1030 4013 Anaximandro
1054 3944 1131 4029 quid
1153 3943 1313 4028 placuerit
1338 3963 1433 4010 nemo
1456 3944 1598 4030 dubitat,
1624 3945 1700 4028 qnia

341 4043 507 4112 Plutarchi
530 4047 695 4114 Stromata
717 4049 772 4130 §2
795 4049 926 4116 liberius
954 4050 1012 4116 sed
1038 4055 1126 4115 recte
1155 4045 1320 4130 explicant
1345 4049 1487 4132 ὑπάρχειν
1509 4048 1542 4111 δέ
1563 4068 1634 4134 φησι
1655 4053 1698 4133 τῷ

342 4151 394 4232 μὲν
417 4151 547 4234 σχήματι
569 4152 621 4236 τὴν
644 4157 697 4236 γῆν
720 4154 932 4237 κυλινδροειδῆ,
962 4151 1041 4239 ἔχειν
1065 4151 1098 4215 δὲ
1119 4155 1255 4214 τοσοῦτον
1273 4151 1370 4235 ’βάθος
1393 4151 1460 4216 ὅσον
1483 4150 1517 4216 ἂν
1539 4151 1586 4236 εἴη
1608 4155 1701 4237 τρίτον

341 4253 412 4336 πρὸς
427 4253 460 4316 τὸ
476 4253 592 4322 πλάτος.
628 4274 691 4336 quo
707 4255 804 4320 modo
822 4255 871 4320 his
886 4255 943 4320 illa
958 4259 1110 4337 corrupta
1124 4252 1225 4318 verba
1239 4252 1520 4320 accommodabis?
1541 4253 1701 4320 Reiskeus

340 4351 489 4417 tenmbat
511 4353 583 4416 κίονι
606 4356 625 4439 ἦ
648 4357 736 4442 λίθῳ,
759 4363 888 4441 poterat
910 4356 1008 4422 etiam
1031 4356 1103 4419 κίονι
1125 4355 1210 4418 λίθου
1232 4357 1285 4420 vel
1308 4357 1381 4420 κίονι
1402 4357 1505 4441 λιθίνῳ
1525 4357 1580 4423 νο]
1596 4355 1700 4422 ionice

340 4453 438 4536 λιθίνῳ
466 4451 517 4539 [cf.
540 4455 674 4524 Lobeck
697 4459 796 4544 Soph.
820 4457 890 4523 Al·
915 4460 991 4542 121,
1020 4457 1178 4542 Porphyr.
1202 4463 1327 4540 quaest.
1350 4456 1436 4523 hom.
1459 4479 1485 4524 c.
1501 4455 1543 4545 sl.
1588 4465 1702 4524 contra

340 4555 506 4638 Roeperus
529 4566 564 4622 ut
586 4560 786 4626 trientarium
809 4561 898 4626 illam
922 4579 1106 4626 mensnram
1121 4560 1264 4628 efficeret
1286 4561 1386 4644 κιονέγ
1401 4561 1478 4646 λίθῳ
1501 4560 1701 4644 periclitatus

341 4665 404 4741 est,
432 4678 495 4741 quo
522 4661 692 4728 columnae
715 4663 859 4746 singulos
881 4661 1060 4748 spondylos
1085 4699 1128 4708 —
1154 4661 1200 4729 sio
1223 4662 1308 4730 enirn
1330 4661 1447 4728 Graeci
1470 4662 1510 4727 cf.
1532 4662 1649 4729 Athen.
1672 4665 1700 4728 V

339 4781 370 4844 p.
387 4761 477 4826 acer
491 4799 533 4808 —
545 4761 718 4844 significari
733 4764 874 4831 volebat.
898 4763 956 4829 sed
970 4762 1123 4830 adiectivi
1135 4765 1244 4837 κιύνεος
1256 4765 1433 4831 novitatem
1444 4784 1560 4831 vereor
1571 4785 1613 4831 ne
1623 4771 1701 4850 apte

338 4863 394 4929 ille
416 4864 499 4930 tueri
521 4885 587 4930 non
610 4867 729 4950 possit,
762 4874 797 4932 ut
830 4866 871 4932 de
894 4865 1109 4950 corruptionis
1130 4867 1200 4932 veri
1222 4867 1387 4934 similitate
1409 4874 1547 4934 taceam.
1590 4865 1701 4951 obque

339 4964 585 5036 Teichmuelleri
618 4967 803 5035 coniectura
830 4970 924 5043 κίονος
946 4969 1041 5056 λίθῳ,
1063 4968 1097 5034 in
1129 4987 1226 5052 qnam
1252 4991 1314 5037 nos
1335 4989 1464 5055 qnoque
1486 4969 1562 5036 olim
1584 4969 1702 5040 incide-
