<?xml version="1.0" encoding="UTF-8"?>
<!DOCTYPE html PUBLIC "-//W3C//DTD XHTML 1.0 Transitional//EN"
    "http://www.w3.org/TR/xhtml1/DTD/xhtml1-transitional.dtd">
<html xmlns="http://www.w3.org/1999/xhtml" xml:lang="en" lang="en">
 <head>
  <title>
</title>
<meta http-equiv="Content-Type" content="text/html;charset=utf-8" />
  <meta name='ocr-system' content='tesseract 3.04.00' />
  <meta name='ocr-capabilities' content='ocr_page ocr_carea ocr_par ocr_line ocrx_word'/>
</head>
<body>
  <div class='ocr_page' id='page_1' title='image "./doxographigraec01dielgoog/doxographigraec01dielgoog_0032.png"; bbox 0 0 3710 5730; ppageno 0'>
   <div class='ocr_carea' id='block_1_1' title="bbox 701 431 1511 492">
    <p class='ocr_par' dir='ltr' id='par_1_1' title="bbox 701 431 1511 492">
     <span class='ocr_line' id='line_1_1' title="bbox 701 431 1511 492; baseline 0 -12"><span class='ocrx_word' id='word_1_1' title='bbox 701 431 975 481; x_wconf 76' lang='lat' dir='ltr'><strong>Pxonuoonnun</strong></span> <span class='ocrx_word' id='word_1_2' title='bbox 1473 431 1511 492; x_wconf 75' lang='lat' dir='ltr'><strong>lt</strong></span> 
     </span>
    </p>
   </div>
   <div class='ocr_carea' id='block_1_2' title="bbox 149 595 1522 4771">
    <p class='ocr_par' dir='ltr' id='par_1_2' title="bbox 149 595 1514 1191">
     <span class='ocr_line' id='line_1_2' title="bbox 149 595 1512 685; baseline 0.001 -25"><span class='ocrx_word' id='word_1_3' title='bbox 149 615 244 661; x_wconf 83' lang='lat' dir='ltr'><strong>uerno</strong></span> <span class='ocrx_word' id='word_1_4' title='bbox 265 615 332 660; x_wconf 92' lang='lat' dir='ltr'><strong>non</strong></span> <span class='ocrx_word' id='word_1_5' title='bbox 346 595 446 662; x_wconf 84' lang='lat' dir='ltr'><strong>videt.</strong></span> <span class='ocrx_word' id='word_1_6' title='bbox 482 596 547 661; x_wconf 92' lang='lat' dir='ltr'><strong>iam</strong></span> <span class='ocrx_word' id='word_1_7' title='bbox 566 617 644 662; x_wconf 89' lang='lat' dir='ltr'><strong>vero</strong></span> <span class='ocrx_word' id='word_1_8' title='bbox 659 597 793 680; x_wconf 93' lang='lat' dir='ltr'><strong>nequid</strong></span> <span class='ocrx_word' id='word_1_9' title='bbox 808 597 1068 681; x_wconf 75' lang='lat' dir='ltr'><strong>interpolationis</strong></span> <span class='ocrx_word' id='word_1_10' title='bbox 1083 597 1238 664; x_wconf 79' lang='lat' dir='ltr'><strong>historiae</strong></span> <span class='ocrx_word' id='word_1_11' title='bbox 1255 599 1348 685; x_wconf 86' lang='lat' dir='ltr'><strong>desit,</strong></span> <span class='ocrx_word' id='word_1_12' title='bbox 1372 603 1512 664; x_wconf 88' lang='lat' dir='ltr'><strong>aetatem</strong></span> 
     </span>
     <span class='ocr_line' id='line_1_3' title="bbox 149 697 1513 784; baseline 0.001 -22"><span class='ocrx_word' id='word_1_13' title='bbox 149 697 245 763; x_wconf 86' lang='lat' dir='ltr'><strong>addo.</strong></span> <span class='ocrx_word' id='word_1_14' title='bbox 281 705 420 764; x_wconf 88' lang='lat' dir='ltr'><strong>testatur</strong></span> <span class='ocrx_word' id='word_1_15' title='bbox 441 699 527 764; x_wconf 88' lang='lat' dir='ltr'><strong>enirn</strong></span> <span class='ocrx_word' id='word_1_16' title='bbox 548 701 755 784; x_wconf 78' lang='grc' dir='ltr'>πεπυρωμένον</span> <span class='ocrx_word' id='word_1_17' title='bbox 768 699 961 766; x_wconf 68' lang='lat' dir='ltr'><strong>Laurentius</strong></span> <span class='ocrx_word' id='word_1_18' title='bbox 976 699 1087 783; x_wconf 88' lang='lat' dir='ltr'><strong>Lydus</strong></span> <span class='ocrx_word' id='word_1_19' title='bbox 1100 699 1135 764; x_wconf 90' lang='lat' dir='ltr'><strong>in</strong></span> <span class='ocrx_word' id='word_1_20' title='bbox 1149 700 1231 766; x_wconf 89' lang='lat' dir='ltr'><strong>libro</strong></span> <span class='ocrx_word' id='word_1_21' title='bbox 1247 700 1289 767; x_wconf 88' lang='lat' dir='ltr'><strong>de</strong></span> <span class='ocrx_word' id='word_1_22' title='bbox 1304 721 1405 766; x_wconf 89' lang='lat' dir='ltr'><strong>mens.</strong></span> <span class='ocrx_word' id='word_1_23' title='bbox 1418 701 1467 764; x_wconf 94' lang='lat' dir='ltr'><strong>IlI</strong></span> <span class='ocrx_word' id='word_1_24' title='bbox 1481 701 1513 783; x_wconf 86' lang='lat'><strong>8,</strong></span> 
     </span>
     <span class='ocr_line' id='line_1_4' title="bbox 149 799 1512 888; baseline 0.001 -24"><span class='ocrx_word' id='word_1_25' title='bbox 149 800 203 882; x_wconf 92' lang='lat' dir='ltr'><strong>qui</strong></span> <span class='ocrx_word' id='word_1_26' title='bbox 218 800 301 866; x_wconf 91' lang='lat' dir='ltr'><strong>liber</strong></span> <span class='ocrx_word' id='word_1_27' title='bbox 321 808 396 885; x_wconf 92' lang='lat' dir='ltr'><strong>post</strong></span> <span class='ocrx_word' id='word_1_28' title='bbox 417 801 558 867; x_wconf 88' lang='lat' dir='ltr'><strong>medium</strong></span> <span class='ocrx_word' id='word_1_29' title='bbox 581 822 606 866; x_wconf 90' lang='lat' dir='ltr'><strong>s.</strong></span> <span class='ocrx_word' id='word_1_30' title='bbox 624 801 668 866; x_wconf 91' lang='lat' dir='ltr'><strong>VI</strong></span> <span class='ocrx_word' id='word_1_31' title='bbox 690 801 891 885; x_wconf 89' lang='lat' dir='ltr'><strong>conscriptus</strong></span> <span class='ocrx_word' id='word_1_32' title='bbox 912 809 961 868; x_wconf 91' lang='lat' dir='ltr'><strong>est</strong></span> <span class='ocrx_word' id='word_1_33' title='bbox 983 799 1033 888; x_wconf 86' lang='lat' dir='ltr'><strong>[oi.</strong></span> <span class='ocrx_word' id='word_1_34' title='bbox 1050 801 1138 866; x_wconf 90' lang='lat' dir='ltr'><strong>Hase</strong></span> <span class='ocrx_word' id='word_1_35' title='bbox 1161 803 1212 867; x_wconf 91' lang='lat' dir='ltr'><strong>ed.</strong></span> <span class='ocrx_word' id='word_1_36' title='bbox 1228 802 1373 868; x_wconf 87' lang='lat' dir='ltr'><strong>Bekkeri</strong></span> <span class='ocrx_word' id='word_1_37' title='bbox 1395 824 1427 886; x_wconf 90' lang='lat' dir='ltr'><strong>p.</strong></span> <span class='ocrx_word' id='word_1_38' title='bbox 1443 799 1512 888; x_wconf 68' lang='lat' dir='ltr'><strong>xli.</strong></span> 
     </span>
     <span class='ocr_line' id='line_1_5' title="bbox 150 903 1514 987; baseline 0.002 -20"><span class='ocrx_word' id='word_1_39' title='bbox 150 922 228 984; x_wconf 81' lang='lat' dir='ltr'><strong>ergo</strong></span> <span class='ocrx_word' id='word_1_40' title='bbox 255 903 317 968; x_wconf 87' lang='lat' dir='ltr'><strong>etsi</strong></span> <span class='ocrx_word' id='word_1_41' title='bbox 339 911 472 987; x_wconf 89' lang='lat' dir='ltr'><strong>propter</strong></span> <span class='ocrx_word' id='word_1_42' title='bbox 499 903 584 968; x_wconf 87' lang='lat' dir='ltr'><strong>buno</strong></span> <span class='ocrx_word' id='word_1_43' title='bbox 610 903 740 986; x_wconf 92' lang='lat' dir='ltr'><strong>quidem</strong></span> <span class='ocrx_word' id='word_1_44' title='bbox 767 905 872 970; x_wconf 90' lang='lat' dir='ltr'><strong>locum</strong></span> <span class='ocrx_word' id='word_1_45' title='bbox 903 903 1020 970; x_wconf 78' lang='lat' dir='ltr'><strong>Galeni</strong></span> <span class='ocrx_word' id='word_1_46' title='bbox 1050 903 1217 969; x_wconf 77' lang='lat' dir='ltr'><strong>historiam</strong></span> <span class='ocrx_word' id='word_1_47' title='bbox 1245 905 1329 969; x_wconf 86' lang='lat' dir='ltr'><strong>ultra</strong></span> <span class='ocrx_word' id='word_1_48' title='bbox 1351 926 1375 970; x_wconf 87' lang='lat' dir='ltr'><strong>s.</strong></span> <span class='ocrx_word' id='word_1_49' title='bbox 1392 905 1437 970; x_wconf 86' lang='lat' dir='ltr'><strong>VI</strong></span> <span class='ocrx_word' id='word_1_50' title='bbox 1460 905 1514 970; x_wconf 89' lang='lat' dir='ltr'><strong>de-</strong></span> 
     </span>
     <span class='ocr_line' id='line_1_6' title="bbox 151 1004 1512 1090; baseline 0.002 -21"><span class='ocrx_word' id='word_1_51' title='bbox 151 1004 289 1086; x_wconf 87' lang='lat' dir='ltr'><strong>primere</strong></span> <span class='ocrx_word' id='word_1_52' title='bbox 310 1026 376 1071; x_wconf 92' lang='lat' dir='ltr'><strong>non</strong></span> <span class='ocrx_word' id='word_1_53' title='bbox 398 1013 448 1072; x_wconf 87' lang='lat' dir='ltr'><strong>est</strong></span> <span class='ocrx_word' id='word_1_54' title='bbox 462 1025 606 1090; x_wconf 83' lang='lat' dir='ltr'><strong>neeesse,</strong></span> <span class='ocrx_word' id='word_1_55' title='bbox 629 1012 738 1071; x_wconf 88' lang='lat' dir='ltr'><strong>tamen</strong></span> <span class='ocrx_word' id='word_1_56' title='bbox 758 1005 999 1072; x_wconf 88' lang='lat' dir='ltr'><strong>concedendum</strong></span> <span class='ocrx_word' id='word_1_57' title='bbox 1015 1013 1064 1072; x_wconf 91' lang='lat' dir='ltr'><strong>est</strong></span> <span class='ocrx_word' id='word_1_58' title='bbox 1079 1005 1149 1072; x_wconf 90' lang='lat' dir='ltr'><strong>eius</strong></span> <span class='ocrx_word' id='word_1_59' title='bbox 1163 1007 1342 1090; x_wconf 86' lang='lat' dir='ltr'><strong>exemplari</strong></span> <span class='ocrx_word' id='word_1_60' title='bbox 1357 1007 1512 1090; x_wconf 89' lang='lat' dir='ltr'><strong>quosdam</strong></span> 
     </span>
     <span class='ocr_line' id='line_1_7' title="bbox 151 1106 1412 1191; baseline 0.002 -20"><span class='ocrx_word' id='word_1_61' title='bbox 151 1106 298 1173; x_wconf 78' lang='lat' dir='ltr'><strong>noviciae</strong></span> <span class='ocrx_word' id='word_1_62' title='bbox 320 1115 353 1174; x_wconf 90' lang='lat' dir='ltr'><strong>et</strong></span> <span class='ocrx_word' id='word_1_63' title='bbox 375 1107 516 1174; x_wconf 83' lang='lat' dir='ltr'><strong>Eusebio</strong></span> <span class='ocrx_word' id='word_1_64' title='bbox 538 1107 673 1172; x_wconf 92' lang='lat' dir='ltr'><strong>iunioris</strong></span> <span class='ocrx_word' id='word_1_65' title='bbox 694 1107 954 1191; x_wconf 87' lang='lat' dir='ltr'><strong>interpolationis</strong></span> <span class='ocrx_word' id='word_1_66' title='bbox 975 1109 1134 1174; x_wconf 87' lang='lat' dir='ltr'><strong>naevulos</strong></span> <span class='ocrx_word' id='word_1_67' title='bbox 1155 1107 1281 1173; x_wconf 91' lang='lat' dir='ltr'><strong>inustos</strong></span> <span class='ocrx_word' id='word_1_68' title='bbox 1302 1108 1412 1174; x_wconf 90' lang='lat' dir='ltr'><strong>fuisse.</strong></span> 
     </span>
    </p>

    <p class='ocr_par' dir='ltr' id='par_1_3' title="bbox 150 1209 1514 2318">
     <span class='ocr_line' id='line_1_8' title="bbox 237 1209 1513 1294; baseline 0.002 -20"><span class='ocrx_word' id='word_1_69' title='bbox 237 1211 287 1275; x_wconf 89' lang='lat' dir='ltr'><strong>De</strong></span> <span class='ocrx_word' id='word_1_70' title='bbox 309 1210 417 1294; x_wconf 87' lang='lat' dir='ltr'><strong>Lydo</strong></span> <span class='ocrx_word' id='word_1_71' title='bbox 440 1229 545 1293; x_wconf 90' lang='lat' dir='ltr'><strong>panea</strong></span> <span class='ocrx_word' id='word_1_72' title='bbox 567 1209 707 1275; x_wconf 89' lang='lat' dir='ltr'><strong>dicenda</strong></span> <span class='ocrx_word' id='word_1_73' title='bbox 728 1210 806 1276; x_wconf 92' lang='lat' dir='ltr'><strong>mibi</strong></span> <span class='ocrx_word' id='word_1_74' title='bbox 829 1219 912 1276; x_wconf 85' lang='lat' dir='ltr'><strong>sunt</strong></span> <span class='ocrx_word' id='word_1_75' title='bbox 957 1211 1119 1294; x_wconf 80' lang='lat' dir='ltr'><strong>excerpsit</strong></span> <span class='ocrx_word' id='word_1_76' title='bbox 1141 1211 1182 1276; x_wconf 93' lang='lat' dir='ltr'><strong>de</strong></span> <span class='ocrx_word' id='word_1_77' title='bbox 1206 1231 1306 1277; x_wconf 91' lang='lat' dir='ltr'><strong>mens.</strong></span> <span class='ocrx_word' id='word_1_78' title='bbox 1323 1213 1372 1276; x_wconf 92' lang='grc' dir='ltr'><strong>ΠΙ</strong></span> <span class='ocrx_word' id='word_1_79' title='bbox 1394 1213 1415 1276; x_wconf 84' lang='grc'>8</span> <span class='ocrx_word' id='word_1_80' title='bbox 1442 1214 1513 1278; x_wconf 86' lang='grc' dir='ltr'><strong>Ρλυ-</strong></span> 
     </span>
     <span class='ocr_line' id='line_1_9' title="bbox 151 1311 1514 1397; baseline 0.003 -21"><span class='ocrx_word' id='word_1_81' title='bbox 151 1312 254 1378; x_wconf 87' lang='lat' dir='ltr'><strong>tarobi</strong></span> <span class='ocrx_word' id='word_1_82' title='bbox 276 1313 385 1396; x_wconf 90' lang='lat' dir='ltr'><strong>capita</strong></span> <span class='ocrx_word' id='word_1_83' title='bbox 406 1312 522 1377; x_wconf 88' lang='lat' dir='ltr'><strong>eadem</strong></span> <span class='ocrx_word' id='word_1_84' title='bbox 543 1312 575 1376; x_wconf 95' lang='lat' dir='ltr'><strong>Il</strong></span> <span class='ocrx_word' id='word_1_85' title='bbox 590 1311 642 1382; x_wconf 69' lang='lat'><strong>251.</strong></span> <span class='ocrx_word' id='word_1_86' title='bbox 665 1311 717 1376; x_wconf 79' lang='lat'><strong>28.</strong></span> <span class='ocrx_word' id='word_1_87' title='bbox 740 1313 796 1396; x_wconf 86' lang='lat'><strong>31,</strong></span> <span class='ocrx_word' id='word_1_88' title='bbox 824 1314 963 1395; x_wconf 90' lang='lat' dir='ltr'><strong>quaein</strong></span> <span class='ocrx_word' id='word_1_89' title='bbox 985 1313 1118 1381; x_wconf 82' lang='lat' dir='ltr'><strong>Eusebii</strong></span> <span class='ocrx_word' id='word_1_90' title='bbox 1146 1313 1266 1397; x_wconf 81' lang='lat' dir='ltr'><strong>eologis</strong></span> <span class='ocrx_word' id='word_1_91' title='bbox 1289 1323 1411 1380; x_wconf 86' lang='lat' dir='ltr'><strong>extant.</strong></span> <span class='ocrx_word' id='word_1_92' title='bbox 1455 1316 1514 1382; x_wconf 87' lang='lat' dir='ltr'><strong>sed</strong></span> 
     </span>
     <span class='ocr_line' id='line_1_10' title="bbox 150 1413 1514 1500; baseline 0.003 -22"><span class='ocrx_word' id='word_1_93' title='bbox 150 1413 272 1480; x_wconf 81' lang='lat' dir='ltr'><strong>fallitur</strong></span> <span class='ocrx_word' id='word_1_94' title='bbox 294 1416 321 1480; x_wconf 92' lang='lat' dir='ltr'><strong>si</strong></span> <span class='ocrx_word' id='word_1_95' title='bbox 344 1414 417 1498; x_wconf 87' lang='lat' dir='ltr'><strong>quis</strong></span> <span class='ocrx_word' id='word_1_96' title='bbox 438 1414 514 1480; x_wconf 91' lang='lat' dir='ltr'><strong>inde</strong></span> <span class='ocrx_word' id='word_1_97' title='bbox 535 1413 664 1498; x_wconf 86' lang='lat' dir='ltr'><strong>Lydum</strong></span> <span class='ocrx_word' id='word_1_98' title='bbox 690 1413 838 1480; x_wconf 87' lang='lat' dir='ltr'><strong>hausisse</strong></span> <span class='ocrx_word' id='word_1_99' title='bbox 861 1416 1018 1500; x_wconf 88' lang='lat' dir='ltr'><strong>opinetur.</strong></span> <span class='ocrx_word' id='word_1_100' title='bbox 1069 1435 1143 1480; x_wconf 87' lang='lat' dir='ltr'><strong>nam</strong></span> <span class='ocrx_word' id='word_1_101' title='bbox 1177 1416 1324 1498; x_wconf 85' lang='lat' dir='ltr'><strong>quamvis</strong></span> <span class='ocrx_word' id='word_1_102' title='bbox 1351 1417 1514 1482; x_wconf 89' lang='lat' dir='ltr'><strong>simillima</strong></span> 
     </span>
     <span class='ocr_line' id='line_1_11' title="bbox 151 1517 1514 1602; baseline 0.001 -20"><span class='ocrx_word' id='word_1_103' title='bbox 151 1518 215 1582; x_wconf 87' lang='lat' dir='ltr'><strong>sint</strong></span> <span class='ocrx_word' id='word_1_104' title='bbox 237 1518 440 1601; x_wconf 87' lang='lat' dir='ltr'><strong>exemplaria</strong></span> <span class='ocrx_word' id='word_1_105' title='bbox 462 1517 628 1598; x_wconf 89' lang='lat' dir='ltr'><strong>utriusque</strong></span> <span class='ocrx_word' id='word_1_106' title='bbox 650 1523 686 1580; x_wconf 91' lang='lat' dir='ltr'><strong>nt</strong></span> <span class='ocrx_word' id='word_1_107' title='bbox 707 1517 865 1602; x_wconf 83' lang='lat' dir='ltr'><strong>vulgaria,</strong></span> <span class='ocrx_word' id='word_1_108' title='bbox 887 1524 997 1586; x_wconf 89' lang='lat' dir='ltr'><strong>tamen</strong></span> <span class='ocrx_word' id='word_1_109' title='bbox 1019 1525 1069 1584; x_wconf 87' lang='lat' dir='ltr'><strong>est</strong></span> <span class='ocrx_word' id='word_1_110' title='bbox 1091 1517 1146 1582; x_wconf 92' lang='lat' dir='ltr'><strong>ubi</strong></span> <span class='ocrx_word' id='word_1_111' title='bbox 1167 1517 1297 1584; x_wconf 88' lang='lat' dir='ltr'><strong>distent.</strong></span> <span class='ocrx_word' id='word_1_112' title='bbox 1332 1520 1443 1602; x_wconf 90' lang='lat' dir='ltr'><strong>lapsus</strong></span> <span class='ocrx_word' id='word_1_113' title='bbox 1465 1527 1514 1585; x_wconf 92' lang='lat' dir='ltr'><strong>est</strong></span> 
     </span>
     <span class='ocr_line' id='line_1_12' title="bbox 151 1619 1512 1704; baseline 0.001 -19"><span class='ocrx_word' id='word_1_114' title='bbox 151 1620 310 1686; x_wconf 78' lang='lat' dir='ltr'><strong>Eusebius</strong></span> <span class='ocrx_word' id='word_1_115' title='bbox 331 1621 364 1686; x_wconf 91' lang='grc' dir='ltr'><strong>Π</strong></span> <span class='ocrx_word' id='word_1_116' title='bbox 386 1621 428 1686; x_wconf 74' lang='lat'><strong>25</strong></span> <span class='ocrx_word' id='word_1_117' title='bbox 447 1633 462 1684; x_wconf 85' lang='lat' dir='ltr'><strong>e</strong></span> <span class='ocrx_word' id='word_1_118' title='bbox 484 1623 611 1704; x_wconf 77' lang='grc' dir='ltr'>γεώδους</span> <span class='ocrx_word' id='word_1_119' title='bbox 634 1619 804 1702; x_wconf 88' lang='lat' dir='ltr'><strong>mutando,</strong></span> <span class='ocrx_word' id='word_1_120' title='bbox 832 1627 920 1687; x_wconf 90' lang='lat' dir='ltr'><strong>recte</strong></span> <span class='ocrx_word' id='word_1_121' title='bbox 941 1623 997 1688; x_wconf 89' lang='lat' dir='ltr'><strong>ille</strong></span> <span class='ocrx_word' id='word_1_122' title='bbox 1018 1641 1090 1686; x_wconf 90' lang='lat' dir='ltr'><strong>cum</strong></span> <span class='ocrx_word' id='word_1_123' title='bbox 1110 1619 1226 1686; x_wconf 90' lang='lat' dir='ltr'><strong>ceteris</strong></span> <span class='ocrx_word' id='word_1_124' title='bbox 1246 1624 1415 1704; x_wconf 77' lang='grc' dir='ltr'>πυρώδους,</span> <span class='ocrx_word' id='word_1_125' title='bbox 1436 1622 1512 1688; x_wconf 91' lang='lat' dir='ltr'><strong>item</strong></span> 
     </span>
     <span class='ocr_line' id='line_1_13' title="bbox 151 1721 1514 1808; baseline 0.001 -20"><span class='ocrx_word' id='word_1_126' title='bbox 151 1723 182 1787; x_wconf 90' lang='lat' dir='ltr'><strong>II</strong></span> <span class='ocrx_word' id='word_1_127' title='bbox 197 1723 239 1788; x_wconf 73' lang='grc'><strong>28</strong></span> <span class='ocrx_word' id='word_1_128' title='bbox 258 1733 275 1786; x_wconf 77' lang='lat'>4</span> <span class='ocrx_word' id='word_1_129' title='bbox 297 1724 550 1808; x_wconf 86' lang='grc' dir='ltr'><strong>ὑποκρυπτόμενον</strong></span> <span class='ocrx_word' id='word_1_130' title='bbox 564 1721 734 1806; x_wconf 80' lang='lat' dir='ltr'><strong>Eusebius,</strong></span> <span class='ocrx_word' id='word_1_131' title='bbox 749 1724 1002 1807; x_wconf 69' lang='grc' dir='ltr'>ἀποκρυπτόμενον</span> <span class='ocrx_word' id='word_1_132' title='bbox 1017 1729 1053 1788; x_wconf 89' lang='lat' dir='ltr'><strong>ut</strong></span> <span class='ocrx_word' id='word_1_133' title='bbox 1067 1723 1164 1804; x_wconf 83' lang='lat' dir='ltr'><strong>vulgo</strong></span> <span class='ocrx_word' id='word_1_134' title='bbox 1180 1722 1299 1806; x_wconf 85' lang='lat' dir='ltr'><strong>Lydus.</strong></span> <span class='ocrx_word' id='word_1_135' title='bbox 1327 1725 1385 1790; x_wconf 73' lang='lat' dir='ltr'><strong>seri</strong></span> <span class='ocrx_word' id='word_1_136' title='bbox 1400 1723 1514 1790; x_wconf 81' lang='lat' dir='ltr'><strong>fortius</strong></span> 
     </span>
     <span class='ocr_line' id='line_1_14' title="bbox 151 1823 1514 1912; baseline 0.001 -23"><span class='ocrx_word' id='word_1_137' title='bbox 151 1824 213 1890; x_wconf 86' lang='lat' dir='ltr'><strong>hou</strong></span> <span class='ocrx_word' id='word_1_138' title='bbox 227 1825 315 1908; x_wconf 81' lang='lat' dir='ltr'><strong>quod</strong></span> <span class='ocrx_word' id='word_1_139' title='bbox 329 1825 442 1910; x_wconf 83' lang='lat' dir='ltr'><strong>Lydus</strong></span> <span class='ocrx_word' id='word_1_140' title='bbox 457 1843 496 1890; x_wconf 79' lang='lat' dir='ltr'><strong>ae</strong></span> <span class='ocrx_word' id='word_1_141' title='bbox 512 1825 684 1910; x_wconf 79' lang='lat' dir='ltr'><strong>Byzantini</strong></span> <span class='ocrx_word' id='word_1_142' title='bbox 699 1825 731 1888; x_wconf 89' lang='lat' dir='ltr'>H</span> <span class='ocrx_word' id='word_1_143' title='bbox 746 1826 787 1890; x_wconf 81' lang='lat'><strong>25</strong></span> <span class='ocrx_word' id='word_1_144' title='bbox 806 1833 837 1888; x_wconf 86' lang='lat'><strong>13</strong></span> <span class='ocrx_word' id='word_1_145' title='bbox 856 1826 1075 1912; x_wconf 82' lang='grc' dir='ltr'><strong>περιειλημίνην</strong></span> <span class='ocrx_word' id='word_1_146' title='bbox 1090 1823 1359 1911; x_wconf 77' lang='grc' dir='ltr'><strong>(περιειλημμένην)</strong></span> <span class='ocrx_word' id='word_1_147' title='bbox 1373 1826 1514 1910; x_wconf 88' lang='lat' dir='ltr'><strong>interpo-</strong></span> 
     </span>
     <span class='ocr_line' id='line_1_15' title="bbox 151 1926 1514 2014; baseline 0.003 -24"><span class='ocrx_word' id='word_1_148' title='bbox 151 1928 250 1993; x_wconf 87' lang='lat' dir='ltr'><strong>latum</strong></span> <span class='ocrx_word' id='word_1_149' title='bbox 267 1926 431 1993; x_wconf 82' lang='lat' dir='ltr'><strong>exhibent.</strong></span> <span class='ocrx_word' id='word_1_150' title='bbox 459 1947 570 1994; x_wconf 88' lang='lat' dir='ltr'><strong>verum</strong></span> <span class='ocrx_word' id='word_1_151' title='bbox 593 1934 643 1994; x_wconf 89' lang='lat' dir='ltr'><strong>est</strong></span> <span class='ocrx_word' id='word_1_152' title='bbox 657 1929 867 2014; x_wconf 77' lang='grc' dir='ltr'><strong>περιεχομένην</strong></span> <span class='ocrx_word' id='word_1_153' title='bbox 882 1928 1026 1994; x_wconf 86' lang='lat' dir='ltr'><strong>Stobaei.</strong></span> <span class='ocrx_word' id='word_1_154' title='bbox 1057 1945 1188 1993; x_wconf 89' lang='lat' dir='ltr'><strong>eausam</strong></span> <span class='ocrx_word' id='word_1_155' title='bbox 1210 1928 1389 2010; x_wconf 85' lang='lat' dir='ltr'><strong>corrigendi</strong></span> <span class='ocrx_word' id='word_1_156' title='bbox 1413 1929 1514 1994; x_wconf 89' lang='lat' dir='ltr'><strong>dabat</strong></span> 
     </span>
     <span class='ocr_line' id='line_1_16' title="bbox 154 2029 1513 2116; baseline 0.001 -22"><span class='ocrx_word' id='word_1_157' title='bbox 154 2030 282 2095; x_wconf 77' lang='lat' dir='ltr'><strong>Eusebii</strong></span> <span class='ocrx_word' id='word_1_158' title='bbox 305 2037 489 2112; x_wconf 85' lang='lat' dir='ltr'><strong>corruptum</strong></span> <span class='ocrx_word' id='word_1_159' title='bbox 511 2029 626 2095; x_wconf 84' lang='lat' dir='ltr'><strong>leviter</strong></span> <span class='ocrx_word' id='word_1_160' title='bbox 647 2031 884 2115; x_wconf 80' lang='grc' dir='ltr'><strong>περιερχομένην.</strong></span> <span class='ocrx_word' id='word_1_161' title='bbox 917 2030 1031 2096; x_wconf 86' lang='lat' dir='ltr'><strong>eodem</strong></span> <span class='ocrx_word' id='word_1_162' title='bbox 1053 2030 1192 2112; x_wconf 81' lang='lat' dir='ltr'><strong>pertinet</strong></span> <span class='ocrx_word' id='word_1_163' title='bbox 1213 2031 1292 2095; x_wconf 91' lang='lat' dir='ltr'><strong>illud</strong></span> <span class='ocrx_word' id='word_1_164' title='bbox 1307 2031 1513 2116; x_wconf 78' lang='grc' dir='ltr'><strong>πεπυρωμένον</strong></span> 
     </span>
     <span class='ocr_line' id='line_1_17' title="bbox 153 2130 1514 2216; baseline 0.003 -22"><span class='ocrx_word' id='word_1_165' title='bbox 153 2135 258 2216; x_wconf 88' lang='lat' dir='ltr'><strong>quode</strong></span> <span class='ocrx_word' id='word_1_166' title='bbox 273 2132 351 2197; x_wconf 87' lang='lat' dir='ltr'><strong>dixi.</strong></span> <span class='ocrx_word' id='word_1_167' title='bbox 386 2131 516 2198; x_wconf 92' lang='lat' dir='ltr'><strong>omnino</strong></span> <span class='ocrx_word' id='word_1_168' title='bbox 533 2130 644 2216; x_wconf 87' lang='lat' dir='ltr'><strong>Lydus</strong></span> <span class='ocrx_word' id='word_1_169' title='bbox 658 2138 706 2196; x_wconf 92' lang='lat' dir='ltr'><strong>tot</strong></span> <span class='ocrx_word' id='word_1_170' title='bbox 721 2131 899 2196; x_wconf 84' lang='lat' dir='ltr'><strong>illustribus</strong></span> <span class='ocrx_word' id='word_1_171' title='bbox 913 2131 1123 2216; x_wconf 88' lang='lat' dir='ltr'><strong>scriptoribus</strong></span> <span class='ocrx_word' id='word_1_172' title='bbox 1137 2139 1170 2197; x_wconf 88' lang='lat' dir='ltr'><strong>et</strong></span> <span class='ocrx_word' id='word_1_173' title='bbox 1184 2134 1310 2214; x_wconf 82' lang='lat' dir='ltr'><strong>graecis</strong></span> <span class='ocrx_word' id='word_1_174' title='bbox 1325 2141 1358 2200; x_wconf 88' lang='lat' dir='ltr'><strong>et</strong></span> <span class='ocrx_word' id='word_1_175' title='bbox 1372 2135 1514 2200; x_wconf 91' lang='lat' dir='ltr'><strong>romanis</strong></span> 
     </span>
     <span class='ocr_line' id='line_1_18' title="bbox 153 2233 1379 2318; baseline 0.001 -17"><span class='ocrx_word' id='word_1_176' title='bbox 153 2257 228 2302; x_wconf 88' lang='lat' dir='ltr'><strong>usus</strong></span> <span class='ocrx_word' id='word_1_177' title='bbox 251 2235 338 2300; x_wconf 90' lang='lat' dir='ltr'><strong>istud</strong></span> <span class='ocrx_word' id='word_1_178' title='bbox 360 2234 608 2300; x_wconf 84' lang='lat' dir='ltr'><strong>christianorum</strong></span> <span class='ocrx_word' id='word_1_179' title='bbox 631 2234 876 2318; x_wconf 80' lang='lat' dir='ltr'><strong>compilatorum</strong></span> <span class='ocrx_word' id='word_1_180' title='bbox 899 2254 1001 2317; x_wconf 88' lang='lat' dir='ltr'><strong>genus</strong></span> <span class='ocrx_word' id='word_1_181' title='bbox 1023 2233 1151 2300; x_wconf 81' lang='lat' dir='ltr'><strong>ridetur</strong></span> <span class='ocrx_word' id='word_1_182' title='bbox 1172 2233 1379 2304; x_wconf 78' lang='lat' dir='ltr'><strong>fastidivisse.</strong></span> 
     </span>
    </p>

    <p class='ocr_par' dir='ltr' id='par_1_4' title="bbox 152 2336 1520 4567">
     <span class='ocr_line' id='line_1_19' title="bbox 236 2336 1514 2423; baseline 0.002 -21"><span class='ocrx_word' id='word_1_183' title='bbox 236 2339 340 2402; x_wconf 89' lang='lat' dir='ltr'><strong>Huius</strong></span> <span class='ocrx_word' id='word_1_184' title='bbox 355 2336 483 2420; x_wconf 85' lang='lat' dir='ltr'><strong>generis</strong></span> <span class='ocrx_word' id='word_1_185' title='bbox 498 2343 547 2402; x_wconf 90' lang='lat' dir='ltr'><strong>ost</strong></span> <span class='ocrx_word' id='word_1_186' title='bbox 567 2336 932 2422; x_wconf 86' lang='lat' dir='ltr'><strong>Pseudo-lustinus,</strong></span> <span class='ocrx_word' id='word_1_187' title='bbox 956 2338 1009 2422; x_wconf 92' lang='lat' dir='ltr'><strong>qui</strong></span> <span class='ocrx_word' id='word_1_188' title='bbox 1032 2337 1287 2404; x_wconf 88' lang='lat' dir='ltr'><strong>cohortationem</strong></span> <span class='ocrx_word' id='word_1_189' title='bbox 1309 2339 1353 2406; x_wconf 89' lang='lat' dir='ltr'><strong>ad</strong></span> <span class='ocrx_word' id='word_1_190' title='bbox 1374 2339 1514 2423; x_wconf 84' lang='lat' dir='ltr'><strong>gentiles</strong></span> 
     </span>
     <span class='ocr_line' id='line_1_20' title="bbox 152 2437 1513 2524; baseline -0.001 -16"><span class='ocrx_word' id='word_1_191' title='bbox 152 2463 217 2508; x_wconf 93' lang='lat' dir='ltr'><strong>non</strong></span> <span class='ocrx_word' id='word_1_192' title='bbox 233 2439 331 2506; x_wconf 91' lang='lat' dir='ltr'><strong>nullis</strong></span> <span class='ocrx_word' id='word_1_193' title='bbox 344 2461 385 2505; x_wconf 87' lang='lat' dir='ltr'><strong>ex</strong></span> <span class='ocrx_word' id='word_1_194' title='bbox 400 2437 574 2504; x_wconf 88' lang='lat' dir='ltr'><strong>Plutarcho</strong></span> <span class='ocrx_word' id='word_1_195' title='bbox 590 2437 721 2504; x_wconf 88' lang='lat' dir='ltr'><strong>floribus</strong></span> <span class='ocrx_word' id='word_1_196' title='bbox 736 2439 916 2506; x_wconf 81' lang='lat' dir='ltr'><strong>exornavit.</strong></span> <span class='ocrx_word' id='word_1_197' title='bbox 948 2459 1043 2523; x_wconf 89' lang='lat' dir='ltr'><strong>quem</strong></span> <span class='ocrx_word' id='word_1_198' title='bbox 1058 2440 1246 2524; x_wconf 87' lang='lat' dir='ltr'><strong>scriptorem</strong></span> <span class='ocrx_word' id='word_1_199' title='bbox 1262 2442 1335 2508; x_wconf 90' lang='lat' dir='ltr'><strong>ideo</strong></span> <span class='ocrx_word' id='word_1_200' title='bbox 1350 2447 1513 2524; x_wconf 90' lang='lat' dir='ltr'><strong>postremo</strong></span> 
     </span>
     <span class='ocr_line' id='line_1_21' title="bbox 153 2539 1514 2626; baseline -0.001 -18"><span class='ocrx_word' id='word_1_201' title='bbox 153 2543 305 2610; x_wconf 86' lang='lat' dir='ltr'><strong>hocloco</strong></span> <span class='ocrx_word' id='word_1_202' title='bbox 328 2539 470 2622; x_wconf 88' lang='lat' dir='ltr'><strong>nomino,</strong></span> <span class='ocrx_word' id='word_1_203' title='bbox 493 2539 569 2623; x_wconf 90' lang='lat' dir='ltr'><strong>quia</strong></span> <span class='ocrx_word' id='word_1_204' title='bbox 591 2540 632 2606; x_wconf 91' lang='lat' dir='ltr'><strong>de</strong></span> <span class='ocrx_word' id='word_1_205' title='bbox 654 2547 763 2607; x_wconf 87' lang='lat' dir='ltr'><strong>aetate</strong></span> <span class='ocrx_word' id='word_1_206' title='bbox 785 2541 1037 2623; x_wconf 84' lang='lat' dir='ltr'><strong>haudquaquam</strong></span> <span class='ocrx_word' id='word_1_207' title='bbox 1053 2548 1189 2608; x_wconf 87' lang='lat' dir='ltr'><strong>constat.</strong></span> <span class='ocrx_word' id='word_1_208' title='bbox 1224 2543 1285 2610; x_wconf 91' lang='lat' dir='ltr'><strong>hoo</strong></span> <span class='ocrx_word' id='word_1_209' title='bbox 1300 2550 1409 2610; x_wconf 63' lang='lat' dir='ltr'><strong>umen</strong></span> <span class='ocrx_word' id='word_1_210' title='bbox 1424 2549 1514 2626; x_wconf 90' lang='lat' dir='ltr'><strong>patet</strong></span> 
     </span>
     <span class='ocr_line' id='line_1_22' title="bbox 153 2642 1511 2730; baseline -0.002 -19"><span class='ocrx_word' id='word_1_211' title='bbox 153 2645 275 2730; x_wconf 81' lang='lat' dir='ltr'><strong>Cyrillo</strong></span> <span class='ocrx_word' id='word_1_212' title='bbox 304 2643 518 2726; x_wconf 89' lang='lat' dir='ltr'><strong>antiquiorem</strong></span> <span class='ocrx_word' id='word_1_213' title='bbox 541 2662 614 2707; x_wconf 90' lang='lat' dir='ltr'><strong>eum</strong></span> <span class='ocrx_word' id='word_1_214' title='bbox 636 2663 723 2728; x_wconf 86' lang='lat' dir='ltr'><strong>esse,</strong></span> <span class='ocrx_word' id='word_1_215' title='bbox 746 2642 865 2726; x_wconf 91' lang='lat' dir='ltr'><strong>quippe</strong></span> <span class='ocrx_word' id='word_1_216' title='bbox 887 2643 941 2725; x_wconf 92' lang='lat' dir='ltr'><strong>qui</strong></span> <span class='ocrx_word' id='word_1_217' title='bbox 963 2643 1038 2709; x_wconf 87' lang='lat' dir='ltr'><strong>adv.</strong></span> <span class='ocrx_word' id='word_1_218' title='bbox 1054 2643 1113 2708; x_wconf 90' lang='lat' dir='ltr'><strong>Iul.</strong></span> <span class='ocrx_word' id='word_1_219' title='bbox 1130 2644 1162 2707; x_wconf 90' lang='grc' dir='ltr'>Π</span> <span class='ocrx_word' id='word_1_220' title='bbox 1180 2665 1211 2728; x_wconf 93' lang='lat' dir='ltr'><strong>p.</strong></span> <span class='ocrx_word' id='word_1_221' title='bbox 1227 2646 1320 2710; x_wconf 86' lang='lat' dir='ltr'><strong>48nc</strong></span> <span class='ocrx_word' id='word_1_222' title='bbox 1340 2665 1381 2711; x_wconf 86' lang='lat' dir='ltr'><strong>ex</strong></span> <span class='ocrx_word' id='word_1_223' title='bbox 1404 2665 1430 2710; x_wconf 89' lang='lat' dir='ltr'><strong>e.</strong></span> <span class='ocrx_word' id='word_1_224' title='bbox 1447 2645 1477 2709; x_wconf 85' lang='lat'><strong>6.</strong></span> <span class='ocrx_word' id='word_1_225' title='bbox 1495 2645 1511 2708; x_wconf 79' lang='lat' dir='ltr'><strong>&#39;i</strong></span> 
     </span>
     <span class='ocr_line' id='line_1_23' title="bbox 152 2743 1515 2831; baseline -0.001 -19"><span class='ocrx_word' id='word_1_226' title='bbox 152 2767 217 2812; x_wconf 93' lang='lat' dir='ltr'><strong>non</strong></span> <span class='ocrx_word' id='word_1_227' title='bbox 239 2748 330 2812; x_wconf 86' lang='lat' dir='ltr'><strong>nulla</strong></span> <span class='ocrx_word' id='word_1_228' title='bbox 351 2745 395 2810; x_wconf 91' lang='lat' dir='ltr'><strong>ad</strong></span> <span class='ocrx_word' id='word_1_229' title='bbox 422 2743 558 2831; x_wconf 85' lang='lat' dir='ltr'><strong>verbum</strong></span> <span class='ocrx_word' id='word_1_230' title='bbox 577 2743 647 2810; x_wconf 83' lang='lat' dir='ltr'><strong>lere</strong></span> <span class='ocrx_word' id='word_1_231' title='bbox 674 2745 880 2828; x_wconf 87' lang='lat' dir='ltr'><strong>excerpserit.</strong></span> <span class='ocrx_word' id='word_1_232' title='bbox 915 2743 1054 2811; x_wconf 87' lang='lat' dir='ltr'><strong>fortasse</strong></span> <span class='ocrx_word' id='word_1_233' title='bbox 1083 2745 1126 2812; x_wconf 87' lang='lat' dir='ltr'><strong>ab</strong></span> <span class='ocrx_word' id='word_1_234' title='bbox 1148 2747 1378 2830; x_wconf 84' lang='lat' dir='ltr'><strong>Athenagorae</strong></span> <span class='ocrx_word' id='word_1_235' title='bbox 1404 2752 1515 2812; x_wconf 84' lang='lat' dir='ltr'><strong>aetate</strong></span> 
     </span>
     <span class='ocr_line' id='line_1_24' title="bbox 152 2846 1516 2931; baseline 0 -19"><span class='ocrx_word' id='word_1_236' title='bbox 152 2848 297 2930; x_wconf 87' lang='lat' dir='ltr'><strong>proxime</strong></span> <span class='ocrx_word' id='word_1_237' title='bbox 312 2848 421 2931; x_wconf 88' lang='lat' dir='ltr'><strong>distat,</strong></span> <span class='ocrx_word' id='word_1_238' title='bbox 444 2846 534 2912; x_wconf 85' lang='lat' dir='ltr'><strong>cuius</strong></span> <span class='ocrx_word' id='word_1_239' title='bbox 557 2847 591 2912; x_wconf 94' lang='lat' dir='ltr'><strong>in</strong></span> <span class='ocrx_word' id='word_1_240' title='bbox 607 2847 802 2931; x_wconf 89' lang='lat' dir='ltr'><strong>compilandi</strong></span> <span class='ocrx_word' id='word_1_241' title='bbox 815 2846 966 2913; x_wconf 85' lang='lat' dir='ltr'><strong>libertate</strong></span> <span class='ocrx_word' id='word_1_242' title='bbox 988 2847 1177 2930; x_wconf 89' lang='lat' dir='ltr'><strong>reliquaque</strong></span> <span class='ocrx_word' id='word_1_243' title='bbox 1200 2847 1380 2914; x_wconf 87' lang='lat' dir='ltr'><strong>eruditione</strong></span> <span class='ocrx_word' id='word_1_244' title='bbox 1402 2847 1516 2914; x_wconf 90' lang='lat' dir='ltr'><strong>similis</strong></span> 
     </span>
     <span class='ocr_line' id='line_1_25' title="bbox 153 2947 1515 3032; baseline -0.001 -16"><span class='ocrx_word' id='word_1_245' title='bbox 153 2957 211 3016; x_wconf 90' lang='lat' dir='ltr'><strong>est.</strong></span> <span class='ocrx_word' id='word_1_246' title='bbox 255 2971 332 3016; x_wconf 91' lang='lat' dir='ltr'><strong>nam</strong></span> <span class='ocrx_word' id='word_1_247' title='bbox 352 2949 537 3016; x_wconf 84' lang='lat' dir='ltr'><strong>Aristotelis</strong></span> <span class='ocrx_word' id='word_1_248' title='bbox 560 2950 613 3032; x_wconf 91' lang='lat' dir='ltr'><strong>qui</strong></span> <span class='ocrx_word' id='word_1_249' title='bbox 635 2949 737 3016; x_wconf 84' lang='lat' dir='ltr'><strong>fertur</strong></span> <span class='ocrx_word' id='word_1_250' title='bbox 760 2947 935 3014; x_wconf 91' lang='lat' dir='ltr'><strong>Posidonio</strong></span> <span class='ocrx_word' id='word_1_251' title='bbox 958 2947 1143 3014; x_wconf 87' lang='lat' dir='ltr'><strong>inferiorem</strong></span> <span class='ocrx_word' id='word_1_252' title='bbox 1166 2947 1309 3014; x_wconf 88' lang='lat' dir='ltr'><strong>libellum</strong></span> <span class='ocrx_word' id='word_1_253' title='bbox 1332 2950 1374 3016; x_wconf 91' lang='lat' dir='ltr'><strong>de</strong></span> <span class='ocrx_word' id='word_1_254' title='bbox 1396 2950 1515 3014; x_wconf 90' lang='lat' dir='ltr'><strong>mundo</strong></span> 
     </span>
     <span class='ocr_line' id='line_1_26' title="bbox 153 3050 1515 3136; baseline 0.001 -19"><span class='ocrx_word' id='word_1_255' title='bbox 153 3053 343 3120; x_wconf 89' lang='lat' dir='ltr'><strong>nominatim</strong></span> <span class='ocrx_word' id='word_1_256' title='bbox 358 3053 453 3120; x_wconf 82' lang='lat' dir='ltr'><strong>affert</strong></span> <span class='ocrx_word' id='word_1_257' title='bbox 475 3071 501 3116; x_wconf 89' lang='lat' dir='ltr'><strong>o.</strong></span> <span class='ocrx_word' id='word_1_258' title='bbox 518 3054 539 3116; x_wconf 82' lang='lat'><strong>5</strong></span> <span class='ocrx_word' id='word_1_259' title='bbox 554 3059 587 3118; x_wconf 89' lang='lat' dir='ltr'><strong>et</strong></span> <span class='ocrx_word' id='word_1_260' title='bbox 601 3052 739 3118; x_wconf 81' lang='lat' dir='ltr'><strong>fortasse</strong></span> <span class='ocrx_word' id='word_1_261' title='bbox 755 3051 798 3118; x_wconf 89' lang='lat' dir='ltr'><strong>ad</strong></span> <span class='ocrx_word' id='word_1_262' title='bbox 811 3051 917 3134; x_wconf 90' lang='lat' dir='ltr'><strong>ipsum</strong></span> <span class='ocrx_word' id='word_1_263' title='bbox 928 3050 1136 3118; x_wconf 80' lang='lat' dir='ltr'><strong>Aristotelem</strong></span> <span class='ocrx_word' id='word_1_264' title='bbox 1159 3051 1201 3116; x_wconf 91' lang='lat' dir='ltr'><strong>de</strong></span> <span class='ocrx_word' id='word_1_265' title='bbox 1216 3051 1325 3116; x_wconf 88' lang='lat' dir='ltr'><strong>anima</strong></span> <span class='ocrx_word' id='word_1_266' title='bbox 1340 3053 1387 3117; x_wconf 82' lang='lat'><strong>12</strong></span> <span class='ocrx_word' id='word_1_267' title='bbox 1408 3073 1438 3136; x_wconf 94' lang='lat' dir='ltr'><strong>p.</strong></span> <span class='ocrx_word' id='word_1_268' title='bbox 1450 3054 1515 3118; x_wconf 79' lang='lat'><strong>405</strong></span> 
     </span>
     <span class='ocr_line' id='line_1_27' title="bbox 153 3152 1516 3239; baseline 0.003 -21"><span class='ocrx_word' id='word_1_269' title='bbox 153 3153 325 3221; x_wconf 82' lang='lat' dir='ltr'><strong>referenda</strong></span> <span class='ocrx_word' id='word_1_270' title='bbox 339 3173 423 3238; x_wconf 87' lang='lat' dir='ltr'><strong>quae</strong></span> <span class='ocrx_word' id='word_1_271' title='bbox 438 3154 496 3218; x_wconf 83' lang='lat' dir='ltr'><strong>ci</strong></span> <span class='ocrx_word' id='word_1_272' title='bbox 513 3153 555 3220; x_wconf 91' lang='lat' dir='ltr'><strong>de</strong></span> <span class='ocrx_word' id='word_1_273' title='bbox 569 3153 678 3220; x_wconf 86' lang='lat' dir='ltr'><strong>anima</strong></span> <span class='ocrx_word' id='word_1_274' title='bbox 693 3153 785 3220; x_wconf 86' lang='lat' dir='ltr'><strong>varia</strong></span> <span class='ocrx_word' id='word_1_275' title='bbox 800 3152 921 3237; x_wconf 88' lang='lat' dir='ltr'><strong>placita</strong></span> <span class='ocrx_word' id='word_1_276' title='bbox 937 3153 1052 3219; x_wconf 85' lang='lat' dir='ltr'><strong>reddit.</strong></span> <span class='ocrx_word' id='word_1_277' title='bbox 1081 3153 1110 3218; x_wconf 90' lang='lat' dir='ltr'><strong>is</strong></span> <span class='ocrx_word' id='word_1_278' title='bbox 1125 3152 1222 3236; x_wconf 83' lang='lat' dir='ltr'><strong>igitur</strong></span> <span class='ocrx_word' id='word_1_279' title='bbox 1243 3175 1269 3220; x_wconf 90' lang='lat' dir='ltr'><strong>e.</strong></span> <span class='ocrx_word' id='word_1_280' title='bbox 1283 3155 1302 3218; x_wconf 86' lang='lat'>3</span> <span class='ocrx_word' id='word_1_281' title='bbox 1327 3153 1408 3220; x_wconf 90' lang='lat' dir='ltr'><strong>haec</strong></span> <span class='ocrx_word' id='word_1_282' title='bbox 1423 3175 1516 3239; x_wconf 78' lang='lat' dir='ltr'><strong>prae</strong></span> 
     </span>
     <span class='ocr_line' id='line_1_28' title="bbox 152 3255 1516 3342; baseline 0.001 -22"><span class='ocrx_word' id='word_1_283' title='bbox 152 3255 239 3322; x_wconf 80' lang='lat' dir='ltr'><strong>satus</strong></span> <span class='ocrx_word' id='word_1_284' title='bbox 254 3257 359 3321; x_wconf 83' lang='grc' dir='ltr'><strong>οὐκοῦν</strong></span> <span class='ocrx_word' id='word_1_285' title='bbox 377 3257 533 3340; x_wconf 79' lang='grc' dir='ltr'><strong>ἐπειδήπερ</strong></span> <span class='ocrx_word' id='word_1_286' title='bbox 548 3257 607 3320; x_wconf 82' lang='grc' dir='ltr'><strong>ἀπὸ</strong></span> <span class='ocrx_word' id='word_1_287' title='bbox 629 3262 687 3320; x_wconf 84' lang='grc' dir='ltr'><strong>τῶν</strong></span> <span class='ocrx_word' id='word_1_288' title='bbox 708 3259 841 3320; x_wconf 81' lang='grc' dir='ltr'><strong>παλαιῶν</strong></span> <span class='ocrx_word' id='word_1_289' title='bbox 857 3257 904 3320; x_wconf 84' lang='grc' dir='ltr'><strong>καλ</strong></span> <span class='ocrx_word' id='word_1_290' title='bbox 920 3258 1044 3340; x_wconf 80' lang='grc' dir='ltr'><strong>πρώτων</strong></span> <span class='ocrx_word' id='word_1_291' title='bbox 1060 3255 1201 3340; x_wconf 73' lang='grc' dir='ltr'><strong>ἄρξασθαι</strong></span> <span class='ocrx_word' id='word_1_292' title='bbox 1217 3259 1368 3342; x_wconf 82' lang='grc' dir='ltr'><strong>προσήκει,</strong></span> <span class='ocrx_word' id='word_1_293' title='bbox 1383 3257 1516 3320; x_wconf 78' lang='grc' dir='ltr'><strong>ἐντεῦθεν</strong></span> 
     </span>
     <span class='ocr_line' id='line_1_29' title="bbox 153 3357 1516 3444; baseline 0.001 -21"><span class='ocrx_word' id='word_1_294' title='bbox 153 3359 311 3444; x_wconf 74' lang='grc' dir='ltr'><strong>ἀρξάμενος</strong></span> <span class='ocrx_word' id='word_1_295' title='bbox 338 3361 391 3444; x_wconf 73' lang='grc' dir='ltr'><strong>τὴν</strong></span> <span class='ocrx_word' id='word_1_296' title='bbox 422 3359 546 3423; x_wconf 82' lang='grc' dir='ltr'>ἑκάστου</span> <span class='ocrx_word' id='word_1_297' title='bbox 572 3357 656 3426; x_wconf 71' lang='grc' dir='ltr'><strong>δόξαν</strong></span> <span class='ocrx_word' id='word_1_298' title='bbox 686 3358 850 3443; x_wconf 76' lang='grc' dir='ltr'><strong>ἐκθήσομαι</strong></span> <span class='ocrx_word' id='word_1_299' title='bbox 880 3360 981 3442; x_wconf 79' lang='grc' dir='ltr'><strong>πολλῷ</strong></span> <span class='ocrx_word' id='word_1_300' title='bbox 1009 3358 1190 3442; x_wconf 78' lang='grc' dir='ltr'><strong>γελοιοτέραν</strong></span> <span class='ocrx_word' id='word_1_301' title='bbox 1218 3365 1271 3443; x_wconf 77' lang='grc' dir='ltr'><strong>τῆς</strong></span> <span class='ocrx_word' id='word_1_302' title='bbox 1298 3364 1357 3422; x_wconf 85' lang='grc' dir='ltr'><strong>τῶν</strong></span> <span class='ocrx_word' id='word_1_303' title='bbox 1387 3365 1516 3443; x_wconf 79' lang='grc' dir='ltr'><strong>ποιητῶν</strong></span> 
     </span>
     <span class='ocr_line' id='line_1_30' title="bbox 154 3459 1517 3546; baseline 0 -20"><span class='ocrx_word' id='word_1_304' title='bbox 154 3461 305 3546; x_wconf 75' lang='grc' dir='ltr'><strong>θεολογίας</strong></span> <span class='ocrx_word' id='word_1_305' title='bbox 327 3460 416 3526; x_wconf 80' lang='grc' dir='ltr'><strong>οὖσαν</strong></span> <span class='ocrx_word' id='word_1_306' title='bbox 438 3461 554 3526; x_wconf 92' lang='lat' dir='ltr'><strong>Plut.l</strong></span> <span class='ocrx_word' id='word_1_307' title='bbox 578 3461 597 3525; x_wconf 83' lang='grc'>3</span> <span class='ocrx_word' id='word_1_308' title='bbox 622 3471 644 3522; x_wconf 91' lang='grc'><strong>1.</strong></span> <span class='ocrx_word' id='word_1_309' title='bbox 664 3468 688 3521; x_wconf 85' lang='grc'><strong>3.</strong></span> <span class='ocrx_word' id='word_1_310' title='bbox 707 3471 732 3522; x_wconf 85' lang='grc'><strong>4.</strong></span> <span class='ocrx_word' id='word_1_311' title='bbox 745 3471 791 3524; x_wconf 85' lang='lat'><strong>·11.</strong></span> <span class='ocrx_word' id='word_1_312' title='bbox 811 3469 835 3522; x_wconf 80' lang='lat'><strong>5.</strong></span> <span class='ocrx_word' id='word_1_313' title='bbox 855 3472 879 3524; x_wconf 89' lang='lat' dir='ltr'><strong>e.</strong></span> <span class='ocrx_word' id='word_1_314' title='bbox 898 3471 923 3522; x_wconf 76' lang='grc' dir='ltr'><strong>τ.</strong></span> <span class='ocrx_word' id='word_1_315' title='bbox 942 3470 967 3522; x_wconf 87' lang='lat'><strong>8.</strong></span> <span class='ocrx_word' id='word_1_316' title='bbox 988 3468 1028 3522; x_wconf 82' lang='lat'><strong>18.</strong></span> <span class='ocrx_word' id='word_1_317' title='bbox 1049 3467 1083 3521; x_wconf 78' lang='lat' dir='ltr'><strong>to</strong></span> <span class='ocrx_word' id='word_1_318' title='bbox 1110 3459 1311 3543; x_wconf 84' lang='lat' dir='ltr'><strong>compilavit,</strong></span> <span class='ocrx_word' id='word_1_319' title='bbox 1339 3460 1385 3526; x_wconf 88' lang='lat' dir='ltr'><strong>ita</strong></span> <span class='ocrx_word' id='word_1_320' title='bbox 1407 3468 1517 3526; x_wconf 76' lang='lat' dir='ltr'><strong>tanim</strong></span> 
     </span>
     <span class='ocr_line' id='line_1_31' title="bbox 153 3557 1517 3645; baseline -0.001 -17"><span class='ocrx_word' id='word_1_321' title='bbox 153 3569 189 3628; x_wconf 89' lang='lat' dir='ltr'><strong>ut</strong></span> <span class='ocrx_word' id='word_1_322' title='bbox 219 3583 287 3629; x_wconf 91' lang='lat' dir='ltr'><strong>non</strong></span> <span class='ocrx_word' id='word_1_323' title='bbox 316 3565 421 3629; x_wconf 90' lang='lat' dir='ltr'><strong>solum</strong></span> <span class='ocrx_word' id='word_1_324' title='bbox 456 3562 570 3628; x_wconf 91' lang='lat' dir='ltr'><strong>ordine</strong></span> <span class='ocrx_word' id='word_1_325' title='bbox 602 3569 726 3628; x_wconf 82' lang='lat' dir='ltr'><strong>mutato</strong></span> <span class='ocrx_word' id='word_1_326' title='bbox 753 3561 952 3628; x_wconf 78' lang='lat' dir='ltr'><strong>Heraclitum</strong></span> <span class='ocrx_word' id='word_1_327' title='bbox 981 3560 1066 3625; x_wconf 87' lang='lat' dir='ltr'><strong>inter</strong></span> <span class='ocrx_word' id='word_1_328' title='bbox 1097 3557 1225 3626; x_wconf 88' lang='lat' dir='ltr'><strong>Ionicos</strong></span> <span class='ocrx_word' id='word_1_329' title='bbox 1254 3561 1426 3645; x_wconf 83' lang='lat' dir='ltr'><strong>reciperet,</strong></span> <span class='ocrx_word' id='word_1_330' title='bbox 1459 3561 1517 3628; x_wconf 91' lang='lat' dir='ltr'><strong>sed</strong></span> 
     </span>
     <span class='ocr_line' id='line_1_32' title="bbox 153 3662 1517 3746; baseline -0.002 -15"><span class='ocrx_word' id='word_1_331' title='bbox 153 3665 251 3731; x_wconf 88' lang='lat' dir='ltr'><strong>etiam</strong></span> <span class='ocrx_word' id='word_1_332' title='bbox 280 3667 457 3732; x_wconf 90' lang='lat' dir='ltr'><strong>orationem</strong></span> <span class='ocrx_word' id='word_1_333' title='bbox 486 3685 545 3730; x_wconf 91' lang='lat' dir='ltr'><strong>suo</strong></span> <span class='ocrx_word' id='word_1_334' title='bbox 568 3663 699 3730; x_wconf 89' lang='lat' dir='ltr'><strong>arbitrio</strong></span> <span class='ocrx_word' id='word_1_335' title='bbox 722 3669 869 3730; x_wconf 87' lang='lat' dir='ltr'><strong>mutaret.</strong></span> <span class='ocrx_word' id='word_1_336' title='bbox 912 3663 1001 3729; x_wconf 87' lang='lat' dir='ltr'><strong>velut</strong></span> <span class='ocrx_word' id='word_1_337' title='bbox 1023 3662 1188 3726; x_wconf 85' lang='lat' dir='ltr'><strong>Plutarchi</strong></span> <span class='ocrx_word' id='word_1_338' title='bbox 1211 3663 1264 3746; x_wconf 82' lang='lat' dir='ltr'><strong>§l</strong></span> <span class='ocrx_word' id='word_1_339' title='bbox 1289 3663 1368 3728; x_wconf 76' lang='grc' dir='ltr'><strong>οὗτοι</strong></span> <span class='ocrx_word' id='word_1_340' title='bbox 1393 3665 1444 3746; x_wconf 85' lang='grc' dir='ltr'><strong>μὲν</strong></span> <span class='ocrx_word' id='word_1_341' title='bbox 1466 3663 1517 3728; x_wconf 78' lang='grc' dir='ltr'><strong>οὖν</strong></span> 
     </span>
     <span class='ocr_line' id='line_1_33' title="bbox 153 3763 1517 3854; baseline -0.002 -21"><span class='ocrx_word' id='word_1_342' title='bbox 153 3768 258 3854; x_wconf 73' lang='grc' dir='ltr'><strong>ἐφεξῆς</strong></span> <span class='ocrx_word' id='word_1_343' title='bbox 285 3769 421 3854; x_wconf 76' lang='grc' dir='ltr'><strong>ἀλλήλους</strong></span> <span class='ocrx_word' id='word_1_344' title='bbox 450 3773 511 3839; x_wconf 84' lang='grc' dir='ltr'><strong>ταῖς</strong></span> <span class='ocrx_word' id='word_1_345' title='bbox 538 3769 687 3852; x_wconf 81' lang='grc' dir='ltr'><strong>διαδοχαῖς</strong></span> <span class='ocrx_word' id='word_1_346' title='bbox 709 3767 855 3850; x_wconf 79' lang='grc' dir='ltr'><strong>γενόμενοι</strong></span> <span class='ocrx_word' id='word_1_347' title='bbox 877 3766 929 3850; x_wconf 73' lang='grc' dir='ltr'><strong>τἠν</strong></span> <span class='ocrx_word' id='word_1_348' title='bbox 956 3766 1112 3850; x_wconf 83' lang='grc' dir='ltr'><strong>λεχδεῖσαν</strong></span> <span class='ocrx_word' id='word_1_349' title='bbox 1136 3763 1290 3850; x_wconf 84' lang='grc' dir='ltr'><strong>Ἰωνικὴν</strong></span> <span class='ocrx_word' id='word_1_350' title='bbox 1318 3769 1517 3851; x_wconf 80' lang='grc' dir='ltr'><strong>συμπληροῦσι</strong></span> 
     </span>
     <span class='ocr_line' id='line_1_34' title="bbox 152 3866 1517 3955; baseline 0 -23"><span class='ocrx_word' id='word_1_351' title='bbox 152 3870 326 3955; x_wconf 78' lang='grc' dir='ltr'><strong>φιλοσοφίαν</strong></span> <span class='ocrx_word' id='word_1_352' title='bbox 355 3873 414 3936; x_wconf 79' lang='grc' dir='ltr'><strong>ἀπὸ</strong></span> <span class='ocrx_word' id='word_1_353' title='bbox 443 3870 575 3954; x_wconf 81' lang='grc' dir='ltr'><strong>Θαληιος</strong></span> <span class='ocrx_word' id='word_1_354' title='bbox 604 3867 743 3934; x_wconf 80' lang='lat' dir='ltr'><strong>fortasse</strong></span> <span class='ocrx_word' id='word_1_355' title='bbox 771 3875 903 3953; x_wconf 89' lang='lat' dir='ltr'><strong>propter</strong></span> <span class='ocrx_word' id='word_1_356' title='bbox 929 3866 1128 3932; x_wconf 85' lang='lat' dir='ltr'><strong>Heraclitum</strong></span> <span class='ocrx_word' id='word_1_357' title='bbox 1156 3866 1203 3931; x_wconf 84' lang='lat' dir='ltr'><strong>sic</strong></span> <span class='ocrx_word' id='word_1_358' title='bbox 1230 3867 1403 3951; x_wconf 80' lang='lat' dir='ltr'><strong>expressit:</strong></span> <span class='ocrx_word' id='word_1_359' title='bbox 1438 3869 1517 3934; x_wconf 83' lang='grc' dir='ltr'><strong>οὗτοι</strong></span> 
     </span>
     <span class='ocr_line' id='line_1_35' title="bbox 153 3967 1518 4058; baseline 0.001 -24"><span class='ocrx_word' id='word_1_360' title='bbox 153 3975 258 4042; x_wconf 74' lang='grc' dir='ltr'><strong>πάντες</strong></span> <span class='ocrx_word' id='word_1_361' title='bbox 284 3974 343 4036; x_wconf 83' lang='grc' dir='ltr'><strong>ἀπὸ</strong></span> <span class='ocrx_word' id='word_1_362' title='bbox 369 3973 467 4038; x_wconf 82' lang='grc' dir='ltr'><strong>Θαλοῦ</strong></span> <span class='ocrx_word' id='word_1_363' title='bbox 489 3973 541 4042; x_wconf 82' lang='grc' dir='ltr'><strong>τὰς</strong></span> <span class='ocrx_word' id='word_1_364' title='bbox 563 3973 702 4057; x_wconf 77' lang='grc' dir='ltr'><strong>διαδοχὰς</strong></span> <span class='ocrx_word' id='word_1_365' title='bbox 724 3973 883 4058; x_wconf 79' lang='grc' dir='ltr'><strong>ἐσχηκότες</strong></span> <span class='ocrx_word' id='word_1_366' title='bbox 904 3971 957 4054; x_wconf 76' lang='grc' dir='ltr'><strong>τὴν</strong></span> <span class='ocrx_word' id='word_1_367' title='bbox 980 3970 1131 4053; x_wconf 83' lang='grc' dir='ltr'><strong>φυσικὴν</strong></span> <span class='ocrx_word' id='word_1_368' title='bbox 1155 3967 1199 4031; x_wconf 87' lang='grc' dir='ltr'><strong>ὑπ’</strong></span> <span class='ocrx_word' id='word_1_369' title='bbox 1224 3970 1321 4034; x_wconf 80' lang='grc' dir='ltr'><strong>αὐτῶν</strong></span> <span class='ocrx_word' id='word_1_370' title='bbox 1338 3973 1518 4055; x_wconf 81' lang='grc' dir='ltr'><strong>καλουμένην</strong></span> 
     </span>
     <span class='ocr_line' id='line_1_36' title="bbox 154 4069 1519 4159; baseline 0.001 -22"><span class='ocrx_word' id='word_1_371' title='bbox 154 4075 301 4158; x_wconf 76' lang='grc' dir='ltr'><strong>μετῆλθον</strong></span> <span class='ocrx_word' id='word_1_372' title='bbox 331 4075 512 4159; x_wconf 79' lang='grc' dir='ltr'><strong>φιλοσοφίαν.</strong></span> <span class='ocrx_word' id='word_1_373' title='bbox 564 4073 712 4140; x_wconf 82' lang='lat' dir='ltr'><strong>Thaletis</strong></span> <span class='ocrx_word' id='word_1_374' title='bbox 741 4073 925 4156; x_wconf 94' lang='lat' dir='ltr'><strong>opinionem</strong></span> <span class='ocrx_word' id='word_1_375' title='bbox 952 4069 1127 4136; x_wconf 89' lang='lat' dir='ltr'><strong>auctiorem</strong></span> <span class='ocrx_word' id='word_1_376' title='bbox 1159 4070 1289 4154; x_wconf 88' lang='lat' dir='ltr'><strong>repetiit</strong></span> <span class='ocrx_word' id='word_1_377' title='bbox 1316 4074 1379 4138; x_wconf 80' lang='lat' dir='ltr'><strong>ab</strong></span> <span class='ocrx_word' id='word_1_378' title='bbox 1406 4073 1519 4140; x_wconf 88' lang='lat' dir='ltr'><strong>addita</strong></span> 
     </span>
     <span class='ocr_line' id='line_1_37' title="bbox 154 4171 1519 4260; baseline -0.001 -19"><span class='ocrx_word' id='word_1_379' title='bbox 154 4177 220 4258; x_wconf 70' lang='lat'><strong>§2</strong></span> <span class='ocrx_word' id='word_1_380' title='bbox 254 4177 297 4242; x_wconf 91' lang='lat' dir='ltr'><strong>de</strong></span> <span class='ocrx_word' id='word_1_381' title='bbox 319 4175 451 4259; x_wconf 89' lang='lat' dir='ltr'><strong>reliquis</strong></span> <span class='ocrx_word' id='word_1_382' title='bbox 475 4175 681 4260; x_wconf 90' lang='lat' dir='ltr'><strong>opinionibus</strong></span> <span class='ocrx_word' id='word_1_383' title='bbox 702 4174 774 4240; x_wconf 89' lang='lat' dir='ltr'><strong>istie</strong></span> <span class='ocrx_word' id='word_1_384' title='bbox 796 4171 1006 4239; x_wconf 87' lang='lat' dir='ltr'><strong>memoratis¹</strong></span> <span class='ocrx_word' id='word_1_385' title='bbox 1030 4171 1073 4235; x_wconf 88' lang='lat' dir='ltr'><strong>ad</strong></span> <span class='ocrx_word' id='word_1_386' title='bbox 1096 4171 1304 4238; x_wconf 89' lang='lat' dir='ltr'><strong>Plutarchum</strong></span> <span class='ocrx_word' id='word_1_387' title='bbox 1327 4181 1416 4240; x_wconf 90' lang='lat' dir='ltr'><strong>certo</strong></span> <span class='ocrx_word' id='word_1_388' title='bbox 1438 4175 1519 4240; x_wconf 94' lang='lat' dir='ltr'><strong>nihil</strong></span> 
     </span>
     <span class='ocr_line' id='line_1_38' title="bbox 152 4273 1520 4363; baseline 0.001 -21"><span class='ocrx_word' id='word_1_389' title='bbox 152 4277 267 4344; x_wconf 81' lang='lat' dir='ltr'><strong>referri</strong></span> <span class='ocrx_word' id='word_1_390' title='bbox 290 4283 408 4363; x_wconf 86' lang='lat' dir='ltr'><strong>potest,</strong></span> <span class='ocrx_word' id='word_1_391' title='bbox 431 4277 494 4344; x_wconf 91' lang='lat' dir='ltr'><strong>nisi</strong></span> <span class='ocrx_word' id='word_1_392' title='bbox 516 4277 604 4361; x_wconf 92' lang='lat' dir='ltr'><strong>quod</strong></span> <span class='ocrx_word' id='word_1_393' title='bbox 627 4298 653 4343; x_wconf 87' lang='lat' dir='ltr'><strong>e.</strong></span> <span class='ocrx_word' id='word_1_394' title='bbox 670 4279 709 4342; x_wconf 88' lang='grc'><strong>31</strong></span> <span class='ocrx_word' id='word_1_395' title='bbox 734 4280 750 4341; x_wconf 83' lang='grc' dir='ltr'>ὁ</span> <span class='ocrx_word' id='word_1_396' title='bbox 774 4278 978 4363; x_wconf 79' lang='grc' dir='ltr'><strong>μεγαλόφωνος</strong></span> <span class='ocrx_word' id='word_1_397' title='bbox 1002 4275 1124 4338; x_wconf 84' lang='grc' dir='ltr'><strong>Πλάτων</strong></span> <span class='ocrx_word' id='word_1_398' title='bbox 1147 4273 1261 4340; x_wconf 91' lang='lat' dir='ltr'><strong>eodem</strong></span> <span class='ocrx_word' id='word_1_399' title='bbox 1280 4276 1376 4342; x_wconf 91' lang='lat' dir='ltr'><strong>modo</strong></span> <span class='ocrx_word' id='word_1_400' title='bbox 1398 4277 1520 4344; x_wconf 87' lang='lat' dir='ltr'><strong>ironice</strong></span> 
     </span>
     <span class='ocr_line' id='line_1_39' title="bbox 153 4374 1520 4466; baseline -0.001 -20"><span class='ocrx_word' id='word_1_401' title='bbox 153 4379 275 4446; x_wconf 89' lang='lat' dir='ltr'><strong>dictum</strong></span> <span class='ocrx_word' id='word_1_402' title='bbox 291 4399 375 4466; x_wconf 82' lang='lat' dir='ltr'><strong>esse,</strong></span> <span class='ocrx_word' id='word_1_403' title='bbox 397 4402 460 4465; x_wconf 91' lang='lat' dir='ltr'><strong>quo</strong></span> <span class='ocrx_word' id='word_1_404' title='bbox 476 4379 519 4446; x_wconf 87' lang='lat' dir='ltr'><strong>ab</strong></span> <span class='ocrx_word' id='word_1_405' title='bbox 533 4379 693 4464; x_wconf 79' lang='lat' dir='ltr'><strong>Epicureo</strong></span> <span class='ocrx_word' id='word_1_406' title='bbox 715 4378 803 4462; x_wconf 91' lang='lat' dir='ltr'><strong>apud</strong></span> <span class='ocrx_word' id='word_1_407' title='bbox 818 4379 931 4445; x_wconf 87' lang='lat' dir='ltr'><strong>Plutl</strong></span> <span class='ocrx_word' id='word_1_408' title='bbox 948 4379 964 4442; x_wconf 82' lang='lat' dir='ltr'><strong>l</strong></span> <span class='ocrx_word' id='word_1_409' title='bbox 985 4387 1016 4462; x_wconf 80' lang='lat'><strong>4,</strong></span> <span class='ocrx_word' id='word_1_410' title='bbox 1039 4374 1220 4441; x_wconf 90' lang='lat' dir='ltr'><strong>Hutohinns</strong></span> <span class='ocrx_word' id='word_1_411' title='bbox 1241 4385 1329 4444; x_wconf 88' lang='lat' dir='ltr'><strong>reete</strong></span> <span class='ocrx_word' id='word_1_412' title='bbox 1344 4379 1520 4464; x_wconf 83' lang='lat' dir='ltr'><strong>perspexit.</strong></span> 
     </span>
     <span class='ocr_line' id='line_1_40' title="bbox 153 4476 1351 4567; baseline -0.001 -20"><span class='ocrx_word' id='word_1_413' title='bbox 153 4482 280 4548; x_wconf 88' lang='lat' dir='ltr'><strong>Iustino</strong></span> <span class='ocrx_word' id='word_1_414' title='bbox 303 4489 420 4567; x_wconf 88' lang='lat' dir='ltr'><strong>postea</strong></span> <span class='ocrx_word' id='word_1_415' title='bbox 442 4481 608 4550; x_wconf 89' lang='lat' dir='ltr'><strong>Hermiam</strong></span> <span class='ocrx_word' id='word_1_416' title='bbox 629 4481 711 4546; x_wconf 91' lang='lat' dir='ltr'><strong>illud</strong></span> <span class='ocrx_word' id='word_1_417' title='bbox 734 4481 857 4546; x_wconf 86' lang='lat' dir='ltr'><strong>utalia</strong></span> <span class='ocrx_word' id='word_1_418' title='bbox 879 4478 1073 4562; x_wconf 86' lang='lat' dir='ltr'><strong>surripuisse</strong></span> <span class='ocrx_word' id='word_1_419' title='bbox 1095 4476 1181 4543; x_wconf 85' lang='lat' dir='ltr'><strong>infra</strong></span> <span class='ocrx_word' id='word_1_420' title='bbox 1202 4479 1351 4546; x_wconf 91' lang='lat' dir='ltr'><strong>monebo.</strong></span> 
     </span>
    </p>

    <p class='ocr_par' dir='ltr' id='par_1_5' title="bbox 156 4579 1522 4771">
     <span class='ocr_line' id='line_1_41' title="bbox 242 4579 1522 4668; baseline -0.003 -18"><span class='ocrx_word' id='word_1_421' title='bbox 242 4585 357 4650; x_wconf 85' lang='lat' dir='ltr'><strong>Restat</strong></span> <span class='ocrx_word' id='word_1_422' title='bbox 377 4585 509 4668; x_wconf 81' lang='lat' dir='ltr'><strong>ignotae</strong></span> <span class='ocrx_word' id='word_1_423' title='bbox 530 4584 558 4650; x_wconf 92' lang='lat' dir='ltr'><strong>is</strong></span> <span class='ocrx_word' id='word_1_424' title='bbox 580 4602 709 4665; x_wconf 92' lang='lat' dir='ltr'><strong>quoque</strong></span> <span class='ocrx_word' id='word_1_425' title='bbox 730 4583 847 4648; x_wconf 87' lang='lat' dir='ltr'><strong>aetatis</strong></span> <span class='ocrx_word' id='word_1_426' title='bbox 868 4581 1059 4664; x_wconf 83' lang='lat' dir='ltr'><strong>Achilles,</strong></span> <span class='ocrx_word' id='word_1_427' title='bbox 1082 4599 1177 4662; x_wconf 94' lang='lat' dir='ltr'><strong>quem</strong></span> <span class='ocrx_word' id='word_1_428' title='bbox 1193 4579 1314 4647; x_wconf 86' lang='lat' dir='ltr'><strong>Suidao</strong></span> <span class='ocrx_word' id='word_1_429' title='bbox 1335 4580 1450 4646; x_wconf 85' lang='lat' dir='ltr'><strong>fraude</strong></span> <span class='ocrx_word' id='word_1_430' title='bbox 1468 4583 1522 4646; x_wconf 93' lang='lat' dir='ltr'><strong>de-</strong></span> 
     </span>
     <span class='ocr_line' id='line_1_42' title="bbox 156 4681 1521 4771; baseline -0.005 -18"><span class='ocrx_word' id='word_1_431' title='bbox 156 4687 242 4771; x_wconf 86' lang='lat' dir='ltr'><strong>cepti</strong></span> <span class='ocrx_word' id='word_1_432' title='bbox 265 4687 364 4770; x_wconf 78' lang='lat' dir='ltr'><strong>vulgo</strong></span> <span class='ocrx_word' id='word_1_433' title='bbox 387 4688 526 4755; x_wconf 85' lang='lat' dir='ltr'><strong>Statium</strong></span> <span class='ocrx_word' id='word_1_434' title='bbox 553 4683 755 4750; x_wconf 70' lang='lat' dir='ltr'><strong>veruactum</strong></span> <span class='ocrx_word' id='word_1_435' title='bbox 784 4683 988 4768; x_wconf 85' lang='lat' dir='ltr'><strong>appellitant.</strong></span> <span class='ocrx_word' id='word_1_436' title='bbox 1033 4682 1181 4748; x_wconf 88' lang='lat' dir='ltr'><strong>diversus</strong></span> <span class='ocrx_word' id='word_1_437' title='bbox 1209 4681 1293 4748; x_wconf 94' lang='lat' dir='ltr'><strong>enim</strong></span> <span class='ocrx_word' id='word_1_438' title='bbox 1319 4689 1369 4747; x_wconf 89' lang='lat' dir='ltr'><strong>est</strong></span> <span class='ocrx_word' id='word_1_439' title='bbox 1391 4703 1412 4748; x_wconf 88' lang='lat' dir='ltr'><strong>a</strong></span> <span class='ocrx_word' id='word_1_440' title='bbox 1432 4681 1521 4748; x_wconf 84' lang='lat' dir='ltr'><strong>fabu-</strong></span> 
     </span>
    </p>
   </div>
   <div class='ocr_carea' id='block_1_3' title="bbox 157 4841 1521 5086">
    <p class='ocr_par' dir='ltr' id='par_1_6' title="bbox 157 4841 1521 5086">
     <span class='ocr_line' id='line_1_43' title="bbox 229 4841 1521 4908; baseline -0.004 -15"><span class='ocrx_word' id='word_1_441' title='bbox 229 4842 280 4893; x_wconf 86' lang='lat' dir='ltr'><strong>¹a.</strong></span> <span class='ocrx_word' id='word_1_442' title='bbox 300 4859 324 4908; x_wconf 78' lang='lat' dir='ltr'><strong>g.</strong></span> <span class='ocrx_word' id='word_1_443' title='bbox 344 4845 395 4895; x_wconf 87' lang='grc' dir='ltr'><strong>ο.6</strong></span> <span class='ocrx_word' id='word_1_444' title='bbox 420 4845 451 4895; x_wconf 89' lang='lat' dir='ltr'><strong>de</strong></span> <span class='ocrx_word' id='word_1_445' title='bbox 476 4844 593 4896; x_wconf 86' lang='lat' dir='ltr'><strong>Plutonis</strong></span> <span class='ocrx_word' id='word_1_446' title='bbox 618 4843 815 4905; x_wconf 84' lang='lat' dir='ltr'><strong>Aristotelisque</strong></span> <span class='ocrx_word' id='word_1_447' title='bbox 834 4844 944 4907; x_wconf 80' lang='lat' dir='ltr'><strong>placitis,</strong></span> <span class='ocrx_word' id='word_1_448' title='bbox 969 4855 1034 4904; x_wconf 88' lang='lat' dir='ltr'><strong>quae</strong></span> <span class='ocrx_word' id='word_1_449' title='bbox 1058 4856 1090 4890; x_wconf 86' lang='lat' dir='ltr'><strong>nc</strong></span> <span class='ocrx_word' id='word_1_450' title='bbox 1117 4843 1173 4903; x_wconf 88' lang='lat' dir='ltr'><strong>quis</strong></span> <span class='ocrx_word' id='word_1_451' title='bbox 1199 4841 1233 4891; x_wconf 88' lang='lat' dir='ltr'><strong>ad</strong></span> <span class='ocrx_word' id='word_1_452' title='bbox 1257 4843 1391 4905; x_wconf 91' lang='lat' dir='ltr'><strong>pristinum</strong></span> <span class='ocrx_word' id='word_1_453' title='bbox 1413 4841 1521 4889; x_wconf 76' lang='lat' dir='ltr'><strong>tortasm</strong></span> 
     </span>
     <span class='ocr_line' id='line_1_44' title="bbox 158 4926 1520 4996; baseline -0.005 -16"><span class='ocrx_word' id='word_1_454' title='bbox 158 4933 314 4996; x_wconf 87' lang='lat' dir='ltr'><strong>opinionum</strong></span> <span class='ocrx_word' id='word_1_455' title='bbox 337 4947 402 4996; x_wconf 86' lang='lat' dir='ltr'><strong>opus</strong></span> <span class='ocrx_word' id='word_1_456' title='bbox 425 4932 532 4992; x_wconf 71' lang='lat' dir='ltr'><strong>retexat,</strong></span> <span class='ocrx_word' id='word_1_457' title='bbox 557 4945 650 4980; x_wconf 87' lang='lat' dir='ltr'><strong>moneo</strong></span> <span class='ocrx_word' id='word_1_458' title='bbox 676 4931 832 4980; x_wconf 81' lang='lat' dir='ltr'><strong>Plutaroheo</strong></span> <span class='ocrx_word' id='word_1_459' title='bbox 858 4929 1070 4996; x_wconf 88' lang='lat' dir='ltr'><strong>pbilosophorum</strong></span> <span class='ocrx_word' id='word_1_460' title='bbox 1092 4926 1199 4988; x_wconf 72' lang='lat' dir='ltr'><strong>,delectu</strong></span> <span class='ocrx_word' id='word_1_461' title='bbox 1228 4943 1301 4976; x_wconf 89' lang='lat' dir='ltr'><strong>usum</strong></span> <span class='ocrx_word' id='word_1_462' title='bbox 1324 4942 1380 4976; x_wconf 89' lang='lat' dir='ltr'><strong>esse</strong></span> <span class='ocrx_word' id='word_1_463' title='bbox 1405 4927 1520 4975; x_wconf 88' lang='lat' dir='ltr'><strong>Pseudo·</strong></span> 
     </span>
     <span class='ocr_line' id='line_1_45' title="bbox 157 5011 1521 5086; baseline -0.004 -18"><span class='ocrx_word' id='word_1_464' title='bbox 157 5020 291 5068; x_wconf 65' lang='lat' dir='ltr'><strong>quenum.</strong></span> <span class='ocrx_word' id='word_1_465' title='bbox 317 5027 451 5083; x_wconf 82' lang='lat' dir='ltr'><strong>praeterea</strong></span> <span class='ocrx_word' id='word_1_466' title='bbox 462 5027 562 5082; x_wconf 87' lang='lat' dir='ltr'><strong>patrum</strong></span> <span class='ocrx_word' id='word_1_467' title='bbox 581 5019 687 5066; x_wconf 88' lang='lat' dir='ltr'><strong>nomina</strong></span> <span class='ocrx_word' id='word_1_468' title='bbox 700 5017 860 5080; x_wconf 79' lang='lat' dir='ltr'><strong>philosophi·</strong></span> <span class='ocrx_word' id='word_1_469' title='bbox 875 5019 946 5067; x_wconf 91' lang='lat' dir='ltr'><strong>nulla</strong></span> <span class='ocrx_word' id='word_1_470' title='bbox 958 5015 1052 5086; x_wconf 80' lang='lat' dir='ltr'><strong>indidit</strong></span> <span class='ocrx_word' id='word_1_471' title='bbox 1070 5014 1121 5062; x_wconf 89' lang='lat' dir='ltr'><strong>uisi</strong></span> <span class='ocrx_word' id='word_1_472' title='bbox 1140 5029 1206 5076; x_wconf 85' lang='lat' dir='ltr'><strong>quae</strong></span> <span class='ocrx_word' id='word_1_473' title='bbox 1225 5015 1277 5064; x_wconf 91' lang='lat' dir='ltr'><strong>illic</strong></span> <span class='ocrx_word' id='word_1_474' title='bbox 1296 5021 1392 5064; x_wconf 83' lang='lat' dir='ltr'><strong>extant.</strong></span> <span class='ocrx_word' id='word_1_475' title='bbox 1413 5015 1444 5062; x_wconf 82' lang='lat' dir='ltr'><strong>ei.</strong></span> <span class='ocrx_word' id='word_1_476' title='bbox 1458 5031 1482 5078; x_wconf 92' lang='lat' dir='ltr'><strong>p.</strong></span> <span class='ocrx_word' id='word_1_477' title='bbox 1497 5011 1521 5064; x_wconf 78' lang='lat'><strong>2.</strong></span> 
     </span>
    </p>
   </div>
   <div class='ocr_carea' id='block_1_4' title="bbox 208 5097 1319 5179">
    <p class='ocr_par' dir='ltr' id='par_1_7' title="bbox 208 5097 1319 5179">
     <span class='ocr_line' id='line_1_46' title="bbox 208 5097 1319 5179; baseline -0.008 -10"><span class='ocrx_word' id='word_1_478' title='bbox 208 5129 302 5176; x_wconf 70' lang='lat' dir='ltr'><strong>blais,</strong></span> <span class='ocrx_word' id='word_1_479' title='bbox 324 5128 469 5179; x_wconf 65' lang='lat' dir='ltr'><strong>noxoffrapln</strong></span> <span class='ocrx_word' id='word_1_480' title='bbox 488 5129 569 5178; x_wconf 61' lang='lat' dir='ltr'><strong>maeel.</strong></span> <span class='ocrx_word' id='word_1_481' title='bbox 1299 5097 1319 5160; x_wconf 72' lang='lat'><strong>2</strong></span> 
     </span>
    </p>
   </div>
   <div class='ocr_carea' id='block_1_5' title="bbox 0 0 1866 5730">
    <p class='ocr_par' dir='ltr' id='par_1_8' title="bbox 0 0 1866 5730">
     <span class='ocr_line' id='line_1_47' title="bbox 0 0 1866 5730; baseline 0 0"><span class='ocrx_word' id='word_1_482' title='bbox 0 0 1866 5730; x_wconf 95' lang='lat' dir='ltr'><strong> </strong></span> 
     </span>
    </p>
   </div>
  </div>
 </body>
</html>
