3756 5736
771 297 1048 350 PROLEGOMENA
1228 359 1230 367 .
1524 297 1584 360 231

226 469 281 554 qui
293 469 420 552 citatur,
436 473 569 532 meteor.
585 465 633 530 16
648 465 795 531 sublecta
810 464 1046 547 adgnoscimus.
1070 464 1129 530 sed
1144 465 1312 548 proximus
1323 470 1373 530 est
1384 466 1587 552 Posidonius,

225 578 262 636 ut
284 568 434 635 cautione
456 567 498 634 sit
520 567 636 651 οριιε.1
672 567 785 632 eodem
809 565 904 632 modo
929 566 1126 633 Placitorum
1140 567 1225 632 1112
1248 577 1274 634 1.
1294 577 1310 630 ν
1333 568 1541 653 Pythagorae
1556 579 1619 641 et,
1685 609 1688 614 -

224 671 362 739 aliorum
390 669 558 754 opiniones
586 667 835 752 comprehendit
863 687 904 733 ex
931 668 1046 734 eodem
1073 669 1256 736 Aristotelis
1286 673 1358 736 loco
1381 677 1416 735 ut
1437 691 1478 736 ex
1500 671 1589 738 fonte

224 773 430 859 repetendas.
461 776 571 835 tamen
592 769 644 836 hic
667 770 848 837 certissime
871 769 1080 836 Posidonium
1102 790 1273 854 possumus
1295 778 1486 839 monstrare.
1513 795 1587 840 nam

224 879 257 943 in
272 875 364 942 Arati
378 871 501 939 scholio
524 893 554 955 p.
572 871 645 954 152,
661 872 682 935 6
700 870 894 956 Ἱπποκράτης
909 875 925 935 ό
941 872 1200 956 Πυθαγορικός
1215 875 1408 940 nominatur.
1439 877 1525 958 quoti
1548 897 1589 942 ex

224 978 400 1046 Aristotele
432 973 609 1040 scholiasta
637 979 750 1056 petere
776 993 842 1039 non
865 973 978 1057 potuit.
1015 974 1074 1040 sed
1096 975 1211 1040 eadem
1234 974 1360 1042 ratione
1381 977 1588 1061 Hippocratis

225 1079 334 1165 opinio
358 1077 478 1144 omisso
501 1075 633 1142 nomine
657 1076 699 1142 ab
723 1075 818 1142 Aetio
841 1076 1105 1160 Pythagoreis
1126 1077 1368 1143 adnumeratur.
1405 1079 1589 1146 Aristotelis

225 1179 422 1268 Pythagorei
448 1183 523 1243 sunt
547 1176 595 1240 illi
623 1179 697 1248 τινὲς
720 1180 795 1261 μέν,
817 1177 1033 1262 Hippocrates
1059 1179 1140 1242 ἄλλοι
1163 1180 1205 1242 δέ.
1232 1179 1266 1242 in
1288 1180 1411 1246 scholio
1441 1159 1588 1249 ironiciae

225 1282 357 1368 originis
378 1281 473 1365 plura
497 1284 571 1344 sunt
592 1279 713 1345 indicia
738 1285 774 1344 ut
799 1280 951 1366 ἕιφηφόρσι
974 1281 1092 1364 ἀστέρες
1115 1283 1235 1365 p.151‚
1259 1283 1316 1366 26,
1343 1283 1401 1348 sed
1429 1285 1526 1349 etiam
1554 1285 1587 1349 in

225 1385 358 1454 Placitis
380 1388 503 1468 aperta.
538 1379 745 1464 Hippocratis
773 1383 917 1466 opinioni
932 1383 974 1448 ad
990 1384 1145 1446 ἀνάκλασιν
1164 1383 1294 1448 additur
1309 1386 1511 1468 παραπλησίαν
1526 1393 1587 1456 ταῖς

224 1491 425 1573 κατοπτρικαῖς
447 1486 617 1569 ἐμφάσεσιν.
655 1482 769 1548 eodem
792 1486 941 1570 exemplo
964 1484 1063 1549 utitur
1078 1483 1272 1550 Posidonius
1287 1487 1374 1569 apud
1389 1486 1481 1552 Arati
1497 1488 1588 1553 scho-

223 1592 351 1657 liastam
375 1609 407 1673 p.
429 1588 506 1670 151,
528 1586 570 1650 28
597 1583 641 1650 ad
675 1584 852 1650 Democriti
882 1586 1036 1670 placitum
1066 1585 1334 1652 illustrandum‘
1377 1588 1516 1672 denique
1545 1590 1587 1655 de

225 1691 318 1758 huius
343 1695 377 1757 et
397 1690 613 1770 Anaxagorae
640 1686 774 1752 decreto
804 1689 892 1772 apud
913 1688 1121 1754 Aristotelem
1150 1687 1337 1772 simpliciter
1363 1692 1431 1760 τοὺς
1456 1694 1586 1775 κομήτας

224 1797 368 1880 σύμφασιν
391 1796 450 1856 τῶν
472 1792 628 1874 πλανήτων
646 1789 787 1873 ἀστέρων.
821 1791 856 1855 in
870 1790 1004 1856 Planius
1025 1790 1206 1855 accuratius
1230 1791 1348 1855 σύνοδον
1364 1793 1492 1876 ἀστέρων
1509 1796 1585 1856 δυεῖν

224 1898 314 1982 ἡκαῖ
335 1894 491 1969 πλατάνων,
518 1890 729 1974 similiterque
752 1892 899 1958 scholion
926 1895 1000 1958 κατὰ
1027 1894 1167 1976 σύλληψιν
1191 1890 1223 1978 [l.
1246 1891 1419 1979 σύλλαμψιν]
1443 1895 1494 1958 δύο
1516 1898 1586 1958 πλα-

223 2001 370 2082 νωμένων.
402 1995 504 2061 multo
527 1993 681 2060 maiorem
706 1993 740 2058 in
771 1994 945 2060 Posidonio
968 1995 1155 2079 opinionum
1178 1993 1278 2060 fuisse
1301 1997 1427 2079 copiam
1449 1994 1585 2061 Achillis

223 2107 375 2184 excerpta
396 2098 524 2163 (locent.
550 2117 581 2179 p.
596 2095 684 2161 15811
706 2098 773 2167 τοὺς
796 2099 829 2161 δὲ
854 2100 987 2182 κομήτας
1009 2098 1057 2160 καὶ
1080 2097 1147 2166 τοὺς
1169 2099 1315 2167 τοιούτους
1339 2099 1365 2160 οἱ
1386 2099 1438 2180 μὲν
1455 2099 1585 2180 λέγουσιν

223 2203 252 2273 ἐξ
279 2203 407 2287 ἀστέρων
435 2200 653 2285 συνερχομένων
680 2199 809 2281 γίνεσθαι
840 2201 888 2263 καὶ
911 2199 1174 2286 συμφωτιζομένων
1197 2199 1308 2281 [vulgo
1331 2200 1585 2283 έμφωτιζομένων,

221 2303 348 2371 correxi
378 2301 417 2369 ef.
447 2302 535 2368 Piae.
561 2301 611 2366 ΠΙ
630 2303 647 2364 1
668 2311 698 2384 6,
722 2301 939 2384 Democritus]
969 2305 995 2366 ol
1030 2303 1063 2366 δὲ
1096 2304 1130 2366 ἐκ
1162 2306 1257 2386 νεφῶν
1292 2303 1584 2386 περιπεφωτισμένων

222 2403 251 2492 [P
273 2403 451 2471 Straton}
474 2400 557 2488 24],
585 2402 669 2467 ἄλλοι
699 2405 732 2466 δὲ
760 2405 793 2467 ἐκ
821 2404 1022 2488 παρατρίψεως
1048 2406 1153 2474 αὐτοὺς
1180 2405 1359 2488 φωτίζεσθαι
1380 2404 1520 2488 λέγουσιν.
1550 2407 1584 2468 ού

222 2509 371 2592 φαίνονται
398 2507 430 2569 δὲ
456 2506 501 2570 ἀεὶ
530 2505 606 2568 ἀλλὰ
631 2505 754 2587 γίνονται
788 2508 865 2570 κατὰ
892 2507 1041 2590 περιόδους
1067 2508 1181 2592 χρόνων
1210 2505 1260 2593 [cf.
1283 2507 1332 2571 III
1355 2503 1431 2591 21].
1455 2506 1586 2571 additur

222 2609 332 2693 inepte
358 2606 457 2692 capiti
486 2607 528 2672 de
556 2607 705 2692 cometis,
732 2628 816 2690 quae
838 2608 872 2672 iu
896 2607 1087 2692 compendio
1110 2608 1359 2674 continuabatur
1380 2607 1422 2674 de
1444 2607 1583 2674 nubibus
1604 2669 1607 2674 .

220 2710 336 2776 ceteris
358 2708 506 2775 doctrina
529 2729 560 2792 p.
579 2709 679 2775 1591.

304 2811 478 2896 Egregium
500 2811 665 2895 specimen
688 2811 928 2878 Posidonianae
954 2811 1143 2878 eruditionis
1171 2811 1284 2878 ultimo
1306 2813 1377 2878 loco
1401 2831 1582 2896 proponam

220 2935 261 2982 ex
283 2913 414 2981 scholiis
435 2912 532 2980 Arati
555 2913 598 2978 ad
620 2933 651 2978 v.
667 2913 732 2978 940
753 2933 784 2996 p.
803 2914 874 2998 136,
891 2915 1059 2997 39-137,
1077 2916 1117 2978 14
1138 2913 1245 2980 Bekk.

260 3017 484 3100 Ἀναξιμένης
508 3016 541 3078 δὲ
563 3016 615 3098 τὴν
636 3015 692 3099 ἶρίν
713 3035 786 3100 φησι
807 3015 876 3098 plue·
902 3025 904 3033 ’
972 3017 1059 3082 Plac.
1076 3016 1160 3082 1115
1178 3025 1210 3078 lo
1240 3015 1529 3101 Ἀναξιμένηςῖριν
1544 3019 1583 3101 γί-

220 3122 289 3186 σδαι
317 3121 403 3205 ἡνίκα
431 3118 465 3182 ἀν
496 3118 714 3182 ἐπιπέσωσιν
749 3121 784 3182 αἱ
817 3123 876 3181 τοῦ
929 3119 1029 3182 νεσδαι
1052 3117 1126 3184 κατ’
1158 3119 1342 3200 αὐγασμὸν
1369 3117 1471 3201 ἡλίου
1498 3121 1583 3204 πρὸς

220 3224 319 3307 ἡλίου
342 3222 444 3305 αὐγαὶ
467 3221 516 3290 εἰς
538 3220 653 3304 παχύν
676 3221 876 3285 καὶπυκνδν
929 3222 1028 3306 νέφει
1055 3227 1173 3305 πυκνῷ
1198 3221 1254 3284 καί
1280 3224 1391 3304 παχεῖ
1412 3221 1459 3285 καὶ
1483 3221 1582 3301 μέλανι

220 3326 322 3410 ἀέρα·
348 3325 416 3389 όδεν
439 3325 472 3388 τὸ
495 3323 547 3404 μέν
566 3322 705 3406 πρότερον
720 3323 810 3388 αὐτοῦ
825 3327 877 3386 τοῦ
929 3325 1007 3406 παρὰ
1035 3326 1068 3386 τὸ
1098 3325 1139 3407 μὴ
1166 3322 1307 3386 δύνασδαι
1332 3323 1383 3391 τὰς
1406 3323 1521 3391 ἀκτῖνας
1543 3324 1583 3391 εἰς

220 3428 304 3510 ἡλίου
334 3431 482 3512 φοινικοῦν
512 3425 644 3510 φαίνεται
676 3427 876 3508 διακαιόμενον
928 3427 961 3487 τὸ
1000 3426 1089 3509 πέραν
1128 3422 1291 3490 διακόπτειν
1324 3423 1583 3506 Ιἐπισυνισταμένας

221 3531 277 3592 ὑπὸ
299 3534 358 3592 τῶν
380 3529 503 3594 ἀκτίνων
531 3529 565 3591 τὸ
588 3528 621 3590 δὲ
648 3528 737 3610 μέλαν
760 3529 877 3613 κρατού-
928 3527 1008 3612 αύτῷ

221 3655 305 3714 μενον
332 3633 390 3696 ὑπὸ
418 3636 471 3714 τῆς
503 3630 668 3714 ὑγρότητος.
701 3631 749 3695 καὶ
778 3633 878 3701 νυκτὸς
970 3629 1135 3714 Ηίρρολ.ῖ
1156 3607 1189 3689 δ’
1204 3628 1258 3713 ἶριν
1282 3630 1314 3692 δὲ
1340 3629 1493 3711 γεννᾶσθαι
1515 3633 1583 3692 τῶν

220 3735 253 3798 δέ
274 3755 347 3819 φησι
369 3733 498 3817 γίνεσθαι
527 3733 579 3815 τὴν
601 3731 656 3816 ἶριν
679 3734 737 3798 ἀπὸ
759 3737 811 3816 τῆς
834 3755 877 3796 σε·
929 3737 1084 3818 ἡλιακῶν
1124 3733 1238 3816 αὐγῶν
1277 3732 1327 3801 εἰς
1368 3732 1452 3816 ἀέρα
1486 3753 1582 3796 συνε-

219 3839 309 3920 λὴνητ
341 3835 407 3900 ἀλλ’
449 3836 483 3900 ού
516 3836 654 3904 πολλάκις
687 3836 735 3900 διὰ
768 3837 800 3898 τὸ
835 3838 875 3920 μὴ
930 3841 1045 3900 στῶτα
1067 3823 1282 3900 πιπτουσῶν.

220 3937 397 4022 πανσέληνον
420 3935 492 4002 εἶναι
523 3939 570 4002 διὰ
592 3941 698 4008 παντὸς
720 3939 768 4002 καὶ
791 3939 877 4002 aiche·

220 4041 351 4126 νέστερον
373 4039 464 4124 αὐτὴν
488 4045 553 4125 φῶς
576 4039 655 4126 ἔχειν
677 4046 728 4104 τοῦ
751 4042 845 4124 ἡλίου.

263 4143 508 4228 Μητρόδωρος
537 4146 570 4210 δὲ
593 4146 645 4229 τὴν
673 4143 730 4228 ἶριν
757 4147 877 4210 αίτιολο·
965 4142 1583 4227 ΡΙαυ.ΙΙΙ512Μητρόδωροςὸτανδιά

219 4252 279 4330 γῶν
300 4267 398 4333 φησιν·
432 4248 500 4310 ὅταν
528 4246 558 4316 ἐξ
586 4247 714 4318 ἐναντίας
735 4253 778 4332 τῷ
801 4249 877 4334 ἡλίῳ
930 4251 1041 4331 νεφῶν
1063 4247 1164 4329 ἡλιος
1186 4247 1366 4332 διαλάμψη
1389 4248 1426 4310 τὸ
1449 4247 1510 4328 μὲν
1532 4246 1583 4310 νέ·

292 4438 299 4468 ¹
320 4442 376 4504 quis
402 4441 479 4490 luerit
504 4439 617 4504 Sporus,
636 4440 704 4490 uude
723 4441 901 4492 Posidoniana
920 4442 1087 4490 innotuerunt
1105 4437 1258 4488 scholiastae
1277 4455 1301 4502 p.
1319 4433 1376 4498 152,
1389 4433 1420 4486 10
1440 4436 1482 4500 [ci.
1502 4454 1526 4502 p.
1541 4436 1582 4496 99,

219 4523 253 4577 24
271 4542 349 4592 supra
367 4544 392 4592 ρ.
407 4523 480 4591 63η,
500 4528 587 4578 doceri
607 4528 692 4576 velim.

292 4611 351 4665 ’ct
371 4616 448 4665 Alex.
461 4617 488 4664 in
507 4616 640 4664 meteorol.
660 4615 747 4664 Aldin.
762 4611 830 4664 1527
850 4631 874 4678 p.
891 4611 957 4665 118³
976 4610 1009 4662 52
1028 4611 1050 4662 ol
1069 4609 1095 4661 δὲ
1114 4609 1168 4678 περὶ
1188 4605 1317 4677 Γεμῖνον
1336 4607 1583 4676 [contemp-19¹]

219 4701 263 4753 καὶ
281 4698 368 4753 Αίλιον
386 4699 419 4758 τῖς
441 4696 516 4760 δεῖξιν
534 4704 578 4751 τοῦ
598 4697 701 4767 sapeco
724 4700 771 4768 τὴν
791 4699 839 4768 ῖριν
861 4698 921 4751 εἶναι
940 4703 1113 4766 προσχρῶνται
1131 4697 1174 4748 καλ
1193 4697 1230 4765 τῷ
1248 4697 1399 4765 προσιόντων
1417 4715 1443 4747 τε
1462 4694 1525 4764 αύτὴ
1545 4694 1583 4745 δο-

220 4793 273 4839 κεῖν
289 4787 334 4840 καὶ
352 4785 431 4855 αίκτὴν
449 4787 574 4856 προσιέναι
593 4787 636 4838 καὶ
654 4786 855 4856 ἀποχωρούντων
879 4787 1019 4854 ἀποχωρεῖν
1044 4782 1144 4853 ὥσπερ
1168 4782 1276 4852 δρᾶται
1299 4787 1449 4836 ποιοῦντα
1472 4783 1524 4834 καὶ
1547 4783 1582 4832 τὰ

220 4874 250 4928 έν
268 4880 333 4935 τοῖς
351 4874 540 4943 κατόπτροις
560 4873 782 4946 ἐμφαινόμενα.
