3708 5732
346 401 407 464 114
556 404 622 452 VIII
660 403 709 451 DE
728 401 984 452 THEOPIIRASTI
1003 400 1236 452 PHI'SICORUM
1254 401 1491 453 OPINIONIBUS

428 569 518 634 Idem
541 567 647 656 [Anal.
663 568 825 654 Theophr.
849 591 881 654 p.
895 567 948 654 27]
971 569 1148 635 certissime
1170 574 1244 653 post
1258 567 1491 634 Schneiderum
1513 565 1703 650 fragmen-

342 677 417 736 tum
439 673 485 738 de
507 671 685 739 sensibus
713 672 798 756 quod
826 672 860 737 in
897 669 1113 755 Theophrasti
1135 670 1279 754 reliquiis
1299 669 1401 735 fertur
1423 691 1464 736 ex
1487 669 1701 756 Physicorum

344 773 547 857 opinionibus
574 774 867 841 Alexandrinorum
892 779 1001 844 aetate
1028 793 1216 857 expressum
1243 792 1315 839 esse
1341 771 1502 855 probavit
1546 774 1634 856 quod
1659 794 1702 840 ex

342 876 465 942 maiore
488 875 717 942 commentario
739 877 885 944 evulsum
904 895 977 940 esse
999 875 1204 941 manifestum
1226 874 1262 940 lit
1282 874 1315 938 δέ
1340 875 1500 958 particula
1521 875 1613 942 initio
1635 897 1703 944 ser·

341 983 428 1044 vata.
472 997 577 1062 neque
604 977 695 1048 δοξῶν
724 977 862 1062 repetita
888 977 1044 1043 memoria
1069 979 1160 1058 551.
1188 979 1219 1043 2.
1241 977 1283 1042 58
1310 977 1467 1060 originem
1493 997 1559 1043 non
1580 978 1700 1062 prodit.

341 1086 513 1163 praeterea
534 1080 681 1162 quamvis
703 1080 896 1147 contractior
918 1079 960 1144 sit
981 1078 1095 1163 oratio,
1118 1085 1228 1146 mmen
1248 1085 1282 1144 et
1296 1079 1470 1145 enarrandi
1488 1085 1522 1146 et
1535 1078 1701 1146 refutandi

339 1181 503 1248 accuratio
519 1182 621 1247 maior
643 1189 693 1248 est
714 1201 810 1265 quam
832 1188 867 1246 ut
882 1200 961 1247 suae
983 1181 1149 1247 doctrinae
1171 1187 1315 1247 veterum
1337 1181 1605 1265 philosophorum
1625 1202 1701 1250 een·

337 1305 414 1350 sura
436 1283 611 1369 prolusisse
639 1284 797 1350 videatur.
844 1281 973 1348 omnino
1002 1282 1165 1365 quamde
1191 1280 1385 1366 Opinionem
1411 1284 1537 1350 ratione
1564 1283 1700 1351 aliunde

337 1385 542 1452 informatam
566 1384 722 1450 habemus
744 1385 918 1468 imaginem
940 1383 1030 1449 illiue
1052 1391 1117 1448 tam
1140 1385 1269 1468 egregie
1295 1386 1517 1452 confirmatam
1537 1385 1700 1471 videmus,

337 1493 372 1552 ut
393 1487 608 1570 fragmentum
631 1488 712 1552 illud
734 1487 795 1553 etsi
815 1487 850 1550 in
870 1485 1069 1552 restituendo
1093 1486 1198 1552 oleum
1221 1493 1254 1552 et
1277 1508 1409 1572 operam
1432 1507 1483 1554 me
1513 1487 1699 1572 perdidisse

335 1589 441 1656 sentio
465 1597 574 1656 tamen
596 1611 637 1656 ex
659 1587 943 1672 doxographcrum
966 1594 1060 1654 coetu
1082 1588 1254 1654 excludere
1275 1589 1369 1656 nefas
1389 1589 1545 1656 duxerim.

421 1691 472 1756 hd
484 1693 718 1758 recensendum
734 1689 991 1774 Theophrasti
1006 1690 1052 1756 de
1066 1690 1243 1756 sensibus
1260 1691 1267 1724 ¹
1285 1691 1429 1758 libellum
1444 1691 1604 1758 Brandisii
1620 1701 1697 1760 utor

334 1800 513 1878 apparatu,
547 1814 642 1876 quem
675 1795 840 1860 Usenerus
869 1791 1098 1858 humanissime
1131 1792 1208 1858 mihi
1243 1793 1396 1860 utendum
1428 1795 1597 1860 concessit.
1642 1817 1698 1862 ex-

334 1902 500 1980 cerpserat
534 1895 672 1961 eundem
700 1895 733 1960 in
765 1895 876 1978 quinto
907 1894 1069 1961 volumine
1101 1895 1252 1962 editionis
1284 1915 1363 1962 auae
1390 1917 1420 1980 p.
1439 1898 1499 1960 141
1512 1918 1581 1981 sqq.
1603 1899 1629 1964 l.
1654 1898 1696 1964 (sl.

334 1998 562 2080 Schneiderus‚
584 1995 642 2062 sed
665 1996 741 2079 quia
762 1996 924 2062 difficilem
947 1997 1143 2080 explicatum
1166 1997 1288 2064 habent
1302 1997 1463 2064 Braudisii
1485 2006 1593 2084 uotae,
1615 2021 1698 2066 non-

333 2119 509 2184 numquam
531 2099 616 2165 lalsa
638 2099 838 2166 memoravit.
870 2119 976 2181 neque
998 2097 1130 2164 dubium
1152 2108 1202 2166 est
1223 2101 1302 2183 quin
1323 2120 1404 2183 quas
1425 2099 1490 2165 iam
1507 2101 1635 2184 plenius
1652 2124 1696 2170 ex

332 2203 419 2268 illius
441 2201 569 2268 schedis
591 2203 775 2285 prolaturus
796 2221 867 2266 sum
889 2199 1045 2268 lectiones
1067 2201 1231 2268 codicibus
1252 2202 1358 2268 denuo
1381 2203 1519 2268 conlatis
1539 2203 1627 2270 haud
1650 2205 1697 2270 ln-

332 2305 454 2371 utiliter
475 2303 593 2386 aliquis
614 2305 767 2387 supplere
788 2303 892 2387 possit
905 2303 925 2369 ¹.
970 2309 1156 2369 excusserat
1177 2303 1367 2368 Brandlsius

279 2418 306 2482 Ρ
417 2406 638 2472 Parisinum
663 2407 743 2470 1921
768 2405 974 2472 chartaceum
989 2427 1015 2471 s.
1030 2406 1107 2472 XIV
1129 2405 1173 2472 ad
1194 2406 1234 2471 Η.
1257 2403 1415 2488 Stephani
1438 2406 1613 2476 editionem
1639 2429 1696 2476 ex-

329 2518 448 2577 actum.
492 2509 635 2577 eontinet
656 2505 841 2574 Aristotelis
863 2508 905 2574 de
927 2509 1037 2575 anima
1059 2509 1173 2592 libros,
1200 2526 1304 2592 parva
1332 2509 1492 2576 naturalia
1514 2531 1586 2576 cum
1608 2531 1695 2577 com-

329 2613 510 2697 mentariis,
541 2611 640 2678 libros
667 2610 863 2695 uoclogieoa
898 2609 1114 2696 Theophrasti
1140 2611 1183 2676 de
1205 2609 1354 2677 sensibus
1376 2618 1410 2678 et
1431 2613 1473 2678 de
1494 2613 1569 2695 igne
1591 2613 1694 2680 libros

328 2713 379 2802 [ci.
404 2716 559 2782 Catelli
582 2737 612 2800 p.
629 2711 714 2797 4194
1694 2743 1697 2748 ·

275 2827 302 2890 F
416 2817 713 2884 Laurentianum
735 2815 921 2881 LXXXVII
944 2817 987 2880 20
1012 2814 1255 2900 bombycinum,
1282 2835 1307 2880 s.
1330 2813 1399 2882 fere
1420 2815 1512 2900 XIV,
1537 2816 1690 2884 loliorum

326 2921 391 2984 230
411 2919 516 2984 forma
538 2919 708 3002 quadrata.
743 2918 887 2985 continet
907 2918 1114 2984 Aristotelem
1136 2919 1178 2983 de
1200 2917 1320 3002 anima,
1343 2917 1511 2984 Themistii
1533 2919 1691 3003 paraphr.

323 3023 358 3087 in
380 3023 477 3088 Arist.
494 3023 525 3088 d.
542 3021 650 3105 anim,
672 3019 855 3086 Aristotelis
878 3041 981 3104 parva
996 3021 1169 3106 naturalia,
1191 3019 1451 3104 Theophrastum
1470 3020 1512 3086 de
1527 3021 1690 3106 sensibus,

324 3124 482 3190 Prisciani
501 3122 724 3206 metaphrases
738 3121 772 3187 in
787 3121 961 3208 Theophr„
984 3123 1146 3208 Theophr.
1163 3122 1205 3188 de
1225 3122 1302 3205 igne
1323 3121 1345 3187 f.
1363 3123 1542 3210 lul-178,
1562 3122 1690 3190 Ariste·

322 3227 420 3292 telem
448 3225 490 3292 de
520 3224 628 3306 coelo,
659 3223 801 3288 Psellum
828 3223 870 3290 de
899 3223 1065 3309 daemon,
1096 3223 1250 3290 Themist
1276 3223 1310 3288 in
1337 3224 1434 3290 Arist.
1464 3225 1559 3309 phys.
1584 3245 1689 3310 ausa,

321 3328 453 3394 Aristot.
470 3325 594 3412 physic.
611 3324 767 3408 problem.
791 3323 842 3412 [cf.
866 3325 1003 3392 Bandin.
1026 3327 1122 3392 catal.
1145 3347 1221 3393 mss.
1245 3325 1300 3393 Gr.
1315 3326 1364 3391 111
1386 3347 1419 3410 p.
1434 3323 1519 3412 382].
1549 3327 1591 3394 de
1612 3349 1689 3394 sen-

320 3430 409 3498 sibus
431 3430 514 3496 libor
536 3433 627 3494 extat
648 3426 671 3492 l.
688 3429 748 3492 147
762 3447 831 3511 sqq.
856 3431 1003 3495 conlatus
1026 3436 1077 3496 est
1098 3449 1169 3494 cum
1193 3429 1393 3495 Camctiana.

403 3534 442 3598 In
465 3530 523 3596 PF
547 3529 651 3594 omnis
673 3529 773 3595 libelli
796 3531 885 3596 salus
907 3531 1015 3615 posita
1038 3537 1096 3596 est.
1131 3532 1186 3614 qui
1208 3551 1249 3598 ex
1265 3530 1348 3596 libro
1363 3530 1450 3596 vitiis
1466 3551 1562 3598 omne
1577 3551 1685 3613 genus

319 3635 444 3717 repleto
468 3639 500 3699 et
522 3631 669 3697 mutilato
697 3651 758 3697 nec
783 3631 830 3697 ita
857 3640 985 3700 vetusto
1004 3669 1048 3680 --
1068 3653 1145 3698 nam
1167 3631 1331 3717 comuptio
1353 3653 1412 3716 per
1433 3633 1625 3717 compendia
1645 3634 1685 3700 in

319 3741 465 3801 extrema
487 3734 646 3802 vocabula
668 3735 809 3816 grassari
836 3734 891 3798 diu
919 3742 1072 3818 coeperat
1093 3771 1136 3780 -
1158 3735 1288 3802 deducti
1313 3742 1398 3800 sunt.
1441 3735 1542 3800 multo
1569 3742 1685 3802 tamen

317 3843 463 3920 praestat
485 3837 510 3902 P
532 3837 671 3902 fidehter
691 3835 883 3920 descriptus,
906 3835 1038 3902 inferior
1057 3844 1108 3903 est
1128 3839 1212 3904 alter·
1234 3838 1261 3902 F
1283 3837 1508 3920 neglegentius
1529 3837 1683 3921 scriptus,

387 4092 558 4145 1ἱιιισιίἰιιιιιι
579 4095 680 4143 codices
700 4091 748 4143 PF
776 4090 831 4158 περὶ
860 4087 1013 4161 αἰσθήσεων,
1042 4095 1139 4146 Laertli
1168 4097 1246 4146 index
1275 4097 1370 4161 primus
1403 4091 1438 4162 [V
1455 4091 1489 4146 42
1513 4097 1544 4146 cf.
1566 4097 1680 4146 Useneri

313 4182 391 4231 Anal.
415 4182 547 4247 Theophr.
571 4199 596 4246 p.
615 4179 645 4243 3]
671 4178 726 4247 περὶ
750 4174 890 4246 αἰσθήσεων
914 4177 931 4227 ἅ
953 4183 991 4232 da
1018 4197 1112 4232 sensu
1136 4191 1167 4232 et
1188 4185 1303 4233 sensili
1326 4183 1510 4248 Abulfsragiua
1532 4183 1680 4235 Wenriehii

313 4266 358 4329 [cs.
382 4269 415 4317 A.
435 4269 545 4318 Mueller
568 4269 610 4318 die
632 4267 727 4330 griech.
746 4267 846 4318 Phllos.
869 4268 896 4317 in
920 4269 967 4318 der
985 4269 1056 4320 areb.
1077 4269 1216 4320 Ueberliel.
1235 4287 1260 4334 p.
1273 4267 1327 4334 22].
1365 4272 1509 4322 Vossianus
1533 4271 1603 4321 dedit
1618 4269 1679 4336 περὶ

312 4349 465 4421 αἰσθήσεως,
488 4359 528 4405 eui
552 4355 652 4406 eddidit
669 4354 840 4406 Schneiderus
864 4355 896 4404 ad
920 4355 1071 4408 Aristotelel
1097 4357 1156 4407 libri
1181 4359 1374 4410 similitudinem
1396 4356 1440 4408 aul
1463 4356 1519 4424 περὶ
1537 4352 1678 4424 αἰσθητῶν.

309 4444 364 4506 ipse
384 4441 579 4507 Theophrastus
596 4445 619 4492 si
636 4443 779 4506 fragmento
798 4457 873 4490 suum
891 4443 992 4492 titulum
1011 4444 1073 4494 dare
1093 4445 1225 4508 voluisset,
1243 4444 1299 4513 aspi
1317 4441 1458 4513 αἰσθήσεως
1480 4441 1525 4494 καὶ
1545 4438 1678 4512 αἰσθητῶν

309 4531 378 4578 baud
403 4530 479 4580 dubie
502 4532 652 4595 scrlpsisset.
688 4543 748 4580 nam
772 4529 836 4580 haec
860 4538 897 4578 est
921 4530 1001 4580 libelli
1025 4534 1128 4596 partitio
1148 4529 1178 4595 ἐξ
1200 4531 1210 4581 l
1236 4541 1262 4582 et
1281 4531 1323 4586 59.
1359 4535 1452 4584 Aetius
1475 4529 1677 4596 quidem1V8

308 4615 362 4684 περὶ
381 4611 537 4684 αἰσθήσεων
555 4616 598 4667 aul
617 4610 753 4682 αἰσθητῶν,
772 4623 799 4665 at
817 4617 966 4667 Aristotelei
984 4617 1043 4668 libri
1062 4621 1254 4684 inscrIptiencm
1273 4637 1305 4672 nc
1324 4619 1474 4671 Alexander
1492 4620 1596 4682 quidam
1615 4617 1676 4684 περὶ

306 4697 464 4770 αἰσθήσεων
483 4720 507 4754 κ.
527 4697 664 4770 αἰσθητῶν,
682 4701 728 4752 sed
746 4699 801 4769 περὶ
819 4697 980 4769 αἰσθήσεως
998 4721 1024 4755 ι.
1036 4700 1102 4756 αἰσθ.
1121 4713 1234 4757 testatur.
1259 4707 1290 4758 cf.
1309 4708 1410 4758 Usener
1427 4707 1488 4758 Jen.
1507 4707 1673 4756 Littersturz.

310 4789 376 4844 1876
395 4807 419 4856 p.
433 4788 493 4844 536.
531 4787 535 4798 '

376 4875 386 4909 ²
406 4879 466 4928 dum
485 4878 548 4926 haec
567 4879 677 4940 corrigo,
696 4878 816 4942 pleraque
836 4893 902 4941 quae
922 4879 993 4929 aBr.
1007 4880 1073 4928 exli
1092 4889 1181 4932 notata
1199 4881 1273 4930 attuli
1290 4881 1357 4931 laiss
1374 4895 1430 4930 esse
1444 4897 1484 4932 me
1497 4882 1568 4932 Hier.
1580 4881 1672 4930 Vitelli

302 4965 466 5016 Florentinus
484 4967 574 5014 iterum
593 4966 697 5016 conlato
716 4966 737 5016 p
755 4966 851 5016 docuit.
889 4982 952 5030 ergo
971 4984 996 5032 p.
1013 4965 1151 5018 llo-tlt
1170 4969 1238 5017 inira
1255 4967 1410 5019 retractabo.
