3756 5736
735 409 1011 462 Pronnoomnrra
1487 411 1550 476 225

192 595 305 662 parum
337 575 459 643 habent
488 575 706 642 similitudinis
737 583 770 642 et
802 577 993 661 scriptorum
1020 577 1119 644 index
1146 579 1200 661 qui
1230 599 1250 644 a
1281 579 1437 646 Cicerone
1462 581 1551 646 haud

191 679 289 744 dubie
322 698 363 744 ex
393 677 508 742 eadem
542 678 732 745 collectione
764 679 894 745 additus
922 686 972 746 est
1007 700 1138 764 prorsus
1169 681 1333 764 discrepat
1363 701 1384 746 a
1414 683 1551 748 Placito·

192 801 261 846 rum
295 778 535 847 consuetudine.
581 785 615 844 at
648 780 779 847 ultimus
811 787 859 847 est
887 781 1058 848 Tullianae
1084 783 1217 848 tabulae
1249 783 1464 867 compluriens
1495 783 1551 850 ille

191 884 343 950 laudatus
359 881 561 965 Posidonius,
585 881 675 948 cuius
692 884 861 950 collectam
877 883 1046 950 materiam
1068 883 1112 948 ad
1135 885 1275 968 priorem
1296 885 1337 951 dc
1352 884 1551 953 divinatione

190 985 309 1052 librum
323 985 456 1051 liberius
470 982 619 1050 adhibuit
641 981 692 1069 [cf.
710 984 848 1052 Schiche
870 987 912 1052 de
930 986 1074 1052 fontibus
1096 986 1166 1052 libr.
1186 987 1332 1052 Ciceron.
1356 1007 1386 1070 q.
1402 1009 1426 1054 s.
1444 989 1485 1054 de
1508 989 1552 1053 di·

191 1091 292 1156 vinat.
308 1089 377 1154 len.
395 1087 478 1152 1875
502 1107 532 1170 p.
549 1081 613 1170 25],
636 1085 720 1152 idem
736 1086 804 1154 fere
819 1089 951 1154 ultimus
972 1089 1007 1154 in
1030 1087 1165 1153 Placitis
1186 1087 1261 1173 (etsi
1277 1088 1306 1154 V
1322 1091 1339 1153 1
1359 1089 1478 1176 deest):
1500 1091 1552 1156 hic

192 1199 366 1260 concentus
389 1210 461 1256 cum
482 1187 634 1254 fortuitus
656 1209 728 1255 esse
744 1198 894 1276 nequeat,
918 1211 980 1275 age
1003 1191 1189 1274 diligentins
1211 1209 1405 1274 quaeramus
1426 1193 1454 1256 si
1476 1193 1553 1276 quid

193 1291 359 1360 Posidonii
389 1291 423 1356 in
457 1289 662 1375 opinionibus
687 1297 834 1358 veterum
865 1293 1056 1377 colligendis
1088 1293 1246 1377 reliquum
1279 1293 1321 1360 sit
1347 1292 1551 1360 curiositatis.

192 1417 298 1480 neque
318 1395 454 1460 multum
480 1393 515 1458 in
542 1409 583 1458 ea
614 1393 804 1475 quaestione
828 1402 941 1462 nostra
966 1395 1102 1462 interest
1130 1401 1237 1460 utrum
1264 1393 1366 1478 ipsius
1387 1395 1552 1461 Posidonii

192 1519 235 1566 an
267 1497 497 1582 discipulorum
529 1497 761 1562 commentaria
795 1497 1025 1564 examinemus.
1070 1517 1145 1563 nam
1179 1517 1250 1563 cnm
1282 1497 1324 1563 de
1356 1496 1553 1562 Placitorum

191 1601 349 1684 scriptore
363 1606 489 1683 agatur,
513 1596 592 1664 satis
617 1600 752 1664 multum
775 1599 869 1664 nohis
891 1600 1031 1666 assecuti
1052 1599 1242 1684 videbimur,
1265 1600 1293 1666 si
1315 1599 1405 1665 cuius
1422 1599 1554 1668 scholae

191 1703 305 1770 studiis
328 1701 498 1768 consilinm
523 1719 615 1765 suum
637 1699 693 1766 ille
714 1701 1017 1786 accommodaverit,
1040 1702 1293 1785 exposuerimus.

280 1805 520 1872 Posidonianae
534 1800 725 1885 disciplinae
741 1811 867 1870 constat
886 1804 1058 1871 Senecae
1077 1803 1287 1870 Naturales
1307 1803 1553 1886 quaestiones

192 1909 330 1978 refertas
352 1927 439 1992 esse,
468 1925 549 1989 quas
570 1924 629 1988 per
650 1905 914 1990 Asclepiodotum
936 1905 1076 1972 maxime
1099 1927 1139 1972 ex
1161 1905 1303 1970 doctoris
1326 1905 1413 1970 illius
1436 1912 1554 1972 meteo-

193 2012 343 2096 rologiois
367 2011 525 2077 deductas
548 2026 622 2074 esce
643 2029 674 2090 p.
693 2009 733 2073 19
755 2009 831 2074 dixi.
870 2009 951 2074 nihil
972 2008 1037 2072 illis
1059 2007 1102 2072 ad
1125 2005 1305 2072 Stoicorum
1327 2006 1463 2072 istorum
1485 2027 1554 2072 eru-

193 2117 348 2182 ditionem
369 2110 601 2178 illustrandam
625 2109 734 2193 aptius
755 2119 862 2196 potest
884 2131 966 2178 esse.

281 2217 408 2283 Seneca
429 2215 462 2279 ll
486 2215 526 2279 12
549 2211 591 2277 de
612 2210 882 2294 fulgurationihus
904 2209 1091 2278 fulminibus
1117 2209 1267 2276 tonitruis
1295 2209 1464 2294 opiniones
1486 2211 1555 2278 bre·

194 2321 277 2388 viter
299 2314 561 2401 comprehendit,
584 2311 773 2380 nominatim
795 2315 1011 2398 Anaxagorae

239 2423 294 2502 §3
328 2421 541 2500 Aaoacporcs
564 2417 609 2479 cit
629 2417 717 2478 illam
731 2437 770 2480 ea
793 2437 851 2481 oe·
945 2417 1017 2482 Aet.
1039 2415 1088 2480 111
1110 2416 1165 2480 34
1204 2412 1394 2498 Ἀναξαγόρας
1425 2415 1492 2480 ὅταν
1521 2421 1555 2481 τὸ

197 2528 280 2590 there
309 2523 463 2586 distillare
496 2529 525 2583 et
554 2539 594 2581 ea
623 2527 709 2582 tanto
735 2519 852 2582 ardore
903 2519 1011 2602 θερμὸν
1044 2518 1085 2587 εἰς
1117 2519 1150 2580 τὸ
1176 2517 1288 2602 ψυχρὸν
1314 2515 1441 2601 ἐμπέσῃ,
1470 2525 1555 2584 τοῦτο

197 2628 279 2692 coeli
296 2626 394 2688 'maha
416 2623 569 2699 decidere,
592 2621 781 2704 pacemahca
796 2622 851 2684 dia
903 2618 928 2683 δ’
949 2621 1024 2684 ἐστὶν
1045 2619 1202 2703 αἰθέριον
1218 2618 1305 2702 μέρος
1319 2617 1361 2688 εἰς
1375 2620 1502 2704 ἀερῶδες

196 2729 320 2793 iactata
342 2727 526 2790 crestodr'aat.
875 2707 878 2809 Ι

199 2837 264 2895 tum
293 2827 476 2894 Aristotelis
506 2825 635 2892 uberior
661 2825 806 2909 seqnitur
833 2825 1020 2910 disputatio.
1067 2825 1175 2892 omnia
1201 2823 1283 2892 haec
1313 2845 1354 2891 ex
1375 2825 1557 2893 Aristotelis

199 2930 364 2999 meteorol.
385 2930 457 2996 119
484 2933 638 3012 excerpta
661 2933 746 2992 sunt.
785 2947 886 3012 quare
908 2947 980 2993 cum
1003 2927 1129 2992 Placita
1150 2947 1216 2992 non
1238 2927 1371 3012 propius
1393 2928 1436 2992 ad
1459 2927 1556 2994 Sene-

199 3055 269 3100 cam
291 3031 460 3118 accedant,
483 3031 546 3097 hoc
567 3029 698 3113 quidem
721 3031 792 3096 loco
816 3030 954 3096 dirersis
977 3029 1026 3094 usi
1044 3035 1119 3094 sunt
1133 3028 1286 3094 fontibus.
1321 3029 1380 3096 sed
1394 3029 1436 3095 de
1451 3035 1557 3096 terrae

200 3143 289 3203 motu
315 3135 430 3200 mirum
453 3141 504 3200 est
525 3139 696 3214 utrumque
718 3132 847 3199 Thaleti
875 3132 1011 3198 eandem
1040 3151 1171 3197 causam
1192 3130 1388 3197 adscribere.
1432 3131 1558 3198 Placita

200 3237 387 3323 simpliciter
408 3237 457 3301 III
481 3237 554 3301 151
583 3233 682 3318 Θαλῆς
706 3237 758 3318 μὲν
780 3237 829 3300 καὶ
852 3234 1032 3319 Δημόκριτος
1055 3236 1136 3299 ὕδατι
1158 3234 1211 3317 τὴν
1234 3234 1327 3297 αἰτίαν
1349 3237 1408 3298 τῶν
1431 3239 1557 3318 σεισμῶν

199 3342 423 3427 προσάπτουσιν,
439 3337 565 3404 Seneca
580 3337 762 3402 accuratius
779 3337 826 3402 [II
840 3339 881 3402 13
901 3345 913 3397 1
938 3336 1018 3402 Vlss
1039 3347 1050 3398 1
1075 3336 1123 3402 III
1140 3337 1181 3400 14
1201 3347 1228 3399 l:
1252 3337 1297 3398 cit
1312 3338 1391 3399 anim
1406 3345 1559 3400 terraram

200 3445 303 3508 orbem
325 3462 409 3525 opero
429 3442 575 3505 smtiaeri
597 3450 625 3503 ct
646 3441 714 3503 uehi
735 3461 820 3503 more
842 3441 959 3521 accipit
980 3441 1207 3520 nobilitateque
1229 3441 1295 3500 cias
1315 3439 1466 3519 stambere
1488 3447 1560 3501 tuac

200 3565 268 3610 cam
283 3547 399 3609 dicitur·
417 3555 553 3606 tremere.
577 3559 618 3607 ex
632 3541 806 3608 Aristotele
828 3542 909 3607 illud
930 3541 1034 3606 solum
1049 3539 1195 3606 Tbeletis
1216 3539 1304 3605 docti
1326 3546 1419 3606 erant
1440 3545 1559 3606 terram

201 3667 299 3731 super
320 3664 406 3728 aqua
428 3651 542 3710 natare
565 3643 721 3726 [metaph.
735 3645 800 3710 Aa
824 3666 855 3728 ρ.
871 3644 952 3710 9831
973 3643 1024 3706 21.
1056 3641 1098 3708 de
1120 3642 1200 3708 cael.
1222 3642 1255 3706 Il
1279 3643 1319 3707 13
1341 3662 1373 3725 p.
1389 3642 1470 3707 294Ι
1493 3643 1557 3725 23].

200 3755 307 3815 terrae
338 3754 460 3814 motum
493 3744 689 3812 recentiores
719 3744 788 3812 sive
822 3765 862 3811 ex
888 3743 1117 3810 commenticio
1146 3743 1226 3809 libro
1253 3743 1377 3826 [Zeller
1400 3743 1559 3826 1⁴182¹J

200 3850 271 3916 sire
293 3870 312 3916 e
333 3850 529 3932 coniectura,
552 3846 639 3930 quod
661 3847 741 3912 mihi
763 3848 831 3915 veri
855 3845 991 3913 similius
1012 3845 1150 3928 ridetur,
1172 3845 1375 3912 addiderunt.
1409 3852 1560 3912 secuntur

200 3951 288 4036 apud
303 3951 432 4016 Aetium
449 3948 549 4016 Stoici
565 3967 670 4032 aquae
686 3949 918 4016 subterraneae
934 3968 1063 4042 causam
1080 3945 1302 4014 attribuentes.
1332 3947 1436 4013 simile
1451 3946 1561 4012 dieunt

201 4054 355 4136 quidam
377 4053 466 4138 apud
481 4051 639 4116 Senecam
655 4051 700 4116 VI
716 4053 744 4116 7.
777 4059 843 4116 tum
866 4052 954 4136 apud
974 4056 1144 4131 utrumque
1162 4048 1373 4114 Anaximenis
1391 4049 1500 4132 opinio
1520 4069 1561 4114 ex

200 4154 333 4220 Aristot.
349 4161 482 4220 meteor.
499 4151 566 4216 Il'l
591 4172 621 4236 p.
639 4153 720 4217 3651‘
743 4154 772 4238 6,
796 4151 850 4217 uhi
867 4152 993 4218 Seneca
1014 4154 1144 4232 spiritua
1165 4154 1344 4214 violentiam
1364 4152 1406 4217 de
1427 4172 1485 4216 sno
1507 4149 1562 4214 ad-

200 4255 258 4321 dit.
283 4263 358 4340 post
381 4256 493 4322 varias
518 4251 688 4338 opiniones
709 4260 844 4338 uterque
860 4253 1079 4320 Metrodorum
1103 4258 1340 4318 commemorat.
1367 4252 1426 4319 sed
1448 4271 1562 4336 parum

201 4357 383 4424 concinunt
421 4356 553 4422 ultimus
575 4360 652 4422 ante
674 4354 885 4422 Posidonium
908 4363 958 4422 est
980 4357 1139 4440 Epicurus
1162 4354 1275 4420 Senec.
1296 4354 1340 4420 VI
1359 4357 1402 4420 20
1420 4363 1436 4418 5
1458 4375 1563 4418 omnes

201 4463 280 4524 istas
300 4481 393 4543 peace
415 4479 483 4523 esra
506 4477 620 4522 caurus
639 4458 797 4538 Epicurea
820 4461 866 4522 cit
885 4460 1051 4541 pluresque
1073 4459 1157 4522 olias
1178 4466 1312 4536 temptat,
1335 4454 1421 4521 idem
1442 4456 1477 4521 in
1492 4455 1564 4522 Pla-

202 4561 274 4628 citis
288 4561 482 4627 novissimus
497 4561 546 4625 III
562 4559 603 4624 15
621 4569 662 4643 11,
683 4558 724 4625 ci.
742 4559 872 4643 Epicuri
889 4559 1027 4644 epistula
1042 4560 1085 4625 ad
1100 4557 1291 4644 Pythoclem
1306 4557 1428 4641 [Laert.
1439 4557 1471 4622 X
1487 4558 1562 4640 105]

202 4683 287 4746 quae
308 4668 464 4746 tanquam
487 4683 528 4728 ex
551 4661 773 4745 doxographis
795 4661 978 4727 nominibus
1005 4658 1272 4746 philosophorum
1299 4659 1425 4726 omissis
1446 4659 1564 4743 raptim

203 4781 334 4832 corrasa
349 4771 400 4832 est
415 4771 448 4831 et
461 4765 526 4829 iam
545 4763 714 4830 veteribus
731 4769 883 4848 suspecta
897 4763 967 4829 fuit.
1002 4763 1040 4829 cf.
1057 4762 1182 4828 collect.
1198 4761 1327 4828 Hercul.
1343 4763 1399 4826 alt.
1415 4761 1431 4826 I
1450 4781 1480 4844 p.
1491 4761 1562 4825 152.

203 4867 364 4950 Duening.
387 4867 430 4934 de
452 4866 586 4932 Metrod.
616 4887 647 4949 p.
663 4868 713 4932 22.
769 4866 811 4932 de
840 4867 973 4932 cometis
1005 4867 1131 4932 Seneca
1152 4863 1214 4929 VII
1238 4865 1335 4929 1-6
1365 4883 1431 4930 non
1457 4863 1565 4928 nullas

203 4969 373 5053 opiniones
400 4968 546 5052 collegit,
576 4968 660 5033 inter
690 4987 770 5050 quas
798 4967 960 5034 uberrime
982 4967 1162 5051 Epigenem
1192 4965 1234 5031 de
1257 4964 1433 5031 Chaldaeis
1458 4964 1564 5048 dispu-

254 5097 346 5146 Dlels‚
366 5098 510 5148 Doxogrsphl
529 5099 610 5148 maeel.
1322 5069 1362 5130 15
