3648 5736
368 380 431 444 566
611 383 808 436 HIPPOLYTI
827 383 1190 436 PHILOSOPHUMENON
1214 385 1244 436 14
1254 393 1312 432 e-e
1335 385 1373 436 15.
1397 387 1435 438 16.
1458 386 1487 436 17

386 561 402 614 5
421 552 599 634 διηθεῖσθαι,
621 553 723 616 τούτου
745 555 829 638 χάριν
851 552 980 636 γίνεσθαι
1003 555 1148 638 ἀλμυράν·
1280 556 1296 620 ὁ
1319 554 1352 618 δὲ
1374 554 1583 638 Ξενοφάνης
1606 557 1671 636 μῖξιν

419 661 471 739 τῆς
494 660 547 738 γῆς
569 655 641 738 πρὸς
663 657 715 738 τὴν
737 656 887 722 θαλασσαν
910 657 1040 739 γίνεσθαι
1063 659 1144 720 δοκεῖ
1168 657 1217 720 καὶ
1246 658 1290 742 τῷ
1317 658 1417 743 χρόνῳ
1439 659 1497 722 ὑπὸ
1518 663 1569 724 τοῦ
1593 661 1672 742 ύγρού

418 757 555 833 λύεσθαι,
585 759 705 842 φάσκων
735 759 869 841 τοιαύτας
899 757 978 844 ἔχειν
1006 759 1179 836 ἀποδείξεις,
1211 759 1255 824 ὁτι
1284 759 1314 822 ἐν
1341 759 1420 844 μέση
1448 761 1488 845 γῇ
1516 761 1564 825 καί
1587 758 1673 844 ὄρεσιν

418 860 596 943 εὑρίσκονται
619 861 734 944 κόγχαι,
757 844 815 926 καίΙ
827 863 857 925 ἐν
880 862 1079 946 Συρακούσαις
1100 863 1133 926 δὲ
1156 862 1186 925 ἐν
1201 866 1263 930 ταῖς
1279 862 1428 944 λατομίαις
1443 862 1519 944 λέγει
1534 863 1672 946 εὑρῆσθαι

418 963 506 1026 τύπον
528 961 632 1046 ἰχθύος
654 963 702 1025 καί
724 969 844 1047 φωνῶν,
866 965 896 1029 ἐν
919 967 952 1028 δὲ
975 964 1065 1049 Πάρῳ
1087 965 1175 1028 τύπον
1198 965 1294 1049 ἀφύης
1310 965 1339 1028 ἐν
1354 963 1398 1050 τῷ
1412 965 1498 1050 βάθει
1514 970 1565 1028 τοῦ
1584 964 1697 1037 λίθου,ν

387 1077 402 1128 6
420 1067 449 1128 ἐν
472 1067 504 1128 δὲ
528 1064 642 1148 Μελίτη
664 1067 777 1138 πλάκας
793 1071 966 1149 συμπάντων
983 1068 1160 1132 θαλασσίων.
1291 1072 1382 1132 ταῦτα
1397 1067 1430 1130 δέ
1445 1088 1517 1152 φησι
1536 1067 1674 1150 γενέσθαι,

418 1171 467 1234 ὁτε
489 1171 582 1231 πάντα
604 1169 803 1252 ἀπηλάθησαν
824 1172 925 1247 παλαι,
947 1172 996 1234 τὸν
1020 1170 1053 1234 δὲ
1067 1169 1155 1232 τύπον
1172 1171 1202 1234 ἐν
1217 1171 1261 1254 τῷ
1276 1173 1363 1254 πηλῷ
1381 1168 1569 1252 ξηρανθῆναι.
1605 1171 1675 1232 ἀναι-

418 1272 532 1356 ρεῖσθαι
554 1273 587 1334 δὲ
609 1274 675 1342 τοὺς
698 1274 872 1358 ἀνθρώπους
900 1275 1023 1350 πάντας,
1055 1273 1122 1336 ὁταν
1151 1274 1170 1356 ἡ
1197 1277 1234 1355 γῆ
1258 1272 1469 1356 κατενεχθεῖσα
1490 1272 1531 1340 είς
1553 1272 1607 1354 τὴν
1629 1271 1675 1334 θά-

418 1377 527 1438 λασσαν
551 1375 643 1456 πηλὸς
665 1374 793 1456 γένηται,
816 1375 879 1438 εἶτα
900 1377 986 1440 πάλιν
1008 1374 1154 1460 ἄρχεσθαι
1176 1379 1228 1458 τῆς
1250 1376 1400 1456 γενέσεως,
1423 1375 1472 1437 καί
1487 1375 1595 1456 ταύτην
1609 1379 1674 1438 πᾶσι

420 1481 480 1545 τοῖς
503 1475 622 1557 κόσμοις
644 1477 773 1558 γίνεσθαι
796 1480 969 1564 μεταβολήν.
1691 1497 1708 1534 1⁰

503 1581 543 1644 15
581 1575 778 1662 Ἔκφαντός
803 1603 845 1649 τις
867 1579 1062 1664 Συρακούσιος
1084 1581 1142 1666 ἔφη
1165 1583 1207 1665 μὴ
1230 1580 1303 1644 εἶναι
1331 1579 1474 1662 ἀληθινὴν
1502 1584 1562 1643 τῶν
1591 1578 1674 1644 ὄντων

418 1683 516 1766 λαβεῖν
542 1685 662 1762 γνῶσιν,
692 1681 780 1764 ὁρίζει
806 1683 839 1744 δὲ
866 1685 907 1752 ιὸς
932 1684 1055 1765 νομίζει·
1084 1683 1121 1746 τὰ
1148 1683 1200 1766 μὲν
1223 1687 1325 1769 πρῶτα
1347 1683 1505 1765 ἀδιαίρετοι
1527 1681 1601 1746 εἶναι
1624 1686 1673 1747 σόν·

419 1807 496 1868 ματα
523 1783 572 1845 καί
600 1785 785 1868 παραλλαγὰς
806 1786 903 1850 αὐτῶν
925 1790 1000 1870 τρεῖς
1022 1785 1179 1872 ὑπάρχειν,
1206 1785 1329 1868 μέγεθος
1355 1788 1459 1868 σχῆμα
1487 1784 1623 1868 δύναμιν,
1648 1785 1674 1854 ἐξ

384 1889 461 1952 θεόν
482 1887 519 1950 τὰ
540 1885 667 1968 αἰσθητὰ
687 1887 826 1968 γίνεσθαι.
978 1887 1050 1952 εἶναι
1072 1889 1159 1952 δὲτὸ
1182 1887 1297 1972 πλῆθος
1319 1887 1416 1950 αὐτῶν
1448 1888 1608 1970 ὡρισμένον
1630 1887 1672 1950 καί

416 1996 501 2056 τοῦτο
523 1990 651 2073 ἄπειρον.
697 1992 838 2054 κινεῖσθαι
867 1992 901 2054 δέ
924 1991 961 2054 τά
988 1994 1111 2072 σώματα
1139 1992 1214 2075 μήτε
1240 1990 1297 2052 ύπδ
1325 1990 1430 2073 βάρους
1459 1991 1534 2074 μήτε
1556 1993 1674 2073 πληγῆς,
1689 2007 1707 2044 ¹⁵

417 2091 482 2157 ἀλλ’
511 2093 568 2155 ύπδ
591 2093 675 2163 θείας
697 2095 862 2176 δυνάμεως,
886 2095 922 2178 ῆν
945 2099 1011 2156 νοῦν
1036 2095 1083 2156 καί
1111 2094 1208 2178 ψυχὴν
1235 2091 1450 2176 προσαγορεύει.
1496 2093 1600 2156 τούτου
1627 2093 1673 2174 μὲν

416 2195 466 2260 οὖν
488 2196 537 2257 τδν
561 2197 670 2278 κόσμον
692 2195 764 2259 είναι
788 2196 880 2274 ἰδέαν,
911 2194 948 2260 δι’
977 2197 993 2261 ὃ
1016 2196 1065 2260 καί
1088 2197 1257 2280 σφαιροειδῆ
1282 2195 1339 2257 ύπδ
1363 2195 1444 2264 θείας
1467 2195 1617 2276 δυνάμεως
1637 2216 1674 2274 γε-

415 2298 536 2380 γονέναι.
581 2299 633 2380 τὴν
661 2299 694 2360 δέ
715 2303 768 2382 γῆν
800 2299 888 2380 μέσον
915 2299 1026 2381 κόσμου
1052 2299 1193 2362 κινεῖσθαι
1220 2299 1284 2382 περὶ
1316 2298 1349 2362 rb
1377 2298 1468 2380 αὐτῆς
1496 2295 1612 2381 κέντρον
1638 2300 1673 2364 ίυς

416 2401 487 2484 πρὸς
510 2402 664 2484 ἀνατολήν.

501 2505 542 2568 le
572 2500 697 2568 Ἵππων
721 2504 754 2566 δὲ
776 2505 792 2568 ό
811 2500 938 2586 Ῥηγῖνος
960 2505 1054 2590 ἀρχὰς
1076 2503 1134 2588 ἔφη
1157 2505 1269 2590 ψυχρὸν
1291 2505 1325 2566 τὸ
1349 2504 1426 2586 ὕδωρ
1449 2505 1497 2566 καί
1520 2504 1629 2588 θερμόν
1642 2503 1671 2564 τὸ
1686 2521 1704 2558 τι

413 2610 481 2688 πῦρ.
524 2608 675 2688 γενόμενον
705 2607 792 2670 δὲτὸ
822 2610 878 2688 πῦρ
903 2608 960 2670 ὁπδ
988 2607 1091 2678 ύδατος
1118 2611 1308 2690 κατανικῆσαι
1334 2607 1386 2689 τὴν
1413 2611 1465 2670 τοῦ
1492 2608 1673 2692 γεννήσαντα

384 2716 399 2766 1
419 2709 538 2790 δύναμιν
561 2709 703 2791 συστῆσαί
724 2731 756 2770 τε
777 2709 826 2772 τὸν
849 2709 968 2791 κόσμον.
1119 2711 1171 2793 τὴν
1199 2711 1232 2773 δέ
1252 2711 1349 2795 ψυχὴν
1365 2709 1436 2772 ποτὲ
1453 2709 1505 2790 μὲν
1520 2709 1673 2792 ἐγκέφαλον

414 2810 500 2892 λέγει,
524 2811 595 2875 ποτὲ
617 2811 650 2874 δὲ
673 2811 764 2894 ύδωρ·
789 2811 837 2874 καὶ
859 2811 914 2895 γὰρ
934 2813 968 2874 τό
992 2811 1107 2896 σπέρμα
1128 2809 1211 2888 εἶναι,
1234 2809 1334 2896 (κατὰ)
1356 2813 1389 2874 τὸ
1411 2812 1586 2894 φαινόμενον
1601 2815 1673 2896 ἡμῖν,

416 2911 445 2980 ἐξ
470 2915 568 2996 ὑγροῦ,
591 2913 621 2982 ἐξ
644 2913 678 2977 οὗ
700 2934 772 2999 φησι
794 2915 892 3000 ψυχὴν
914 2915 1054 2998 γίνεσθαι.

492 3017 530 3081 17
574 3013 674 3080 Ταῦτα
696 3017 749 3098 μὲν
772 3014 822 3080 οδν
845 3018 952 3089 ἱκανῶς
973 3019 1114 3101 δοκοῦμεν
1133 3016 1383 3100 παρατεθεικέναι.
1421 3018 1466 3080 διὸ
1482 3019 1564 3082 δοκεῖ
1578 3017 1671 3081 λοιπόν
1685 3033 1704 3072 υ

416 3115 567 3200 αὐτάρκως
597 3119 813 3202 διαδραμόντων
844 3121 929 3203 ἡμῶν
960 3121 996 3184 τό
1027 3125 1087 3191 τοῖς
1108 3125 1241 3205 φονικοῖς
1265 3119 1401 3196 δόξαντα,
1433 3122 1610 3204 ἀναδραμεῖν
1631 3117 1672 3182 ἐπὶ

414 3217 606 3304 Σωκράτην
629 3221 678 3284 καί
701 3221 888 3300 Πλάτωνα,
911 3223 938 3286 οἳ
961 3225 994 3288 τδ
1017 3224 1121 3309 ἠθικὸν
1144 3225 1267 3305 μαλιστα
1289 3223 1496 3308 προετίμησεν.

362 3393 562 3401 ...ε-..μ-ι--μι--ι-
1074 3395 1275 3405 ..-κ---αι--ι--ι

364 3490 704 3562 θγενίσθαιδοξάζτιῦιυίοε.
712 3493 825 3562 γενέσθαι
834 3494 1023 3565 λίγειΒοεμενΙΙ
1077 3495 1136 3566 ὅπερ
1155 3497 1215 3560 ἔστι,
1233 3497 1356 3565 νομίζεται
1376 3497 1420 3566 μίν
1439 3497 1512 3550 εἶναι·
1536 3497 1583 3550 καὶ
1605 3495 1711 3555 δοξάζεται
1774 3517 1775 3560 3

364 3581 411 3634 ὑπὸ
429 3583 451 3634 Β
464 3591 490 3634 ει
502 3585 627 3633 Karsten:
646 3579 694 3631 ἀπὸ
708 3581 729 3632 C
743 3583 773 3632 ci.
787 3583 889 3647 Roeper
906 3601 930 3650 p.
944 3585 996 3638 618
1011 3585 1023 3652 77
1076 3585 1107 3638 τό
1126 3584 1241 3655 αἰσθητά,
1260 3582 1307 3636 ούκ
1327 3583 1378 3638 ἔστι
1391 3583 1416 3637 δὲ
1429 3585 1496 3638 κατὰ
1507 3583 1625 3654 ἀλήθειαν
1642 3585 1711 3635 ταῦτα.
1774 3571 1775 3630 1

363 3668 379 3720 3
398 3669 468 3735 μίσω
486 3665 564 3735 B774
583 3666 665 3736 κύγχα
683 3669 705 3718 Β
720 3663 733 3734 77
748 3667 1025 3738 ὁόφύηςίίτοιιονῖυει
1076 3672 1140 3726 ἀλλά
1157 3674 1188 3725 τὰ
1207 3673 1289 3741 ἄτομα
1308 3674 1382 3740 μόνον
1401 3672 1491 3724 καὶτὸ
1509 3673 1582 3724 κενόν
1601 3671 1614 3741 77
1635 3673 1663 3722 14
1678 3667 1711 3718 καί
1774 3691 1775 3706 2

363 3755 457 3824 δάφνης
476 3755 534 3808 libri
548 3751 561 3822 77
577 3757 591 3810 6
603 3752 696 3822 μελίτιμ
710 3757 781 3806 libri:
796 3773 862 3808 corr.
878 3759 989 3810 Karsten
1007 3757 1019 3826 77
1073 3759 1150 3813 ταθτὸ
1163 3760 1263 3830 ἄπειρον
1277 3762 1319 3826 [ef.
1330 3758 1467 3813 Diodorus
1478 3764 1581 3813 Cronns
1593 3761 1656 3828 apud
1665 3764 1710 3808 An.
1774 3795 1775 3844 γ

362 3843 512 3910 συμπάντων
530 3843 623 3893 τῶνΒ
650 3837 663 3907 77
683 3839 853 3912 ἀπηλάθησαν
871 3845 932 3896 BT:
957 3845 1021 3915 άπη-
1074 3851 1145 3900 ΡΙιιο.
1158 3850 1171 3899 Ι
1184 3847 1200 3900 3
1214 3849 1248 3912 2⁷]
1276 3851 1317 3899 vei
1345 3850 1388 3900 καί
1416 3847 1464 3900 ούκ
1491 3847 1593 3918 ἄπειρον
1619 3851 1709 3912 eoeper-
1774 3859 1775 3914 j

363 3926 476 3998 λάθησαν
504 3931 540 3982 Οι
573 3924 729 3996 ἐπελάθησαν
751 3931 774 3981 Ι.
799 3928 813 3997 77
839 3931 854 3982 7
877 3929 948 4002 πυλιβ
966 3934 989 3984 Β
1009 3932 1021 4000 γΙ
1073 3937 1124 3986 hoe
1137 3937 1271 4002 probatum
1285 3936 1519 3990 ZeiIerol⁴459².
1550 3935 1709 3990 verisimilius

364 4017 379 4069 9
393 4013 513 4086 ἄρχεσθαι
526 4017 580 4066 scil.
592 4013 638 4083 τὴν
651 4018 697 4083 γῆν
710 4020 740 4069 ei.
760 4035 784 4084 p.
796 4017 900 4082 565‚30.
918 4023 966 4072 fuit
978 4026 1021 4087 qui
1055 4078 1056 4082 ,
1074 4025 1281 4090 Gottingeneinm
1300 4022 1444 4092 ὡρισμένων
1467 4023 1534 4076 κατὰ
1551 4029 1637 4086 τοῦτο,
1657 4021 1709 4072 ἀπα·
1774 4029 1775 4108 7

363 4109 491 4156 coniceret
508 4102 589 4172 ἀρχὴν
607 4100 705 4155 ἔσεσθαι
724 4101 739 4171 77
758 4107 833 4156 τούτο
851 4110 944 4173 vulgo:
964 4127 1020 4162 eor·
1074 4127 1115 4180 ρον
1130 4111 1142 4178 77
1162 4113 1192 4166 16
1206 4114 1251 4164 τού
1270 4111 1314 4180 μίν
1333 4109 1376 4162 οὖν
1393 4130 1416 4164 τ.
1429 4129 1455 4163 κ.
1475 4111 1564 4164 τίδίναι
1584 4111 1638 4164 ίδιῐν
1654 4110 1708 4160 libri:

362 4195 427 4244 rexi.
450 4193 561 4242 Karsten
580 4187 648 4242 οὕτω
674 4188 688 4258 77
716 4192 747 4244 10
765 4191 930 4262 καταβάλλειν
949 4199 1019 4250 iibri:
1073 4215 1139 4250 corr.
1158 4201 1261 4266 Roeper
1279 4198 1293 4266 7!
1316 4201 1346 4252 17
1366 4196 1434 4258 θείας
1453 4203 1644 4266 Gottingenses:
1666 4197 1709 4262 μιᾶς

362 4277 506 4347 καταβολὴν
525 4279 635 4344 Roeper.
660 4284 760 4332 correxi
789 4284 892 4334 conlato
911 4286 1019 4336 Ariston.
1072 4288 1129 4338 iibri
1145 4283 1157 4354 77
1177 4285 1206 4340 18
1219 4285 1245 4338 iv
1263 4287 1332 4356 μίσιρ
1346 4290 1436 4346 Zeiier,
1456 4289 1500 4338 red
1521 4291 1553 4339 ei.
1571 4283 1707 4354 ρ.563,111ι

362 4369 500 4418 Meteoroi.
519 4368 531 4416 1
553 4365 584 4418 14
604 4385 627 4432 p.
638 4365 749 4420 352217
768 4373 812 4432 qui
832 4371 1019 4436 Xenophanem
1074 4371 1106 4424 18
1125 4371 1174 4424 άπὸ
1191 4370 1284 4431 δύσεως
1307 4372 1367 4442 πρὸς
1386 4371 1509 4442 ἀνατολὴν
1529 4379 1598 4428 eeni.
1610 4376 1683 4426 Zelier
1697 4366 1706 4430 77

360 4457 488 4520 respicere
520 4454 629 4506 videtur.
663 4453 825 4524 μεταβάλλειν
844 4452 920 4508 ‘vitio
945 4469 1018 4524 type·
1072 4458 1106 4512 20
1124 4457 1151 4512 δὲ
1170 4459 1279 4530 βηγεῖνος
1292 4463 1314 4512 Β
1329 4460 1343 4529 77
1358 4461 1389 4514 21
1405 4459 1558 4529 γεννώμενον
1570 4466 1639 4515 iibri:
1657 4473 1707 4508 corr.

361 4537 462 4609 graphi’
472 4543 583 4594 Woiiine
592 4547 703 4608 itemque
714 4545 824 4596 Karsten
836 4541 849 4610 77
864 4543 944 4596 11.12
954 4545 1018 4598 haee
1071 4549 1173 4614 Roeper
1187 4545 1199 4610 77
1214 4551 1379 4617 κατανικῆσαι
1391 4552 1426 4601 Τι
1446 4553 1616 4619 κατανικῖγσαν
1628 4550 1646 4600 C
1658 4543 1670 4612 77
1682 4540 1706 4594 ‘2'2
1774 4579 1775 4628 γ

360 4631 524 4698 paraphrasis
542 4632 564 4680 L
587 4633 625 4681 ite
648 4635 727 4697 σορῖτι
751 4628 788 4684 ὁτι
811 4631 855 4684 καί
866 4626 1017 4701 ,Ἔκφαντος
1069 4631 1096 4686 δὲ
1113 4633 1156 4686 τόν
1174 4637 1197 4688 Β
1218 4633 1231 4704 77
1251 4635 1285 4689 23
1304 4634 1368 4704 λίγει
1386 4640 1482 4688 Zeiier:
1501 4635 1569 4707 ἔχειν
1587 4641 1653 4690 iibri:
1669 4632 1705 4698 ἔφη
1774 4629 1775 4686 1

361 4717 397 4786 μὴ
415 4715 475 4768 εἶναι
493 4721 583 4786 γνῶσιν
602 4715 686 4786 ἀληθῆ
706 4723 758 4770 τῶν
776 4717 855 4770 όντων
867 4716 952 4787 λαβεῖν
964 4718 1016 4772 ίδὸ
1068 4719 1129 4774 τίνοι
1149 4725 1253 4790 Roeper
1282 4722 1296 4792 77
1325 4724 1368 4777 καί
1391 4725 1458 4794 παρὰ
1480 4742 1545 4791 corr.
1574 4725 1704 4778 Bakhuinn
1774 4689 1775 4782 7

361 4802 440 4868 ξασεν,
458 4802 633 4871 ἀλλ’ίίκαστος
650 4803 724 4873 ὁρίζει
743 4803 778 4862 ιίις
794 4803 886 4872 νομίζει
904 4806 936 4858 τά
954 4809 1015 4876 πρά·
1069 4827 1118 4862 ven
1147 4813 1198 4862 den
1225 4813 1307 4864 Brink
1336 4811 1349 4878 7!
1380 4813 1447 4866 κατὰ
1473 4815 1562 4864 addidi
1592 4810 1604 4882 77
1627 4810 1656 4862 24
1678 4805 1704 4872 μ’·

360 4909 451 4960 γματα.
478 4895 585 4945 ίοηεεεο
610 4890 696 4962 ὁρίζειν
714 4891 753 4958 δέ,
777 4892 812 4950 ὡς
835 4893 959 4960 νομίζεται
984 4899 1014 4948 ei.
1067 4892 1151 4948 νεσθαι
1169 4915 1202 4949 ex
1220 4897 1333 4966 γενέσθαι
1352 4916 1494 4954 correctum
1516 4902 1538 4952 B
1560 4897 1573 4968 77
1594 4899 1625 4954 25
1641 4910 1702 4962 mpe-
1774 4897 1775 4960 7

361 4979 432 5032 Sext.
462 4981 521 5032 edv.
544 4982 623 5032 math.
647 4982 698 5032 VH
727 4978 777 5034 1³5
805 4984 836 5032 de
865 4983 1014 5036 Democrito
1066 4982 1239 5054 τεθιγκίναιΒ
1774 4985 1775 4988 '
