3710 5730
131 338 147 373 0

684 415 960 475 raonnoomnus
1460 413 1500 476 le

141 583 263 648 Πλάτων
286 584 335 648 aul
354 581 553 668 Ἀριστοτέλης
582 603 763 665 congruens
792 583 848 648 ille
877 603 948 649 cum
976 581 1117 648 Stobaeo
1148 580 1289 646 exhibet.
1333 601 1405 648 cum
1429 583 1500 647 Plu-

140 685 241 750 tarobi
265 684 369 752 codex
391 684 603 768 archetypus,
630 686 717 752 unde
744 687 845 751 nostri
868 685 996 751 codices
1018 682 1170 765 descripti
1200 688 1289 766 sunt,
1318 684 1377 750 snb
1404 685 1499 751 finem

140 787 272 852 madore
295 785 461 853 confectus
483 787 582 852 fuisse
604 787 767 870 videatur,
797 787 899 854 conici
928 788 1003 853 licet
1027 785 1244 852 oblitteratam
1266 786 1355 852 roois
1378 787 1499 851 Πλάτων

140 889 312 971 imaginem
331 889 375 954 ad
389 889 651 972 interpolantium
667 889 834 956 excitasse.
869 889 998 954 memini
1014 888 1142 971 quidem
1158 889 1339 972 πραγματεία
1354 887 1501 954 similiter

141 991 325 1056 breviatum
346 990 436 1076 (τραγ
457 991 673 1074 superscripto
697 991 748 1076 μτ)
769 992 802 1056 in
824 991 915 1057 libris
937 1011 989 1056 me
1010 992 1128 1072 legere.

224 1093 304 1158 Dies
326 1113 378 1158 me
399 1092 528 1163 deficiat
550 1095 811 1161 emendationum
834 1094 950 1159 silvam
973 1093 1133 1159 eGaleno
1156 1091 1367 1174 petendarum
1388 1093 1414 1157 si
1431 1113 1500 1176 per-

140 1201 235 1278 petuo
256 1197 488 1261 commentario
511 1197 675 1262 illustrare
697 1197 871 1262 instituam.
902 1194 989 1260 addo
1012 1201 1121 1260 tamen
1142 1193 1176 1256 in
1191 1195 1296 1260 altera
1311 1194 1381 1260 libri
1399 1201 1500 1278 parte,

138 1297 191 1362 ubi
215 1297 375 1363 Eusebius
401 1304 593 1380 ceteraeque
615 1300 747 1380 eclogae
769 1295 930 1380 deliciunt,
953 1298 1051 1380 plane
1073 1295 1310 1379 desperandum
1333 1316 1415 1380 esse,
1438 1297 1499 1362 nisi

138 1399 255 1466 Galeni
284 1399 490 1465 utilissimum
517 1399 611 1466 nobis
632 1399 801 1466 accederet
823 1398 1079 1464 instrumentum.
1124 1399 1186 1464 tria
1212 1399 1362 1482 exempla
1389 1400 1500 1466 rariee

138 1501 354 1584 corruptionis
382 1501 528 1568 exhibeo.
567 1501 629 1570 V3
649 1519 665 1570 e
687 1501 866 1584 Δημόκριτος
893 1499 1017 1585 (semen
1037 1497 1159 1584 colligi)
1186 1499 1232 1585 ἀφ’
1264 1501 1340 1564 ὅλων
1362 1506 1421 1564 τῶν
1444 1524 1498 1566 σω-

139 1605 237 1685 μάτων
260 1606 308 1668 καὶ
330 1609 389 1668 τῶν
412 1607 596 1690 κυριωτάτων
621 1607 754 1688 μερῶνὸ
783 1603 884 1686 γόνος
914 1608 984 1665 τῶν
1011 1603 1304 1686 σαρκικῶνίνῶν.
1349 1605 1433 1669 tales
1454 1605 1499 1668 in·

138 1705 243 1788 eptiae
255 1705 363 1789 patria
375 1705 550 1772 Democriti
563 1724 660 1787 quam
672 1705 857 1770 Democrito
870 1704 1033 1786 digniores
1045 1703 1186 1787 produnt
1197 1704 1333 1770 codices.
1357 1711 1498 1771 vestram

139 1805 244 1890 fidem,
266 1807 394 1891 medici,
417 1807 596 1874 audistisne
619 1827 770 1889 nmquam
789 1806 866 1889 quid
888 1812 997 1871 essent
1012 1805 1138 1870 carnosi
1153 1806 1266 1872 nerui?
1295 1814 1328 1873 et
1342 1827 1499 1890 gramma·

138 1909 205 1992 tici,
238 1910 508 1992 quemadmodum
537 1916 702 1992 postrema
729 1928 800 1973 cum
829 1907 989 1992 prioribus
1016 1907 1217 1972 conciliatis?
1255 1911 1351 1993 paulo
1385 1909 1499 1976 melius

138 2032 219 2076 unus
241 2011 324 2078 liber
347 2011 373 2076 B
395 2018 453 2076 τῶν
477 2017 592 2096 σαρκῶν
616 2013 663 2074 καί
687 2011 764 2074 ἰνῶν.
801 2017 836 2076 at
858 2016 967 2076 cetera
989 2009 1137 2074 dissolvit
1159 2009 1318 2078 Galenus:
1347 2011 1393 2098 ἀρ’
1422 2014 1498 2076 ίλων

137 2121 193 2178 τῶν
209 2115 356 2196 σωμάτων
370 2115 418 2178 καὶ
434 2119 492 2177 τῶν
507 2115 691 2198 κυριωτάτων
709 2118 805 2196 μερῶν
821 2112 953 2176 οἷοντῶν
970 2115 1115 2195 σαρκικῶν
1134 2109 1208 2197 [hoo
1223 2113 1383 2200 vitiosum]
1403 2117 1496 2180 ὀστῶν

137 2218 214 2279 ἰνῶν.
253 2236 331 2298 ergo
346 2215 430 2282 salso
446 2215 612 2298 separavit
635 2214 783 2280 librarius
806 2213 965 2278 uncialem
988 2213 1178 2296 sumpturam
1201 2221 1498 2293 OtONOCTwN,

136 2319 222 2384 unde
255 2335 339 2399 qnae
365 2316 566 2382 restituenda
595 2317 674 2398 sint,
709 2323 824 2399 sponte
851 2315 1057 2397 intellegitur.
1110 2315 1204 2380 alteri
1233 2318 1303 2382 loco
1333 2317 1498 2383 christiani

136 2420 258 2486 librarii
281 2419 336 2502 pia
356 2417 445 2483 fraus
467 2418 584 2484 nocuit.
615 2418 642 2484 V
660 2420 680 2482 2
698 2418 878 2504 3Ὴρ6ριλος
894 2425 953 2482 τῶν
965 2419 1083 2502 ὀνείρων
1095 2419 1160 2488 τοὺς
1173 2419 1225 2500 μὲν
1242 2419 1499 2490 laceratorem

136 2521 194 2586 κατ’
222 2524 350 2605 ἀνάγκην
372 2521 492 2603 γίνεθαι.
536 2519 596 2585 fuit
624 2520 746 2585 seilicet
775 2521 983 2604 θεοπέμπτους,
1010 2520 1097 2602 quod
1126 2541 1198 2586 sero
1226 2520 1424 2588 intellectum
1451 2531 1500 2589 eet

135 2622 418 2709 alllyttenbachio
434 2623 468 2688 in
483 2621 590 2689 indiae
606 2621 810 2688 Plutarcbeo.
844 2621 871 2686 si
892 2622 1051 2688 Galenum
1074 2621 1278 2706 inspexisset,
1300 2621 1404 2705 ipsum
1419 2623 1499 2688 illud

136 2726 339 2808 θεοπέμττοοτ
372 2725 562 2790 inventurus
595 2733 675 2790 erat.
726 2725 821 2789 simili
854 2724 968 2790 fraude
1002 2745 1115 2792 versus
1147 2726 1206 2789 121
1239 2724 1446 2809 Pbooylideis
1479 2747 1498 2791 a

136 2825 325 2910 Byzantinis
354 2827 494 2892 insertus
522 2834 587 2908 est,
617 2825 670 2892 ubi
700 2846 763 2890 vox
793 2826 849 2890 ille
878 2847 972 2892 sacra
999 2826 1030 2913 [2
1053 2828 1134 2898 Tim.
1158 2829 1177 2892 3
1203 2824 1245 2911 tel
1271 2827 1296 2891 Ι.
1321 2827 1499 2914 Bernaysio

134 2927 395 3012 interpolationis
434 2929 590 3010 originem
626 2927 799 2994 manifesto
832 2929 969 3012 aperuit.
1024 2930 1162 3012 denique
1191 2930 1313 2994 V261
1349 2931 1500 3012 vulgatur

135 3031 255 3095 lemma
283 3030 405 3095 Πλάτων
432 3029 639 3117 Ἐμπεδοκλῆς.
690 3052 801 3098 verum
830 3039 878 3098 est
913 3033 1034 3096 Πλάτων
1060 3032 1160 3116 Θαλῆς
1185 3031 1272 3113 quod
1299 3052 1365 3097 non
1394 3033 1497 3098 solum

134 3133 308 3216 Stobaeus‚
331 3133 501 3199 sedetiam
518 3133 662 3200 Galenus
681 3133 790 3199 tradit.
818 3133 999 3215 adgnosces
1014 3141 1123 3201 autem
1138 3135 1252 3200 iterum
1277 3133 1441 3198 librarium
1459 3155 1499 3200 er

134 3233 330 3301 oblitteratis
352 3235 467 3302 litteris
489 3235 694 3301 ariolantem.

220 3336 312 3402 Haeo
327 3338 397 3404 eins
411 3336 613 3421 praestantia
631 3337 664 3402 in
679 3337 815 3420 singulis
830 3337 972 3404 vocibus.
1008 3339 1092 3404 idem
1108 3340 1161 3404 vel
1176 3338 1309 3420 integris
1324 3339 1499 3404 enuntiatis

135 3439 308 3522 copiosior.
354 3439 486 3505 sedhic
510 3459 583 3504 eum
605 3439 745 3506 maxime
767 3440 960 3506 cavebimus.
1006 3460 1080 3506 nam
1109 3449 1141 3506 et
1169 3461 1254 3506 nuno
1282 3447 1314 3505 et
1344 3440 1419 3506 olim
1447 3439 1499 3526 [de

135 3540 252 3606 Galeni
277 3541 351 3606 hist.
369 3540 446 3624 phil.
471 3561 502 3624 p.
521 3539 571 3627 15]
595 3548 692 3624 caput
708 3543 749 3606 68
772 3542 813 3608 de
832 3543 928 3608 lunae
944 3549 1068 3625 septem
1083 3541 1205 3625 sonnis,
1228 3562 1290 3623 quo
1306 3541 1362 3608 ille
1376 3542 1500 3606 auctior

134 3649 199 3725 est,
234 3663 369 3726 respuo,
399 3663 470 3708 cum
501 3651 533 3708 et
555 3643 659 3708 maius
689 3644 731 3708 sit
760 3663 855 3725 quam
883 3653 918 3708 ut
946 3664 964 3708 e
992 3643 1098 3709 medio
1127 3643 1291 3710 Plutarchi
1319 3643 1401 3708 libro
1431 3643 1500 3708 sine

134 3745 282 3828 vestigiis
302 3744 399 3812 saeile
422 3746 564 3830 potuerit
585 3745 778 3811 intercidere
801 3751 922 3810 ettam
945 3767 963 3811 e
982 3745 1077 3811 trivio
1101 3745 1238 3829 petitum
1260 3752 1295 3810 ut
1317 3745 1499 3827 magistello

133 3848 202 3932 isti,
231 3867 327 3930 quem
351 3847 510 3914 Galenum
542 3867 709 3929 vocamus,
740 3846 872 3912 aliunde
895 3849 984 3912 nullo
1015 3847 1145 3930 negotio
1173 3867 1337 3914 arcessere
1365 3847 1498 3913 licuerit.

133 3969 242 4031 neque
262 3949 352 4015 enim
371 3949 405 4014 in
427 3949 613 4015 enchiridiis
636 3947 779 4014 crebrius
802 3948 972 4030 quiequam
995 3969 1092 4032 quam
1121 3951 1177 4015 ille
1204 3951 1247 4016 de
1271 3953 1367 4016 lunae
1395 3948 1500 4032 phasi-

133 4052 195 4118 bus
211 4052 311 4116 loeus.
328 4051 336 4082 ¹
374 4051 455 4116 illud
470 4071 598 4134 qnoque
618 4049 810 4116 dubitationi
834 4051 1009 4118 obnoxium
1032 4059 1081 4118 est
1103 4053 1190 4134 quod
1211 4073 1238 4118 c.
1256 4055 1297 4117 14
1319 4051 1499 4117 Stoicorum

131 4154 298 4220 sententia
327 4160 523 4219 memoratur
550 4155 576 4217 ol
600 4153 723 4216 Στωικοὶ
751 4158 802 4217 τοῦ
830 4155 960 4238 αἰθερίου
982 4157 1072 4238 τυρὸς
1094 4155 1253 4238 ἀραιότητα
1275 4156 1418 4237 ἀνώτερον
1441 4157 1499 4215 τῶν

26 4265 30 4272 ’
131 4261 305 4340 πλανητῶν,
338 4275 434 4339 qnam
463 4255 613 4322 omittunt
642 4255 835 4320 Plutarchus
863 4263 896 4321 et
926 4255 1096 4322 Stobaens.
1146 4265 1317 4341 praeterea
1348 4259 1499 4336 corrupta

130 4369 208 4423 sunt
230 4358 302 4424 sine
323 4357 422 4424 dubio
444 4356 555 4423 verba.
591 4355 745 4423 Corsinus
761 4357 1134 4444 corrigebatpouerepoa
1156 4359 1297 4426 debebat
1313 4356 1498 4440 μανωτέραν.

133 4480 237 4544 quare
259 4480 330 4526 eum
352 4460 388 4526 in
409 4459 679 4544 praecedentibus
707 4459 749 4525 sit
777 4461 833 4523 ὑπὸ
859 4463 908 4524 τὸν
937 4461 1042 4545 αἰθέρα
1065 4465 1221 4548 κατωτέρω
1250 4467 1308 4525 τῶν
1336 4463 1500 4543 πλανητῶν,

130 4569 288 4646 sequatur
309 4564 400 4647 πυρὸς
422 4563 560 4627 σύστασιν
582 4563 688 4646 ἄστρου
711 4563 764 4644 μὲν
785 4563 962 4645 μανοτέραν,
984 4551 1123 4628 lorta'sse
1146 4585 1186 4630 ex
1201 4561 1301 4630 variis
1320 4561 1434 4628 horum
1455 4561 1501 4624 lo-

205 4753 212 4782 ¹
234 4756 266 4804 cf.
291 4754 386 4804 Achill.
410 4755 443 4803 ad
469 4757 541 4803 Arar.
561 4771 585 4819 p.
603 4753 649 4804 141
671 4753 691 4804 C
712 4755 783 4814 Pet,
804 4753 885 4802 Clam.
904 4753 981 4801 Alex.
1004 4752 1099 4803 strom.
1121 4753 1157 4802 Vl
1181 4749 1228 4802 153
1252 4752 1341 4816 pert
1362 4754 1429 4802 Pott.
1449 4753 1500 4812 (bic

133 4843 236 4892 Seleuci
255 4843 395 4891 auctoritas
414 4841 539 4902 affertur.)
563 4841 651 4890 Sobel.
675 4845 748 4890 Anat.
768 4857 792 4904 μ.
810 4837 857 4892 lor
876 4851 900 4889 et
919 4836 970 4889 329
995 4839 1086 4890 Bnlrle.
1116 4841 1233 4890 Suetonii
1259 4843 1349 4902 reliqu.
1375 4857 1398 4902 p.
1413 4835 1499 4886 area.

133 4929 251 4977 Macrob.
276 4928 366 4978 Somn.
391 4927 461 4992 Soip.
480 4930 492 4977 1
513 4931 537 4983 e.
557 4927 598 4978 el.
634 4929 755 4978 Martius.
784 4929 881 4992 Cupcll.
902 4945 926 4992 p.
946 4925 1039 4977 alle.
1073 4928 1173 4976 Firmie.
1194 4927 1308 4976 Maeli*
1328 4925 1415 4988 praet,
1436 4925 1498 4971 Am-

132 5019 210 5066 misu.
234 5017 350 5066 Marcell.
371 5015 465 5064 111121.
497 5017 626 5064 ttleomed.
645 5017 657 5064 1
676 5033 700 5079 p.
719 5015 774 5064 lll.
