3708 5732
355 432 417 496 132
492 435 518 484 x
554 433 928 485 oscorsansraoauu
948 433 1047 485 nram
1067 429 1329 482 nxcnnrroaas
1347 415 1581 482 consencrus

355 601 623 688 philosophorum
651 602 693 669 de
715 601 880 687 principiis
902 600 1072 686 opiniones
1097 620 1119 667 a
1146 599 1284 666 Thalete
1306 619 1409 683 usque
1431 599 1474 664 ad
1495 595 1716 664 Democritum

356 711 389 770 et
411 692 617 772 Heraclidem
641 705 756 772 eodem
777 705 846 772 fere
868 725 930 788 quo
953 703 1070 771 Sextus
1092 705 1114 770 l.
1136 724 1164 770 c.
1188 703 1299 769 ordine
1327 700 1498 785 continuit,
1520 700 1604 766 alter
1626 697 1717 764 (lice
1838 736 1843 765 t

356 807 445 873 ronis
467 807 509 874 de
530 808 664 875 deorum
686 815 803 874 natura
822 807 938 873 librum
958 813 1144 892 excerptum
1159 804 1281 872 babuit.
1315 824 1401 889 nam,
1420 803 1507 887 quod
1522 801 1716 868 Krischeum

356 915 444 975 recte
476 911 617 977 sensisse
640 909 751 995 video,
778 911 884 994 ipsum
907 909 1097 976 Ciceronem
1119 929 1185 974 non
1206 907 1349 992 inspexit
1371 905 1532 983 Clemens.
1565 912 1602 970 ut
1623 904 1717 970 latini

358 1011 515 1077 sermonis
529 1031 650 1095 gnarus
665 1013 761 1079 suerit
776 1012 873 1078 bomo
888 1011 1127 1078 Alexandrinus
1142 1011 1228 1095 quod
1243 1029 1284 1076 ex
1295 1009 1452 1076 Varronis
1466 1007 1561 1074 unius
1573 1007 1717 1090 nomine,

357 1113 448 1178 cuius
470 1120 520 1180 est
541 1115 759 1181 testimonium
780 1115 822 1180 de
836 1113 950 1197 hlartia
966 1113 1136 1180 simulacro
1152 1114 1313 1196 Protrept.
1328 1113 1350 1178 4
1370 1133 1401 1196 p.
1418 1112 1459 1176 41
1476 1111 1512 1175 Ρ.
1527 1109 1716 1192 neufiquam

356 1217 477 1300 elucet,
506 1223 641 1284 tantone
668 1237 742 1284 eum
764 1216 869 1284 credis
892 1223 1024 1300 stupore
1045 1215 1159 1299 fuisse,
1186 1222 1222 1280 ut
1249 1215 1300 1280 cui
1322 1213 1419 1280 Tullii
1441 1211 1718 1298 promptissimum

355 1317 398 1383 de
420 1317 490 1384 deis
512 1327 610 1404 caput
631 1325 768 1404 pateret,
790 1319 834 1383 ad
855 1319 980 1404 priores
1001 1317 1213 1404 philosophos
1233 1317 1280 1382 uti
1301 1316 1413 1400 nollet,
1436 1315 1495 1382 sed
1515 1314 1717 1382 alienissimo
1847 1397 1848 1402 ἵ

354 1420 462 1503 potius
484 1421 566 1488 libro
589 1422 714 1488 adscito
737 1421 911 1506 ineptiret‘?
938 1427 973 1487 at
994 1421 1077 1487 alios
1096 1419 1166 1487 iore
1181 1439 1332 1504 auguror,
1354 1418 1409 1502 qui
1424 1419 1510 1484 ultra
1525 1417 1717 1485 Ciceronem

354 1524 477 1606 egressi
499 1523 724 1592 Philodemum
752 1531 809 1590 aut
830 1524 1025 1609 Epicureum
1051 1529 1139 1590 certe
1164 1529 1330 1589 auctorem
1356 1519 1558 1606 perhibeant.
1602 1528 1718 1586 contra

355 1647 436 1708 quos
459 1627 539 1692 satis
562 1633 611 1693 est
633 1627 695 1692 loci
718 1625 955 1710 Theophrastei
982 1625 1293 1709 commonefacere,
1322 1623 1377 1708 qui
1402 1623 1465 1690 etsi
1490 1622 1718 1690 brevissimum

355 1735 404 1794 est
425 1729 592 1812 utriusque
614 1736 811 1814 excerptum,
834 1728 1009 1812 conspicua
1031 1727 1187 1796 orationis
1209 1725 1333 1793 latinae
1352 1727 1492 1811 vestigia
1506 1725 1615 1792 traxit
1642 1723 1719 1790 Phi·
1847 1743 1848 1748 ¹

354 1830 474 1897 lodemi
496 1837 604 1898 autem
627 1837 781 1916 excerpta
802 1850 935 1916 prorsus
955 1831 1052 1898 aliter
1073 1835 1231 1914 concepta
1253 1835 1286 1894 et
1307 1829 1466 1914 ampliora
1488 1835 1573 1894 sunt.
1609 1847 1718 1911 neque

353 1932 520 1999 fortuitum
534 1933 683 2018 arbitror,
699 1933 785 2017 quod
798 1931 978 2000 Stoicorum
993 1932 1180 2000 fusionem
1196 1931 1430 2016 universam,
1445 1949 1542 2014 quam
1555 1931 1591 1996 in
1605 1929 1719 1995 latinis

353 2035 499 2100 additam
521 2055 619 2120 supra
641 2058 672 2120 p.
690 2037 752 2102 1⁶26
774 2035 857 2120 dixi,
885 2037 989 2102 solam
1016 2034 1147 2101 retinuit
1177 2033 1329 2100 Clemens
1360 2031 1411 2120 [cf.
1435 2033 1597 2100 Strom.V
1617 2033 1660 2096 14
1683 2041 1718 2095 90

175 2216 221 2230 ff
354 2158 385 2220 p.
402 2138 465 2202 699
477 2135 535 2225 Ρ.].
571 2157 649 2221 ergo
671 2139 699 2204 si
723 2138 857 2204 latinum
879 2137 1132 2204 ecclesiasticum
1147 2137 1264 2203 librum
1279 2155 1397 2219 graece
1411 2155 1541 2203 versum
1556 2134 1719 2201 Clementi
1847 2145 1848 2222 f

354 2247 484 2324 praesto
496 2239 596 2307 fuisse
608 2241 768 2326 concedis,
783 2239 953 2325 probabile
965 2259 1038 2306 eum
1049 2245 1126 2306 ante
1137 2239 1268 2306 Minucii
1279 2238 1397 2306 Felicis
1407 2244 1550 2305 aetatem
1562 2237 1721 2322 scriptum
1847 2239 1848 2314 j

354 2361 438 2427 esre,
460 2343 515 2426 qui
530 2341 696 2409 Ciceronis
717 2341 831 2408 tabula
853 2342 896 2408 ad
910 2341 1149 2427 impugnandos
1171 2341 1317 2409 ethnicos
1337 2361 1364 2408 c.
1382 2341 1423 2406 19
1445 2340 1592 2407 similiter
1605 2340 1718 2406 utitur.

440 2445 491 2511 De
513 2444 609 2511 editis
631 2464 652 2510 a
673 2443 768 2510 nobis
786 2445 927 2510 Tulliani
942 2444 1187 2529 Philodemique
1208 2445 1362 2511 librorum
1384 2441 1544 2528 capitibus
1566 2442 1629 2510 hoc
1651 2463 1720 2509 mo-

353 2567 428 2614 neo.
464 2547 629 2614 Ciceronis
652 2547 828 2615 editionem
850 2553 979 2614 secutus
1001 2567 1071 2612 sum
1092 2546 1313 2632 Halmianam,
1336 2545 1395 2613 sod
1416 2551 1452 2612 ut
1472 2544 1599 2613 leviora
1620 2545 1720 2611 libra—

353 2650 474 2716 riorum
503 2651 622 2717 menda
644 2649 835 2736 omitterem,
858 2651 1025 2735 aliquanto
1048 2649 1178 2716 uberius
1194 2668 1376 2734 promerem
1390 2648 1531 2716 virorum
1546 2647 1720 2716 doctorum

354 2751 498 2818 arbitria.
532 2752 576 2818 ad
599 2752 747 2819 dextram
762 2753 944 2820 Philodemi
966 2751 1101 2818 adhibui
1116 2751 1391 2837 comparationem
1407 2750 1591 2837 Gomperuii
1615 2770 1720 2836 opera

355 2859 391 2918 ut
413 2873 473 2938 par
494 2861 544 2921 cst
563 2854 663 2920 nisus.
696 2855 787 2921 cuius
808 2875 880 2920 cum
899 2855 1059 2938 integram
1079 2853 1323 2921 adnotationem
1342 2861 1490 2938 repetere
1504 2872 1571 2920 non
1584 2873 1720 2938 possem
1847 2861 1848 2864 ’

353 2955 398 3021 ad
419 2957 638 3024 coniecturam
660 2958 791 3043 saepius
812 2957 891 3023 mihi
912 2956 1162 3042 confugiendum
1185 2961 1269 3041 erat,
1296 2963 1332 3024 ut
1357 2956 1514 3042 pristinae
1538 2955 1720 3022 memoriae
1847 3032 1848 3039 ἵ

354 3057 586 3143 qualiscunque
607 3059 716 3144 imago
738 3068 1047 3145 repraesentaretur.

491 3467 521 3522 X
557 3465 926 3524 affirmandam
943 3467 1044 3524 aral)
1061 3464 1326 3525 manumittis
1343 3465 1580 3525 cassandrea

438 3670 531 3750 Quod
553 3672 595 3738 dc
617 3671 835 3756 Theophrasti
858 3671 1054 3758 Opinionum
1076 3673 1220 3758 corporis
1241 3673 1433 3741 auctoritate
1455 3673 1544 3759 apud
1565 3677 1717 3756 posteros
1847 3647 1848 3719 Ῐ

351 3783 384 3841 et
407 3795 467 3842 usu
488 3773 691 3859 adumbravi,
714 3774 778 3839 iam
802 3775 1001 3842 enucleatius
1024 3783 1056 3842 et
1078 3776 1196 3842 certius
1218 3777 1504 3844 demonstrandum
1527 3782 1586 3842 est.
1618 3795 1717 3858 quem

350 3878 394 3943 ad
416 3877 512 3945 finem
534 3877 721 3963 priusquam
742 3877 786 3942 ad
809 3877 953 3961 singulos
975 3879 1148 3963 scriptores
1170 3879 1355 3964 veniamus,
1383 3877 1546 3964 potiorum
1568 3899 1587 3944 e
1609 3879 1718 3945 Theo-

349 3979 484 4064 phrasto
515 3985 740 4064 excerptorum
774 3979 918 4046 tabulam
951 4000 1148 4066 proponam,
1182 4001 1246 4065 qua
1278 3981 1411 4048 adscitis
1443 3981 1491 4047 eis
1522 3977 1716 4064 fragmentis
1847 4047 1848 4050 ,

350 4103 435 4166 quae
456 4083 647 4149 nominatim
669 4102 710 4148 ex
731 4080 819 4147 illius
841 4084 1080 4150 commentario*
1094 4084 1233 4150 collecta
1253 4091 1345 4169 sunt,
1375 4083 1545 4168 Hippolyti
1567 4082 1716 4149 Philoso-

349 4185 514 4271 phumena
541 4183 707 4251 Plutarchi
730 4183 895 4249 Stromata
916 4185 1039 4252 Laertii
1069 4186 1223 4268 dogmata
1252 4185 1392 4270 deniqne
1419 4185 1525 4270 siquid
1554 4204 1595 4252 ex
1616 4185 1714 4250 Actio

349 4287 488 4372 quadrat
509 4285 716 4371 comparabo.
754 4285 816 4352 hac
843 4285 970 4354 ratione
995 4286 1151 4353 facillima
1172 4287 1216 4353 ad
1237 4287 1499 4371 persuadendum
1522 4293 1556 4355 ct
1576 4287 1621 4354 ad
1641 4307 1716 4371 per·
1847 4297 1848 4300 ’

349 4390 551 4455 lustrandum
574 4387 834 4455 commodissima
855 4407 922 4454 non
942 4389 1047 4455 solum
1068 4388 1329 4473 Theophrastum
1355 4390 1397 4458 ab
1419 4409 1484 4456 uno
1507 4408 1635 4474 quoque
1657 4389 1716 4454 ad-
1847 4387 1848 4480 ᾖ

348 4491 486 4557 hibitnm
509 4491 567 4557 sed
589 4491 689 4556 etiam
711 4511 774 4574 quo
797 4489 910 4556 ordine
933 4498 965 4558 et
987 4511 1051 4575 qua
1073 4489 1137 4557 lide
1159 4491 1339 4559 ostendam.
1380 4513 1457 4559 uam
1479 4493 1608 4559 diverso
1629 4491 1717 4557 litte
1847 4491 1848 4560 ι

348 4613 455 4660 rarum
488 4613 608 4676 genere
641 4599 797 4676 quantum
826 4593 960 4678 quisque
993 4593 1112 4678 abique
1144 4593 1187 4660 ab
1221 4593 1399 4679 exemplari
1433 4595 1518 4662 absit
1549 4592 1715 4660 indicabo.

348 4701 520 4780 praetcrea
541 4695 575 4760 in
597 4695 710 4761 ordine
732 4695 945 4782 Hippolytum
967 4695 1156 4762 fidissimum
1179 4703 1401 4782 excerptorem
1423 4717 1556 4782 sequar,
1584 4701 1714 4762 ceteros

345 4798 393 4864 ita
414 4797 504 4863 iuxta
526 4817 647 4882 ponam
669 4804 705 4864 ut
725 4797 780 4866 ubi
802 4799 957 4883 cuiusque
984 4798 1149 4883 scriptoris
1175 4799 1329 4866 traditam
1355 4799 1632 4868 continuationem
1655 4805 1715 4864 aut

345 4901 580 4984 interrumpere
601 4908 658 4966 aut
679 4907 893 4986 transponere
915 4921 1049 4967 necesse
1071 4900 1178 4986 fuerit,
1200 4901 1375 4970 asteriscos
1396 4894 1527 4986 ponam.
