3710 5730
367 437 387 501 2
663 441 676 489 l
713 440 761 490 DE
781 439 1050 491 repraesenta
1071 440 1257 491 armenas
1276 441 1448 492 MEMORIA

410 601 674 692 Empedocles
732 605 1018 689 Agrigentinus
1060 688 1064 701 1
1112 616 1155 672 ιι.
1186 607 1425 695 Ἐμπεδοκλῆς
1454 608 1591 680 Μέτωνος
1609 609 1728 696 Ἀκρα-

366 707 496 789 ignem
535 729 671 792 aquam
707 727 834 774 aerem
871 714 1018 774 terram
1051 711 1237 794 ’γαντῖνος
1263 711 1385 796 τέτταρα
1415 713 1466 794 μὲν
1488 713 1565 795 λέγει
1589 718 1729 798 στοιχεῖα,

366 815 404 874 et
437 810 510 876 duc
544 811 742 896 principia
775 813 945 896 amorem
979 811 1249 898 obstreperetur
1273 815 1730 902 ddeprrlabdobedpyt-

366 910 492 977 οιΙὶιιιιι
853 888 871 921 ⁸⁴
891 903 946 984 '‘i',
1029 914 1132 984 ’,κάς
1147 915 1330 996 δυνάμεις,
1346 905 1728 999 φιλίανττραὶνεῖκος·

408 1013 1019 1098 AristotelesNicomachiiiliue
1042 1054 1045 1087 ι
1112 1024 1155 1080 2⁸2.
1187 1015 1436 1101 Ἀριστοτέλης
1456 1017 1493 1080 δὲ
1516 1015 1728 1103 Νικομάχου

365 1115 524 1182 formam
540 1117 739 1183 materiem
755 1115 1016 1200 privationem
1042 1092 1045 1183 i
1070 1118 1307 1202 Σταγειρίτης
1344 1120 1458 1204 ἀρχὰς
1491 1119 1552 1200 μὲν
1591 1121 1726 1183 ἐντελέ-

365 1205 570 1285 elementa
592 1226 759 1301 quatuor
781 1226 819 1284 et
840 1216 1016 1300 quintum
1042 1195 1045 1285 i
1070 1243 1171 1305 χτιαν
1198 1219 1281 1304 ἤτοι
1309 1220 1407 1290 εἶδος
1435 1221 1519 1304 ὅλην
1547 1221 1728 1305 στέρησιν,

365 1319 565 1388 aetherem
970 1405 972 1408 Ι
1070 1327 1238 1408 στοιχεῖα
1261 1323 1301 1384 δὲ
1323 1323 1490 1407 τέσσαρα,
1512 1323 1672 1406 πέμπτον
1696 1324 1728 1386 δέ

1069 1447 1094 1488 τι
1118 1428 1204 1507 σῶμα
1227 1423 1391 1509 αἰθέριον
1414 1426 1623 1510 ἀμετάβλητον.

407 1527 665 1609 Empedocles
692 1525 877 1590 mundum
905 1545 1018 1591 unum
1112 1527 1177 1590 ιιι.
1209 1524 1459 1611 Ἐμπεδοκλῆς
1506 1529 1544 1590 δὲ
1590 1529 1726 1610 κόσμον

364 1647 433 1692 neo
474 1634 602 1694 tamen
644 1627 868 1694 universum
905 1627 1017 1695 esse¹
1071 1627 1146 1704 ἕνα,
1173 1629 1212 1692 οὐ
1241 1629 1362 1711 μέντοι
1390 1631 1429 1692 τὸ
1459 1629 1639 1694 cedualam
1668 1633 1726 1694 τὸν

364 1729 475 1794 illum
499 1731 567 1795 scd
588 1731 773 1794 minorem
800 1729 917 1794 istius
939 1730 1020 1796 uni·
1043 1726 1045 1739 ¹
1070 1731 1221 1814 κόσμον.
1241 1733 1331 1796 ἀλλὰ
1357 1733 1478 1815 ὀλίγον
1501 1755 1531 1794 τι
1559 1737 1619 1796 τοῦ
1641 1757 1726 1796 παν-

364 1831 470 1897 versi
500 1838 670 1914 partem,
701 1831 893 1914 reliquum
928 1853 1018 1898 vero
1070 1833 1129 1902 τὸς
1162 1833 1284 1917 μέρος,
1318 1837 1355 1898 rb
1385 1837 1423 1898 δὲ
1457 1836 1580 1898 λοιπὸν
1616 1835 1725 1920 ἀργὴν

364 1933 511 1999 inertes
534 1933 742 1998 materiae⁹
1072 1935 1175 2018 ὕλην.

406 2035 508 2102 Zeno
531 2035 712 2100 Mnaseas
732 2035 868 2100 filius'
889 2057 1018 2102 acrem
1113 2038 1133 2101 3
1156 2044 1199 2100 25.
1233 2037 1357 2122 Ζήνων
1385 2035 1553 2102 Μνασέου
1583 2035 1725 2110 Κιτιεὺς

363 2137 474 2204 deum
508 2136 710 2204 materiam
744 2145 784 2203 et
822 2139 1019 2205 elementa
1071 2139 1183 2225 ἀρχὰς
1206 2141 1267 2222 μὲν
1289 2141 1347 2203 τὸν
1371 2139 1458 2202 θεὸν
1480 2142 1616 2225 καλιὴν
1639 2143 1725 2226 ὓλην

364 2247 529 2322 quatuor
1042 2239 1045 2322 i
1071 2287 1079 2304 .
1103 2287 1110 2303 .
1135 2288 1142 2304 .
1166 2247 1337 2327 στοιχεῖα
1359 2243 1395 2304 δὲ
1418 2241 1585 2326 τέσσαρα.

450 2341 626 2409 Ceterum
652 2342 691 2406 iu
718 2341 998 2425 superioribus
1025 2343 1109 2408 suis
1136 2342 1273 2408 verbis
1299 2343 1464 2408 dicebat:
1491 2342 1610 2410 ‘cuius
1638 2365 1724 2428 pars

363 2444 431 2510 sub
453 2445 698 2529 corruptione
724 2443 841 2526 iacet,
868 2465 1027 2512 necesse
1053 2445 1090 2510 id
1117 2451 1179 2512 est
1205 2451 1322 2510 totum
1349 2464 1496 2527 quoque
1523 2445 1723 2511 obnoxium

363 2566 447 2613 esse
474 2545 730 2629 corruptioni!
766 2565 834 2611 nec
857 2547 955 2612 enim
988 2548 1070 2614 eine
1101 2553 1181 2612 toto
1209 2553 1336 2631 partes
1363 2555 1540 2613 constare
1567 2557 1724 2633 possunt

363 2668 486 2732 neque
509 2656 627 2714 totum
643 2649 724 2714 sine
748 2647 931 2732 partibus.
959 2670 1043 2715 nam
1059 2649 1216 2714 mundus
1232 2648 1433 2716 universus
1456 2669 1565 2715 unum
1588 2670 1723 2734 corpus

362 2757 419 2815 est
441 2769 460 2816 e
482 2751 610 2815 multis
632 2749 802 2833 partibus
825 2767 846 2814 a
868 2748 939 2816 deo
963 2751 1222 2836 compositum.
1256 2770 1324 2815 uec
1345 2757 1473 2817 tamen
1495 2759 1534 2816 ut
1557 2752 1623 2816 alii
1645 2752 1723 2835 qui·

362 2851 444 2917 dam
474 2853 689 2935 sapientum
719 2851 862 2917 animal
896 2871 980 2920 esse
1011 2854 1167 2918 mundus
1201 2853 1413 2919 censendus
1447 2861 1505 2920 est
1538 2852 1604 2920 sed
1632 2855 1723 2919 arti-

362 2953 499 3018 ficiosa
521 2953 720 3019 harmonia
743 2955 1032 3021 concretionem
1054 2963 1203 3021 nactus.

449 3056 629 3140 Adscriptis
646 3056 810 3122 Plutarchi
827 3057 906 3122 locis
923 3057 964 3122 de
980 3057 1104 3139 origine
1119 3056 1276 3123 dubitatio
1292 3076 1364 3123 esse
1380 3057 1502 3139 nequit.
1533 3075 1609 3122 nam
1625 3077 1722 3122 unum

363 3158 450 3240 quod
475 3157 639 3242 discrepat
669 3157 769 3224 Zeno
801 3177 927 3224 aerem
953 3158 1060 3224 deum
1088 3179 1128 3224 ex
1156 3159 1262 3242 graeei
1290 3158 1430 3241 exempli
1456 3158 1535 3224 vitio
1562 3159 1635 3244 ἀέρα
1663 3179 1720 3243 pro

363 3262 456 3346 ἀρχάς
480 3259 663 3326 exhibentis
684 3259 785 3342 fluxit,
807 3259 869 3324 nisi
893 3259 1077 3325 Armenium
1102 3262 1227 3345 lapsum
1249 3261 1382 3327 credere
1403 3261 1516 3326 maris.
1561 3262 1620 3326 ssd
1647 3281 1722 3344 quo-

362 3361 459 3428 modo
475 3369 624 3445 tempora
647 3360 857 3427 conciliabis?
890 3361 1205 3428 Pseudo-Plutarchi
1226 3363 1367 3447 epitome
1390 3362 1556 3427 minimum
1579 3361 1604 3426 G
1627 3363 1721 3427 annis

362 3471 438 3547 post
453 3461 623 3528 Philonem
640 3462 788 3530 confecta
810 3472 870 3547 est,
893 3469 928 3528 ut
942 3463 1026 3530 inira
1041 3464 1320 3530 demonstrabitur.
1356 3465 1464 3546 itaque
1487 3465 1529 3530 ad
1552 3464 1720 3548 pristinum

362 3565 558 3630 Placitorum
586 3585 681 3650 opus,
708 3565 795 3632 unde
820 3565 877 3631 illa
907 3565 1047 3648 epitome
1073 3573 1186 3632 coacta
1211 3573 1273 3654 cst,
1301 3565 1551 3648 confugiendum
1573 3565 1642 3630 erit.
1687 3573 1721 3630 at

360 3687 402 3733 ns
426 3667 500 3731 huic
522 3667 652 3748 quidem
676 3667 819 3751 opinioni
842 3675 989 3751 tempora
1011 3667 1132 3736 fauent.
1169 3689 1241 3734 narn
1264 3676 1299 3734 ut
1313 3669 1478 3734 minimum
1501 3687 1625 3734 sumam
1648 3687 1720 3752 sup·

361 3789 421 3853 par
449 3768 510 3834 fuit
537 3769 733 3833 Placitorum
759 3767 907 3835 conditor
928 3769 1041 3836 Iudaei
1067 3772 1178 3837 aetati.
1222 3771 1278 3836 sed
1305 3770 1382 3853 quid
1412 3791 1494 3854 opus
1520 3777 1570 3836 est
1603 3771 1720 3836 ratiun-

361 3873 450 3936 culas
472 3867 590 3950 sectari
612 3869 645 3934 in
672 3889 707 3935 re
728 3869 930 3936 incredibili?
963 3873 1044 3938 mira
1070 3873 1154 3938 enim
1183 3871 1265 3937 foret
1292 3880 1324 3937 et
1351 3871 1488 3956 prodigii
1511 3871 1624 3937 similis
1647 3893 1719 3937 cou-

360 3973 467 4038 sensio
494 3970 520 4036 si
548 3991 589 4038 ex
616 3971 709 4036 unius
739 3971 855 4055 capitis
886 3972 961 4038 olim
992 3975 1093 4040 multo
1123 3974 1278 4058 ampliore
1305 3973 1427 4039 ambitu
1453 3973 1718 4058 philosophorum

360 4073 500 4160 (omissis
526 4074 687 4140 Archelao
713 4081 746 4140 et
772 4074 925 4159 Epicuro)
955 4073 1086 4142 fecisset
1113 4076 1205 4142 Philo
1232 4075 1369 4142 eundem
1395 4076 1570 4156 delectum,
1603 4077 1656 4158 qui
1684 4077 1718 4142 iu

362 4177 557 4242 Plutarchea
583 4177 724 4261 epitome
751 4181 849 4242 extat
884 4177 1009 4242 accedit
1035 4179 1122 4262 quod
1148 4177 1182 4242 iu
1209 4177 1341 4260 pristino
1368 4177 1450 4243 libro
1477 4177 1580 4261 patris
1601 4198 1719 4243 nomen

361 4278 626 4362 philosophorum
650 4277 770 4343 nomini
793 4297 833 4344 ac
852 4279 978 4362 lustriae
993 4279 1070 4345 addi
1085 4281 1177 4346 solet.
1220 4287 1330 4364 patres
1344 4277 1496 4362 cognorit
1512 4279 1718 4363 Pythagorae
1814 4287 1815 4290 ’
1843 4295 1844 4342 ι

433 4521 439 4552 ¹
461 4539 531 4573 esse
551 4524 637 4572 omisit
656 4522 767 4572 Arrcher.

430 4609 593 4660 'Arrolrsrus
616 4609 722 4658 dederat
747 4612 890 4674 optionem:
915 4609 1076 4672 reliquum
1103 4625 1180 4658 sero
1205 4625 1335 4660 vacuum
1359 4626 1427 4662 csse
1447 4613 1580 4661 materia
1599 4619 1644 4660 aut
1663 4627 1716 4660 vs·

359 4713 445 4747 otram
465 4713 535 4747 ease
554 4697 728 4745 nratcriam.
758 4706 860 4747 nostrae
876 4698 1000 4747 versionis
1014 4697 1090 4746 fldem
1104 4705 1215 4761 praestat
1228 4697 1445 4760 Gildemeisterus‚
1465 4701 1507 4763 qui
1521 4697 1592 4748 addit
1611 4697 1717 4746 dubium

359 4875 451 4936 copula
470 4871 528 4935 [est
547 4871 587 4918 sel
608 4868 691 4932 ιοιιιιι]
710 4869 782 4918 deest
800 4871 826 4920 in
845 4872 1009 4921 armeniacis.

429 4956 439 4989 ²
457 4973 553 5008 aurien.
572 4957 691 5019 rnuasaj
711 4956 792 5018 ordi,
811 4959 875 5008 salso
892 4959 1027 5007 eucherus
1042 4959 1156 5008 Merrae
1170 4959 1269 5008 iilius.
1296 4960 1322 5008 iu
1336 4960 1459 5022 proximis
1474 4959 1577 5010 liberius
1592 4971 1713 5010 verterat:

359 5057 494 5096 celtarum
515 5048 661 5109 superius
680 5045 810 5095 dicebat
831 5053 907 5108 utque
927 5047 1113 5094 artificiosa
1133 5047 1264 5108 quadam
1284 5045 1449 5095 harrucniu
1468 5057 1661 5112 compactus.

776 5116 783 5142 Ι
