3768 5736
695 433 796 483 κυτιι
816 430 1088 482 mama-u
1512 429 1575 492 395

352 505 572 588 Ριυυιιιιυῇ
578 497 1308 588 Μαι.
1321 535 1333 584 1
1348 520 1476 596 50142]1

887 690 903 742 6
959 671 1201 760 Ἀριστοτέλης
1227 673 1279 758 τὴν
1306 667 1442 754 αἴσθησιν
1474 670 1531 733 ἑτε-

922 774 1036 859 ροίωσιν
1058 775 1202 860 αἰσθητοῦ
1225 776 1273 840 καί
1297 773 1453 858 μεσότητα.
1475 795 1532 835 κοι-

920 879 972 962 νην
998 879 1032 942 δὲ
1058 875 1194 962 αἴσθησιν
1221 880 1273 963 τὴν
1300 881 1359 940 τῶν
1386 874 1532 939 συνθέτων

919 979 1005 1044 εἰδῶν
1029 983 1169 1066 κριτικήν,
1191 981 1232 1051 εἰς
1250 982 1286 1064 ἣν
1301 983 1392 1042 πᾶσαι
1408 977 1532 1062 συμβάλ-

919 1086 1016 1146 λουσιν
1049 1084 1080 1147 αἱ
1113 1083 1205 1147 ἁπλαῖ
1235 1083 1287 1152 τὰς
1320 1081 1393 1150 ἰδίας
1422 1079 1564 1162 ἑκάστην

918 1185 1087 1270 φαντασίας,
1109 1187 1139 1250 ἐν
1162 1183 1183 1268 ᾗ
1205 1187 1239 1248 τδ
1263 1183 1453 1268 μεταβατικὸν
1480 1179 1526 1266 ἀφ’

919 1288 1019 1373 ἑτέρου
1046 1288 1087 1358 εἰς
1109 1288 1205 1372 ἕτερον
1228 1286 1288 1350 οἷον
1310 1287 1462 1370 σχήματος
1484 1284 1532 1346 καὶ

919 1393 1060 1475 κινήσεως
1087 1392 1237 1472 σώματος,
1265 1388 1295 1452 ἐν
1324 1387 1453 1471 μεθορίῳ
1481 1388 1532 1450 τοῦ

918 1496 1035 1576 λογικοῦ
1067 1493 1115 1556 καὶ
1142 1495 1193 1555 τοῦ
1216 1491 1322 1574 ἀλόγου
1345 1489 1461 1572 μνήμης
1483 1488 1532 1550 καὶ

918 1599 969 1658 νοῦ
1003 1595 1168 1680 μετέχουσα
1195 1593 1374 1658 διατείνουσα
1402 1592 1451 1654 καὶ
1484 1589 1531 1654 ἐπὶ
1545 1609 1569 1648 ιο

918 1697 954 1760 τὰ
986 1696 1078 1780 οθιογα
1099 1701 1157 1760 τῶν
1185 1695 1281 1782 ζῴων,
1310 1691 1375 1758 καθ’
1400 1694 1416 1758 δ
1439 1693 1533 1776 ποσὴν

919 1800 1045 1868 διανοίας
1082 1797 1236 1882 ἀναλογίαν
1275 1795 1350 1882 ἔχει.
1386 1795 1468 1858 κοινὰ
1502 1792 1527 1858 δ’

918 1902 994 1965 ἐστὶν
1023 1899 1118 1985 ὅψεως
1148 1902 1200 1984 μὲν
1229 1901 1277 1964 καί
1310 1899 1389 1984 ἁφῆς
1420 1902 1534 1982 σχῆμα,

919 2001 1014 2087 ὄψεως
1031 2003 1126 2067 δὲκαὶ
1142 2003 1234 2087 ἀκοῆς
1250 2002 1405 2084 διάστημα,
1429 2002 1531 2062 πασῶν

919 2105 952 2168 δὲ
973 2105 1083 2189 κίνησις
1105 2105 1153 2168 καί
1177 2103 1300 2188 μέγεθος
1322 2103 1370 2166 καί
1392 2101 1527 2186 ἀριθμός.
1539 2119 1565 2158 ιι

886 2223 901 2273 ‘1
965 2206 1007 2273 Οἱ
1041 2207 1195 2271 Στωικοὶ
1227 2207 1313 2290 τήνδε
1348 2206 1400 2289 τὴν
1435 2203 1533 2285 κοινὴν

918 2311 1054 2394 αἴσθησιν
1076 2311 1156 2380 ἑντδς
1178 2310 1256 2394 ἁφὴν
1278 2305 1533 2391 προσαγορεύουσι,

917 2411 982 2476 καθ’
1010 2414 1046 2497 ἣν
1068 2415 1116 2476 καὶ
1132 2415 1217 2497 ἡμῶν
1240 2409 1336 2474 αὐτῶν
1359 2409 1532 2492 ἀντιλαμβα-

918 2516 1041 2598 νόμεθα.

884 2625 901 2676 8
963 2617 1003 2682 Οἱ
1040 2617 1193 2680 Στωικοί
1230 2615 1375 2697 σωμοίτων
1407 2613 1458 2686 τὰς
1490 2611 1569 2674 αἰ-νν

920 2722 1052 2804 σθήσεις.

887 2837 902 2889 9
965 2819 1002 2886 Οἱ
1025 2823 1084 2885 ἀπὸ
1106 2823 1164 2883 τῶν
1187 2819 1319 2904 ἀρχαίων
1341 2821 1400 2880 τῶν
1420 2817 1535 2900 περὶτὰ

920 2928 1045 3007 σώματα
1067 2924 1232 3006 ἀσωμάτων
1254 2921 1348 3004 λόγων
1376 2920 1449 3003 ἅπερ
1475 2917 1533 3002 ἤδη

920 3029 1060 3112 σχήματα
1082 3023 1351 3110 προσαγορεύουσιν.

296 3123 496 3193 Λεύκιππος
545 3124 766 3208 Δημόκριτος
814 3126 911 3209 τὴνιο
964 3129 1166 3198 Λεόκιππος
1192 3126 1415 3210 Δημόκριτος
1439 3121 1569 3188 Ἐπί-ιι

253 3225 389 3308 αἴσθησιν
426 3226 475 3288 καί
508 3227 560 3309 τὴν
598 3225 696 3307 νόησιν
738 3226 867 3308 γίνεσθαι
920 3255 1044 3316 γουρος
1066 3229 1118 3314 τὴν
1141 3227 1277 3312 αἴσθησιν
1299 3228 1347 3290 καὶ
1367 3227 1419 3310 τὴν
1434 3227 1532 3310 νόησιν

254 3329 383 3391 εἰδώλων
410 3325 519 3397 ἔίωθεν
548 3327 734 3412 προσιόντων·
767 3331 868 3412 μηδενί
918 3335 1048 3418 γίνεσθαι
1070 3333 1199 3396 εἰδώλων
1219 3329 1328 3400 ἔξωθεν
1343 3330 1531 3413 προσιόντων.

254 3431 307 3512 γὰρ
329 3430 492 3515 ἐπιβαλλειν
517 3431 675 3516 μηδετέραν
701 3433 793 3519 χωρίς
815 3436 867 3495 τοῦ
920 3437 1019 3522 μηδενὶ
1030 3437 1084 3522 γὰρ
1096 3436 1258 3519 ἐπιβαλλειν
1272 3431 1430 3517 μηδετέραν
1442 3431 1534 3515 χωρὶς

233 3533 482 3615 υπροσπίπτοντος
504 3535 637 3598 εἰδώλου.
918 3543 970 3603 τοῦ
992 3538 1229 3622 προσπίπτοντος.

878 3657 907 3709 11
962 3640 999 3707 Οί
1022 3640 1104 3704 ἄλλοι
1126 3639 1212 3703 εἰδῶν
1231 3639 1251 3723 ἢ
1267 3637 1459 3723 σχημάτωνίγ
1474 3637 1531 3699 ἑτε-
1545 3655 1569 3692 νυ

920 3814 1002 3819 ——.
1010 3813 1120 3820 φ..-

955 3894 969 3946 1
989 3895 1003 3959 ξ
1019 3895 1030 3948 l
1045 3908 1147 3961 praeter
1159 3901 1184 3952 D
1198 3903 1275 3951 etiam
1287 3901 1308 3950 C
1322 3902 1448 3950 servavit:
1463 3914 1513 3948 om.
1527 3899 1547 3946 F
1560 3891 1573 3962 Η

918 3981 934 4032 2
962 3993 1020 4049 poat
1052 3983 1176 4054 μεσότητα
1210 3989 1327 4038 lacunam
1356 3985 1481 4037 indicavit
1509 3986 1576 4036 Mei-

918 4072 992 4120 nahe.
1015 4073 1061 4121 aed
1074 4073 1146 4122 deest
1158 4075 1222 4124 nihil
1241 4076 1271 4125 cf.
1286 4077 1394 4124 Aristot.
1408 4075 1433 4124 d.
1447 4089 1489 4124 an.
1502 4073 1530 4122 11
1545 4070 1574 4121 ll

918 4175 943 4222 p.
954 4156 1018 4209 424·
1027 4158 1051 4220 4,
1071 4177 1095 4209 v.
1112 4161 1183 4210 ΡτοΙ.
1202 4177 1226 4225 p.
1238 4159 1297 4212 215.
1316 4159 1445 4229 κοινὴν-
1456 4157 1578 4226 κινήσεως

919 4245 966 4296 v.8
981 4249 1086 4296 iteratur
1100 4249 1126 4296 in
1140 4249 1246 4298 Placitia
1262 4250 1304 4298 1v
1320 4249 1351 4300 10
1363 4260 1383 4310 α,
1402 4250 1470 4299 unde
1484 4247 1578 4298 menda

919 4335 943 4382 D
968 4335 1145 4397 emendantur,
1176 4349 1241 4398 quaa
1270 4340 1395 4387 memoria
1421 4338 1501 4401 digna
1524 4351 1577 4386 non

918 4429 977 4470 aunt
1005 4417 1019 4487 ΙΙ
1049 4420 1083 4472 ‘20
1105 4421 1122 4488 η
1147 4419 1241 4485 [ruba]
1270 4421 1374 4474 στωικοί
1399 4424 1425 4473 D
1455 4418 1468 4488 ΙΙ
1497 4419 1530 4472 21
1554 4419 1577 4471 οἱ

918 4507 1012 4572 [ruba]
1037 4507 1086 4560 ἀπὸ
1110 4513 1163 4560 τών
1189 4507 1309 4577 ἀρχαίων.
1337 4512 1458 4560 mendum
1483 4510 1577 4560 subeat.

919 4612 980 4645 num
999 4593 1022 4646 οἰ
1040 4593 1089 4647 ἀπό
1109 4601 1160 4647 τών
1179 4593 1347 4666 μαθημάτων,
1366 4605 1394 4647 ut
1405 4599 1525 4648 audiatur
1543 4594 1577 4663 γί-

919 4678 1018 4748 γνεσθαι
1045 4683 1089 4741 τὰς
1116 4680 1259 4752 αἰσθησαςῖ
1289 4687 1321 4736 cf.
1345 4686 1415 4735 Prol.
1439 4702 1463 4748 p.
1484 4681 1534 4734 185
1562 4679 1575 4750 ΙΙ

918 4767 953 4820 30
985 4772 1059 4835 plura
1090 4781 1211 4837 corrupta
1242 4781 1307 4822 suna
1349 4779 1445 4821 certum
1477 4771 1578 4820 videtur

919 4855 1070 4926 ἑτεροιώσει,
1097 4857 1122 4909 ἐν
1149 4857 1219 4927 ψυχῇ
1242 4854 1351 4908 τυπώστι
1374 4857 1520 4908 Stoicorum
1544 4859 1575 4907 cf.

918 4945 989 4998 Sext.
1009 4948 1062 4999 VII
1082 4943 1141 4997 229.
1159 4948 1239 5012 Diog.
1254 4947 1306 4998 VII
1325 4943 1367 4997 50.
1386 4946 1464 4996 Philo
1483 4945 1516 4994 do
1535 4946 1575 5010 gi-
