3756 5736
717 383 993 434 ruonuoomnua
1123 387 1127 396 ·
1474 379 1535 442 νεῖ

177 576 209 638 p.
225 551 302 638 274)
330 551 498 636 errabant,
529 551 587 617 sed
615 549 749 617 oonsilio
777 569 815 616 ao
842 550 968 616 ratione
995 549 1167 616 insaniisse
1189 549 1349 616 Galenum
1371 554 1539 634 appareat.

177 653 406 720 molestissima
421 673 517 737 porro
534 661 584 718 est
600 674 640 720 ea
655 652 866 738 eonsuetudo,
890 660 925 718 ut
946 652 1048 720 rerba
1070 652 1233 736 cogitandi
1255 650 1324 718 fere
1346 651 1464 734 ubique
1485 651 1541 714 im-

178 757 322 822 miseeat.
367 756 524 820 insertum
552 763 617 840 est,
649 775 745 838 quam
774 755 836 820 sibi
865 755 1060 838 elegantiam
1082 755 1177 820 istine
1199 755 1354 838 aucupari
1377 755 1466 821 visus
1489 753 1540 837 sit,

177 865 303 924 tantum
327 864 464 942 constat,
488 859 693 942 periodorum
717 858 863 923 nativam
885 857 1079 940 gravitatem
1102 857 1164 922 hoe
1186 857 1331 941 pondere
1353 856 1463 922 addito
1486 855 1540 921 rix

179 981 251 1026 esse
279 959 456 1026 ferendam.
501 960 591 1024 ouius
620 959 745 1026 farinae
772 967 846 1026 sunt
872 960 954 1025 haee
982 961 1045 1026 ο.6
1067 960 1141 1023 κατὰ
1168 961 1234 1029 τοὺς
1256 960 1407 1028 πλείστους
1430 960 1540 1044 ἀκριβε-

180 1065 301 1133 στάτους
318 1061 390 1126 εἶναι
407 1065 571 1140 δοκοῦντας,
594 1082 620 1127 e.
637 1063 679 1128 ⁸24
695 1064 750 1128 ὅσα
763 1069 823 1133 τοῖς
839 1065 1079 1146 ὀνομαστοτάτοις
1100 1062 1234 1146 εἰρῆσθαι
1258 1063 1322 1147 περὶ
1344 1063 1451 1146 ταύτης
1465 1061 1541 1143 νομί-

180 1171 277 1248 ζομεν.
305 1185 331 1230 e.
347 1167 367 1229 3
389 1185 420 1248 p.
437 1166 500 1230 228
516 1167 556 1235 εἰς
570 1171 678 1250 πρῶτα
692 1168 773 1250 ἥκειν
789 1166 1011 1251 ὑπειλημμένον,
1034 1185 1061 1230 e.
1078 1166 1096 1230 7
1114 1167 1161 1228 καὶ
1183 1166 1232 1228 τὸν
1254 1163 1325 1246 άγαν
1348 1163 1541 1250 ἠκριβωκέναι

179 1272 232 1354 πἠν
258 1269 437 1353 άπορητικὴν
466 1268 672 1354 ὑποληφθέντα
703 1267 855 1353 Πύρρωνα,
877 1288 904 1334 e.
923 1268 963 1332 16
989 1267 1081 1332 ταύτὰ
1107 1270 1177 1351 ἡμῖν
1200 1268 1320 1338 εἰκότως
1343 1267 1542 1352 διανοηθέντες

181 1373 349 1458 ἁρμόττειν,
371 1371 524 1454 νομίζομεν
548 1369 757 1456 (cogitamus)
780 1373 839 1435 άπὸ
861 1371 972 1434 τούτων
994 1371 1046 1454 τἠν
1068 1373 1165 1456 ἀρχὴν
1187 1371 1335 1434 ποιεῖσθαι
1358 1375 1415 1433 τῶν
1438 1370 1542 1452 λόγων,

181 1474 300 1540 ibidem
317 1475 430 1537 δυνατοὶ
446 1472 519 1536 εἶναι
534 1475 699 1557 νομίζομεν.
722 1474 799 1540 iude
814 1473 942 1558 pleeitis
959 1493 1086 1556 quoque
1101 1493 1261 1558 persaepe
1276 1473 1385 1557 νομίζει
1401 1477 1435 1536 ut
1458 1492 1484 1536 e.
1501 1472 1544 1536 20

181 1577 235 1642 rel
266 1575 356 1640 οἴεται
385 1575 503 1640 similia
530 1576 630 1641 addit.
676 1583 784 1643 uetera
813 1597 897 1660 quae
920 1576 1026 1642 miuus
1048 1576 1149 1660 probe
1171 1575 1259 1641 diota
1281 1583 1356 1641 sunt
1378 1581 1413 1639 ut
1436 1599 1543 1658 μνημο-

182 1680 292 1743 νεύεται
307 1682 431 1762 γεγονώς
447 1699 474 1744 ο.
490 1679 510 1743 3
526 1700 557 1762 p.
574 1680 636 1744 229
657 1675 707 1764 [ef.
724 1679 875 1763 Xenoph.
892 1677 1012 1768 Cyrop.
1028 1679 1044 1744 I
1059 1680 1089 1763 2,
1110 1675 1137 1764 ν]
1153 1685 1186 1744 et
1200 1677 1474 1762 praepositionum
1490 1696 1544 1741 ne-

181 1782 410 1866 gationumque
426 1801 502 1846 usus
518 1800 690 1864 perversus
706 1781 884 1847 mittantur.
913 1801 989 1847 nam
1003 1800 1109 1864 neque
1132 1779 1267 1863 singulis
1290 1780 1340 1846 his
1364 1778 1460 1861 vitiis,
1483 1799 1543 1843 neo

182 1891 251 1952 toto
273 1884 402 1950 dieendi
424 1903 544 1967 genere
566 1883 744 1967 quidquam
767 1882 921 1967 probatur
943 1883 1004 1950 nisi
1019 1883 1172 1949 rustieum
1188 1903 1260 1949 esse
1276 1889 1374 1966 atque
1388 1883 1543 1947 incultum

183 1988 383 2072 seriptorem,
406 1987 493 2070 quod
514 1985 647 2052 aliunde
669 1987 749 2052 satis
771 1991 907 2052 οοιιειαι.
941 1987 983 2052 de
1005 1992 1114 2053 aetate
1135 1991 1245 2052 autem
1264 2005 1306 2052 ne
1322 1985 1397 2050 hine
1412 1985 1544 2068 quidem

186 2091 265 2156 uerti
287 2089 463 2174 quidquam
486 2089 623 2156 elicitur.

270 2194 340 2259 Nee
365 2213 444 2258 rere
471 2191 651 2257 audiendus
678 2197 727 2258 est
749 2193 889 2276 Roseus,
911 2191 1021 2274 quiin
1043 2191 1176 2256 Aristot.
1200 2189 1410 2274 Pseudepigr.
1434 2212 1464 2274 p.
1482 2192 1542 2256 381
1585 2177 1587 2180 ⁵

185 2293 241 2360 inf.
258 2295 375 2362 Galeni
397 2294 542 2360 libellum
564 2294 826 2361 eommentatoris
848 2293 1015 2360 ouiusdam
1037 2291 1234 2359 Aristoteliei
1255 2312 1336 2375 opus
1353 2312 1425 2359 esse
1441 2300 1545 2360 sexto·

185 2417 249 2480 que
276 2397 330 2463 rel
359 2397 496 2480 septimo
522 2398 654 2464 saeoulo
679 2397 884 2488 tribuendum
913 2396 1139 2462 arbitrabatur.
1185 2415 1224 2460 ao
1253 2396 1408 2478 temporis
1435 2402 1545 2460 notam

186 2499 273 2564 unde
295 2501 478 2583 sumpserit,
500 2499 621 2566 neseio.
659 2519 759 2564 eausa
781 2499 986 2566 coniecturae
1000 2535 1042 2546 -—
1057 2499 1131 2582 plus
1154 2497 1239 2563 enim
1262 2517 1303 2562 ne
1324 2497 1396 2582 ipse
1416 2499 1545 2582 quidem

187 2601 219 2668 ei
241 2600 359 2668 tribuet
372 2639 416 2648 -
430 2601 513 2668 haee
534 2600 604 2684 luit,
627 2602 690 2667 nisi
713 2601 819 2687 fallor,
842 2602 929 2685 quod
950 2609 1112 2668 saetarum
1134 2599 1267 2664 nomina
1289 2601 1353 2664 ο.4
1375 2607 1408 2666 et
1429 2602 1546 2667 similia

189 2703 337 2770 seholiois
352 2705 416 2769 illis
432 2705 522 2770 libris
537 2711 678 2787 eognata
692 2705 834 2771 ridebat.
868 2705 926 2770 sed
941 2710 974 2770 et
988 2702 1181 2770 adumbrata
1197 2710 1246 2769 est
1268 2702 1350 2768 haee
1372 2703 1545 2768 similitudo

189 2813 222 2873 et
248 2828 319 2874 mos
345 2807 407 2873 iste
429 2809 530 2873 multo
555 2807 729 2892 antiquior,
757 2814 792 2872 ut
815 2827 913 2892 supra
934 2806 1165 2873 demonstrari.
1209 2823 1286 2888 erge
1310 2805 1372 2870 nisi
1394 2825 1477 2887 quae
1500 2827 1547 2871 re-

188 2909 342 2976 motiores
363 2930 414 2976 me
435 2909 563 2992 fugiunt
584 2929 713 2993 causae,
736 2909 842 2976 iaeeat
863 2929 996 2975 neeesse
1019 2916 1068 2974 est
1087 2909 1150 2974 ista
1167 2907 1285 2992 opinio.
1318 2926 1379 2973 neo
1401 2908 1545 2992 profeoto

189 3011 230 3077 de
246 3010 356 3078 Stoiea
378 3018 558 3078 ceterorum
581 3011 722 3095 eapitum
738 3012 862 3095 origine
877 3012 981 3078 virum
996 3011 1215 3077 doetissimum
1231 3030 1293 3092 ego
1308 3009 1432 3076 doeebo
1452 3031 1547 3094 quem

188 3113 253 3178 iam
281 3115 405 3198 pridem
431 3113 606 3180 subitarias
634 3113 839 3180 oonieeturae
866 3115 1009 3198 piguisse
1036 3113 1205 3180 confidam.
1249 3111 1320 3196 ipse
1347 3112 1381 3178 in
1407 3113 1548 3178 Hermae

191 3217 254 3283 rol.
271 3217 299 3280 V
314 3217 377 3282 205
393 3223 679 3283 commentatorum
696 3215 920 3300 Olympiodori
935 3216 1027 3282 Eliae
1042 3215 1178 3281 Doridis
1195 3214 1353 3298 Stephani
1368 3221 1547 3281 oeterorum

192 3325 279 3385 artes
302 3320 539 3402 lectionumque
560 3340 675 3404 gyrum
698 3318 891 3402 peritissime
912 3317 1169 3402 eireumsoripsit.
1203 3316 1289 3382 unde
1310 3316 1391 3381 nihil
1405 3316 1448 3381 ad
1464 3315 1549 3380 hune

189 3423 379 3506 seriptorem
410 3422 573 3506 pertinere
602 3421 636 3486 in
664 3421 835 3505 propatulo
863 3427 923 3486 est.
967 3421 1157 3505 seriptorum
1186 3425 1295 3484 autem
1322 3419 1356 3483 in
1379 3417 1549 3499 magistros

191 3524 296 3608 pietas
317 3525 351 3590 in
374 3524 506 3590 seholiis
527 3523 788 3606 frequentissima
811 3521 908 3610 [Rosa
930 3525 950 3587 l.
967 3544 994 3589 e.
1018 3545 1049 3608 p.
1066 3525 1139 3606 206,
1155 3520 1186 3609 2]
1209 3522 1334 3588 eumin
1348 3528 1460 3586 nostra
1475 3541 1550 3602 quo-

190 3648 253 3710 que
279 3627 452 3711 scriptione
478 3633 637 3712 appareat
664 3629 727 3692 a?
755 3627 810 3691 ὅσα
837 3627 916 3710 παρὰ
941 3631 1000 3690 τῶν
1022 3625 1257 3690 πεπαιδευκότων
1280 3627 1358 3708 ἡμᾶς
1381 3625 1549 3708 ἀκηκόαμεν

191 3731 238 3794 καὶ
262 3729 298 3792 δι’
326 3731 560 3813 ἀναγνωσμάτων
583 3731 732 3812 ἐμάθομεν
754 3735 803 3792 νῦν
826 3732 955 3812 συνάγειν
983 3729 1223 3815 ἐπιχειρήσομεν,
1249 3726 1410 3793 inferioris
1432 3726 1550 3792 aetatis

191 3839 289 3914 atque
315 3831 478 3898 sobolieae
506 3831 639 3914 originis
661 3832 789 3898 videtur
815 3831 968 3897 indieium
991 3830 1079 3896 haud
1101 3830 1329 3916 spernendum,
1353 3830 1412 3896 sed
1433 3849 1552 3912 nequa-

193 3953 289 4016 quam
311 3934 587 4000 Aristotelieorum
618 3936 792 4019 proprium.
838 3934 953 4016 quibus
978 3953 1050 3998 eum
1073 3934 1248 4000 sollemnes
1269 3935 1334 4000 sint
1355 3932 1551 3999 formulaeb

193 4037 332 4122 ἡμέτερος
354 4039 513 4123 φιλόσοφος
535 4038 604 4104 sive
627 4042 667 4108 ὡς
687 4037 783 4122 ἔλεγεν
800 4041 816 4101 ὁ
831 4039 923 4100 ταῦτά
939 4059 987 4118 μοι
1002 4035 1215 4120 ἐξηγησάμενος
1237 4038 1290 4102 vel
1314 4041 1354 4106 ὡς
1369 4040 1385 4100 ὁ
1401 4035 1552 4119 ἐξηγητής,

194 4139 237 4204 ad
260 4139 377 4205 (taleni
398 4140 582 4224 exemplum
605 4142 737 4226 propius
760 4138 885 4206 aeeedit
907 4137 1046 4222 Sopater
1068 4139 1215 4222 sophista
1238 4140 1292 4221 qui
1315 4137 1553 4222 prolegomenis

192 4242 226 4306 in
241 4241 415 4308 Aristidem
431 4243 480 4306 ΙΙΙ
502 4263 533 4327 p.
551 4245 611 4309 let
628 4245 725 4310 Dind.
747 4239 931 4310 subseribit:
954 4239 1034 4304 ταῦτ’
1062 4242 1120 4324 ἐγώ
1144 4264 1189 4306 σοι
1209 4241 1368 4326 Σώπατρος
1390 4241 1554 4324 ἐπιδίδωμι,

194 4345 249 4409 ὅσα
271 4369 304 4428 γε
326 4344 360 4426 [l.
376 4345 420 4426 τε]
443 4343 555 4429 ἔμαθον
578 4349 656 4431 παρὰ
678 4352 736 4411 τῶν
759 4346 940 4409 διδασκάλων
952 4342 1093 4427 Ἀθήνησι
1113 4345 1161 4408 καὶ
1178 4345 1233 4410 ὅσα
1250 4343 1315 4427 μεθ’
1337 4343 1443 4428 ἑτέρων
1459 4346 1553 4425 ζητῶν

193 4448 241 4510 καὶ
257 4447 287 4516 ἐξ
303 4449 564 4532 ἀναγνωρισμάτων
583 4450 721 4513 ποικιλων
742 4451 911 4533 συνήγαγον.
938 4445 1085 4512 eonferre
1107 4447 1223 4531 possis,
1243 4465 1327 4529 qnae
1346 4446 1444 4528 paulo
1464 4464 1555 4527 supe·

194 4549 259 4615 rior
270 4549 437 4634 Eunapius
453 4552 623 4635 prooemii
639 4551 743 4636 pse.
769 4553 862 4634 κάγώ,
880 4548 993 4632 inquit,
1008 4551 1114 4634 ταύτην
1127 4549 1283 4634 ἐξώρμησα
1294 4549 1346 4631 τὴν
1361 4551 1484 4632 γραφήν,
1500 4547 1555 4610 ὅσα

195 4653 214 4738 ἢ
228 4654 300 4716 κατὰ
313 4654 405 4737 ἀκοὴν
417 4653 437 4738 ἢ
450 4655 524 4717 κατὰ
536 4656 694 4737 ἀνάγνωσιν
706 4655 726 4738 ἢ
738 4653 813 4718 κατὰ
825 4653 950 4736 ἱστορίαν
962 4657 1020 4714 τῶν
1033 4651 1091 4716 κατ’
1106 4653 1230 4736 ἐμαυτὸν
1240 4651 1404 4734 ἀνθρώπων
1414 4653 1475 4713 κτλ.
1497 4649 1555 4714 sed

195 4755 257 4820 hoe
272 4755 415 4839 priorum
431 4755 565 4822 similius
578 4763 613 4822 ut
628 4755 819 4840 Pamphilae
835 4753 923 4836 apud
936 4753 1086 4820 Photium
1103 4755 1200 4820 erre
1211 4774 1242 4836 p.
1252 4752 1381 4816 119¹>22
1398 4753 1556 4836 συγγράψαι

196 4859 265 4922 ete
286 4881 317 4920 τε
338 4859 417 4942 παρὰ
436 4864 486 4922 τοῦ
510 4862 613 4944 ἀνδρὸς
636 4860 726 4943 μάθοι
748 4860 784 4922 τὰ
804 4855 897 4942 ἧέτη
913 4863 1044 4942 συνεχῶς
1059 4856 1139 4940 αὐτῷ
1156 4861 1281 4920 συνοῦσα
1296 4855 1343 4918 καὶ
1360 4853 1424 4938 μηδ’
1446 4854 1556 4938 ἡμέραι

197 4961 264 5046 μηδ’
294 4963 372 5046 ὥραν
396 4962 611 5046 ἀπολειπομένη
634 4964 682 5025 καὶ
706 4962 725 5024 ἃ
747 4960 813 5047 παρ’
835 4961 925 5024 ἄλλου
947 4959 1022 5026 τινὸς
1044 4960 1167 5021 ἀκοῦσαι
1185 4957 1291 5042 συνέβη
1307 4963 1366 5021 τῶν
1381 4955 1448 5042 παρ’
1469 4957 1556 5020 αὐτὸν

230 5129 231 5132 ,
249 5093 337 5142 mels,
358 5093 502 5143 Doxographl
520 5093 602 5142 masei.
1316 5059 1354 5123 17
