3756 5736
308 342 372 406 200
583 344 647 394 XVI
683 343 733 392 Du
754 342 857 392 suun
875 341 1112 394 PLAOITORUM
1132 342 1405 394 COMPOSITIONE

307 530 377 574 rum
405 511 494 574 tibris
520 513 622 592 prium
650 509 786 574 secundo
813 511 902 572 tertio
929 510 1088 590 proponit.
1132 513 1188 576 sed
1215 512 1378 576 iuteroedii
1408 513 1489 575 iuter
1518 530 1572 574 eos
1599 512 1676 574 bose

310 617 487 699 differentia
508 614 591 696 quod
613 615 666 676 ilie
687 631 808 693 semper
830 622 973 676 errorores
994 616 1215 678 sententiarum
1235 615 1383 689 nominat,
1405 615 1550 678 Isidorus
1571 615 1676 676 uomi-

309 719 400 782 uibus
422 737 528 782 eorum
548 717 726 798 suppressis
748 715 934 795 peuerotiter
949 734 1002 778 sos
1016 718 1062 779 sie
1076 719 1144 797 sere
1160 719 1332 800 sipnifioot:
1352 719 1510 798 peutiies
1531 726 1677 780 ueteres

311 823 456 904 antiqui
489 821 684 901 sopientes
715 817 932 899 philosophi
961 819 1110 901 pbpsioi
1140 821 1213 882 otii
1241 819 1400 902 quidum.
1445 817 1504 884 sed
1526 837 1610 900 quae
1633 817 1676 882 de

312 923 438 1006 origine
462 919 579 987 Isidori
610 925 852 1002 oeterorumque
881 917 950 984 eius
979 921 1108 1002 generis
1140 921 1350 1006 seripturibus
1380 919 1502 1006 posuit,
1537 919 1677 986 nonita

312 1023 457 1090 stabilita
479 1029 554 1090 sunt
576 1029 612 1088 ut
630 1027 698 1088 tuto
714 1021 864 1088 insistere
879 1021 984 1105 possis
1008 1019 1058 1108 [of.
1075 1023 1113 1090 s.
1130 1023 1257 1090 Beeker
1278 1045 1310 1090 n.
1322 1023 1430 1108 jahrb.
1446 1022 1468 1088 f.
1484 1021 1563 1106 phil.
1579 1021 1675 1106 1863,

312 1125 397 1214 642}
445 1145 551 1209 neque
581 1126 716 1191 multum
747 1123 802 1189 ille
832 1120 969 1207 profeeit
1002 1133 1161 1209 perpetus
1193 1126 1390 1193 Plaeitorum
1423 1123 1676 1209 eomparatioue,

312 1249 409 1313 quam
432 1225 586 1295 Suetonio
609 1248 668 1294 suo
692 1225 890 1310 subnotavit,
915 1224 992 1308 quia
1013 1247 1177 1312 perpauca
1199 1234 1350 1296 aeeurate
1372 1225 1499 1312 respioi,
1521 1227 1677 1312 pleraque

311 1333 432 1398 frustra
454 1330 546 1397 eitari
568 1327 775 1395 manifestum
798 1333 857 1393 est.
1222 1325 1225 1330 '

397 1432 616 1500 Memorabilis
632 1438 681 1498 est
695 1429 867 1514 Augustini
891 1450 995 1498 enarr.
1011 1431 1045 1498 in
1067 1435 1181 1518 psalm.
1198 1435 1230 1500 X
1245 1437 1265 1500 3
1288 1434 1449 1520 expositio
1464 1432 1608 1521 [Sueten.
1625 1433 1676 1500 ed.

312 1540 349 1605 R.
372 1559 404 1622 p.
420 1533 507 1623 209],
530 1555 627 1619 quam
648 1533 792 1600 Isidorus
814 1532 856 1599 de
874 1541 941 1600 nat.
963 1555 1023 1601 rer.
1043 1537 1083 1601 18
1106 1537 1294 1604 nominatim
1317 1537 1479 1622 exeerpsit
1500 1535 1552 1624 [ef.
1575 1537 1677 1602 sohel.

313 1641 464 1708 German.
493 1660 524 1722 p.
548 1639 626 1722 197,
654 1637 762 1718 seqq.
793 1635 844 1701 ed.
872 1637 1023 1724 Breysig,
1060 1639 1226 1705 Censorio.
1258 1638 1372 1706 fr.111
1399 1661 1432 1725 p.
1453 1641 1552 1724 80,ss
1579 1637 1677 1704 Jahn.

313 1763 412 1828 supra
439 1763 471 1826 p.
492 1737 545 1828 53]
589 1741 670 1804 duos
705 1747 778 1802 suut
810 1741 849 1801 de
889 1743 965 1804 que
996 1746 1157 1824 opiniones
1187 1743 1378 1825 probabiles.
1432 1745 1543 1807 bouum
1577 1752 1678 1805 autem

314 1865 393 1930 quoe
415 1865 491 1908 uero
512 1847 552 1907 sit
574 1853 628 1908 out
649 1863 712 1906 uou
735 1844 858 1905 omreiuo
882 1853 936 1906 out
958 1846 1141 1927 difficillime
1164 1847 1302 1910 arbitror
1316 1865 1408 1929 posse
1421 1847 1572 1910 homiuem
1586 1847 1677 1909 seire.

314 1970 382 2014 eum
404 1950 484 2012 euim
506 1948 667 2030 quaeritur
689 1946 770 2008 uude
793 1947 893 2009 tumeo
915 1948 1042 2026 babeat,
1072 1951 1142 2012 otii
1171 1950 1299 2012 dieunt
1328 1968 1430 2011 suum
1457 1949 1591 2012 tubere
1612 1949 1679 2011 sed

313 2053 457 2134 plebum
489 2051 570 2113 eius
602 2049 794 2111 dimidium
828 2050 951 2114 iuuere
985 2053 1179 2114 dimidium
1214 2061 1332 2116 uuteru
1364 2051 1556 2116 obscurum
1585 2071 1679 2126 esse,

315 2157 387 2218 duur
416 2163 516 2217 eutem
542 2159 680 2216 mouetur
706 2153 739 2214 iu
762 2154 879 2216 eirouio
907 2173 964 2216 suo
988 2155 1116 2218 eoadem
1135 2163 1255 2237 portem
1277 2175 1340 2237 quo
1361 2156 1442 2219 iuuet
1461 2155 1614 2236 puuiotiur
1636 2155 1680 2218 od

315 2266 417 2320 terros
450 2258 587 2320 ooooeui
613 2265 646 2318 ut
672 2255 774 2316 uideri
806 2255 895 2318 uobis
925 2261 1025 2336 possit
1053 2266 1082 2320 et
1109 2259 1180 2321 ideo
1209 2259 1300 2338 prius
1327 2259 1419 2339 quusi
1451 2258 1677 2320 eoruieuiotour

315 2379 480 2441 apparere.
507 2405 564 2421 ...
588 2359 645 2421 aiii
667 2365 768 2420 autem
791 2357 896 2419 dieunt
918 2377 980 2422 uou
1000 2361 1114 2423 babere
1136 2362 1241 2424 iuuom
1263 2362 1364 2424 tumeo
1391 2363 1554 2442 proprium
1581 2361 1637 2422 ssd
1658 2380 1680 2422 u

314 2465 380 2527 sole
410 2463 572 2524 ittustrori.
616 2457 898 2525 Reifferscheidius
927 2459 970 2524 ad
998 2459 1084 2526 hune
1114 2463 1220 2528 losum
1251 2461 1414 2529 uberrima
1442 2482 1483 2528 ex
1514 2460 1679 2528 Plutsrebi

316 2566 404 2630 Plae.
424 2565 456 2628 II
479 2564 530 2630 28.
553 2563 595 2628 25
624 2565 778 2644 excerpta
807 2559 927 2625 trustra
958 2565 1136 2646 proposuit.
1180 2583 1257 2631 nam
1285 2565 1362 2649 quia
1389 2565 1521 2632 Stobaei
1551 2563 1680 2648 supple

316 2673 427 2734 menta
449 2664 605 2732 adbibere
627 2662 741 2741 noluit,
762 2662 903 2745 priorem
925 2664 1109 2748 opinionem
1125 2667 1239 2735 Berosi
1259 2689 1331 2734 esse
1347 2689 1420 2736 eum
1435 2667 1526 2751 sugit
1560 2665 1679 2732 etenim

319 2770 347 2836 si
363 2768 489 2835 Plseita
504 2766 680 2848 coniunges
698 2766 730 2830 Π
746 2766 787 2831 28
804 2776 819 2826 1
839 2816 847 2832 .
864 2817 871 2832 .
889 2766 1032 2853 Βήρωσος
1049 2769 1117 2836 ἴδιον
1137 2771 1227 2855 αὐτὴν
1244 2770 1323 2857 ἔχειν
1338 2777 1402 2857 φῶς
1425 2773 1467 2836 25
1485 2777 1517 2832 12
1537 2767 1680 2852 Βήρωσος

317 2872 503 2957 ἡμιπὺρωτον
534 2875 657 2956 σφαῖραν
687 2871 740 2954 τὴν
764 2872 886 2954 σελήνην
920 2873 996 2936 292
1020 2871 1164 2958 Βήρωσος
1193 2872 1345 2956 [deficere
1371 2874 1495 2956 lunam]
1524 2872 1599 2936 κατὰ
1627 2873 1680 2954 τὴν

317 2977 388 3061 πρὸς
418 2977 497 3059 ἡμᾶς
523 2975 699 3058 ἐπιστροφὴν
735 2977 786 3036 τοῦ
817 2975 971 3057 ἀπυρώτου
999 2976 1118 3060 μέρους,
1149 2976 1192 3040 ad
1218 2995 1371 3058 graecum
1399 2976 1565 3059 exemplar
1593 2971 1683 3038 haud

317 3077 416 3143 dubie
439 3074 611 3142 redueeris.
646 3079 681 3140 ut
704 3074 849 3142 Suetonii
872 3076 1049 3142 auotoritas
1072 3077 1134 3144 boo
1156 3079 1227 3144 loeo
1243 3079 1438 3162 nequiquam
1453 3076 1623 3154 invooatnr
1637 3074 1680 3140 ab

318 3180 453 3264 editore,
476 3178 523 3243 ita
534 3177 690 3242 Varronis
712 3199 831 3244 nomen
852 3199 918 3244 non
940 3185 1061 3246 temere
1084 3179 1244 3265 quispiam
1265 3179 1446 3264 protulerit.
1478 3197 1555 3244 uum
1573 3178 1682 3260 Augu-

317 3283 420 3348 stinus
449 3286 605 3364 quantum
631 3279 779 3346 debuerit
807 3281 854 3346 illi
882 3281 915 3346 in
942 3282 1058 3365 vulgus
1086 3289 1136 3348 est
1165 3289 1277 3350 notum
1307 3273 1457 3365 idemque
1486 3287 1613 3346 ooustat
1640 3279 1681 3346 de

317 3383 474 3468 Vitruvio,
504 3382 559 3466 qui
587 3383 725 3448 eandem
755 3385 943 3450 memoriam
970 3384 1087 3468 repetit
1109 3385 1157 3450 tx
1181 3387 1198 3450 1
1226 3395 1257 3450 16
1284 3387 1427 3450 uuordo
1454 3387 1605 3448 oresoeuti
1631 3385 1680 3445 tu·

317 3492 397 3552 miue
419 3489 511 3552 tuuoe
533 3487 799 3570 deminutioueque
820 3491 865 3550 uti
887 3489 1034 3550 traditum
1052 3497 1097 3550 est
1112 3489 1200 3552 uobis
1216 3508 1237 3552 o
1251 3490 1424 3554 maioribus
1446 3489 1549 3552 diuum
1562 3486 1610 3552 IX
1625 3486 1646 3550 2
1666 3495 1678 3546 1

318 3592 454 3656 Berosus
470 3637 476 3653 .
491 3637 498 3652 .
512 3637 519 3652 .
534 3592 633 3672 pitoru
650 3589 656 3622 ¹
681 3609 747 3654 esse
769 3611 808 3652 ea
831 3591 963 3654 dimidiu
976 3601 1066 3672 purte
1080 3593 1259 3655 ouudeutem
1273 3594 1395 3674 reliquo
1409 3593 1522 3654 tubere
1537 3591 1680 3654 eoeruieo

318 3697 430 3758 colore.
465 3711 550 3775 quae
561 3691 727 3759 Vitruvius
749 3695 921 3757 maioribus
944 3713 979 3760 se
1002 3693 1122 3760 debere
1143 3693 1220 3760 dieit
1242 3694 1296 3760 vix
1319 3693 1498 3760 errabimus
1512 3693 1538 3758 si
1554 3693 1679 3758 auetori

317 3793 471 3878 Varroni,
499 3815 562 3876 quo
585 3793 632 3859 uti
654 3795 751 3878 solet,
779 3795 964 3880 reddemus,
995 3817 1066 3861 oum
1093 3795 1282 3880 praesertim
1309 3795 1464 3862 Berosum
1490 3816 1512 3861 a
1533 3797 1681 3862 Varrone

318 3897 451 3963 citatum
474 3915 573 3978 supra
595 3917 626 3979 p.
645 3897 707 3962 196
729 3897 913 3964 viderimus.

405 3998 520 4065 Isidor.
536 3997 577 4063 de
593 4005 658 4063 nat.
674 4020 699 4064 r.
716 4001 759 4064 20
780 3997 910 4086 [Hygin.
926 4003 961 4067 P.
974 4001 1012 4067 A.
1030 4002 1076 4066 IV
1093 4003 1133 4066 14
1154 4001 1285 4066 Sueten.
1308 4023 1339 4084 p.
1356 4000 1476 4089 ntum]
1503 4003 1559 4064 ulii
1581 4009 1683 4064 eutem

319 4105 426 4167 diouut
453 4103 604 4183 defectum
629 4105 706 4167 sotis
730 4106 813 4184 fieri,
840 4108 868 4167 si
889 4109 1032 4186 soromeu
1061 4109 1145 4169 ueris
1168 4125 1227 4188 quo
1250 4107 1300 4168 sot
1319 4107 1429 4168 rodios
1450 4105 1555 4187 fundit
1576 4105 1682 4186 oiiqw

317 4210 430 4290 spiritu
459 4207 660 4269 contrabatur
690 4209 755 4270 siue
781 4209 947 4272 obturetur.
992 4211 1068 4272 tues
1094 4211 1216 4292 pbpsioi
1242 4218 1270 4272 et
1298 4211 1454 4290 sopientes
1482 4210 1595 4272 dieunt.
1642 4226 1682 4272 ex

319 4309 407 4376 omni
423 4309 619 4376 Plaoitorum
641 4308 729 4374 nube
750 4309 792 4374 ab
816 4311 941 4377 editore
963 4317 1130 4377 eontracta
1152 4313 1275 4376 nullum
1298 4312 1555 4395 inconspectum
1572 4309 1684 4376 venire

318 4419 427 4498 potest
453 4411 515 4478 nisi
542 4411 840 4478 Anaximandreunt
862 4413 895 4477 H
918 4415 992 4478 291
1014 4413 1233 4499 Ἀναξίμανδρος
1255 4418 1306 4477 τοῦ
1329 4414 1449 4496 στομίου
1471 4418 1523 4477 τοῦ
1545 4415 1610 4499 περὶ
1633 4416 1682 4478 τὸν

318 4517 424 4602 τροχὸν
452 4515 708 4600 ἐπιφραττομένου.
744 4518 887 4596 [oramen
917 4519 1001 4580 ueris
1029 4517 1232 4582 breviusculis
1261 4515 1397 4601 dietum,
1427 4516 1514 4600 quod
1542 4515 1684 4582 debebat

391 4845 470 4896 ¹boc
492 4846 620 4896 vocabulo
644 4847 723 4894 utitur
746 4846 823 4895 etiam
847 4844 984 4910 Augustis.
1010 4849 1026 4897 l.
1051 4865 1072 4896 c.
1099 4862 1161 4898 uam
1184 4852 1208 4895 st
1231 4842 1254 4894 si
1271 4841 1365 4910 focius
1383 4841 1488 4908 pilum
1513 4859 1544 4894 uu
1568 4841 1684 4894 dimidio

316 4944 398 5004 puris
416 4931 596 4984 eoudidom
615 4941 640 4984 et
658 4947 691 4982 eu
709 4929 823 4981 dimidio
843 4930 980 4983 obscuram
999 4943 1046 4986 oet.
