3708 5732
329 405 371 468 92
697 403 735 451 VI
771 401 821 451 DE
840 399 1049 451 PLUTARCHI
1070 398 1158 446 VITA
1178 394 1319 445 HOMERI

330 574 556 659 ΞενοφάνηςΙ
581 574 614 636 δὲ
636 570 694 636 κατ’
722 571 814 640 ἐνίους
837 571 870 633 ἐκ
891 573 959 651 γῆς·

371 679 406 740 ἐκ
427 676 510 760 γαίης
525 677 578 760 γὰρ
594 677 687 740 πάντα
703 675 751 738 καὶ
766 672 807 742 εἰς
822 676 874 754 γῆν
890 671 983 733 πάντα
1037 689 1043 700 ’

853 775 982 835 τελευτά.
1079 764 1174 830 Prob.
1192 787 1223 850 p.
1239 766 1328 842 21‚3

354 885 405 946 in
421 883 561 946 πλειόνων
577 882 609 945 δὲ
629 881 677 944 καί
700 879 882 962 ἀριθμητῶν,
905 876 983 937 δυοῖν
1036 871 1113 932 Sunt
1147 871 1200 950 qni
1231 868 1312 932 binis
1344 868 1510 948 principiis
1546 865 1695 927 mundum

331 987 383 1066 μὲν
394 990 447 1068 γῆς
459 1008 490 1047 τε
502 985 549 1048 καὶ
561 985 663 1052 ὑδατος
677 1025 684 1040 .
697 1028 705 1044 .
719 1028 726 1043 .
741 977 818 1043 .κατ’
833 977 924 1046 ἐνίους
936 976 984 1038 καί
1038 973 1258 1034 discriminent.

332 1089 347 1150 ὑ
371 1085 560 1170 Κολοφώνιος
583 1085 800 1168 Ξενοφάνης·
823 1081 894 1164 φησὶ
917 1080 970 1163 γὰρ
1038 1094 1109 1138 nem
1129 1075 1378 1154 Xenophanes
1402 1071 1609 1152 Colophonius
1625 1079 1694 1132 ter-

374 1191 477 1258 πάντες
499 1190 552 1272 γὰρ
578 1189 660 1270 γαίης
687 1209 718 1248 τε
745 1179 795 1248 καί
817 1184 919 1250 ὕδατος
941 1183 984 1244 ln·
1037 1199 1106 1242 rant
1129 1187 1156 1240 el
1180 1195 1294 1258 opttom
1313 1175 1465 1258 prodidit.

822 1285 985 1368 γενόμεσθα

330 1391 501 1476 (Ὅμηρος
524 1389 599 1475 δ)>’
1038 1401 1222 1464 quemquern
1254 1381 1331 1444 hoec
1365 1389 1459 1442 antee
1488 1379 1527 1442 oh
1556 1379 1696 1442 Homero

1038 1492 1174 1548 tenetote
1195 1485 1237 1546 sit
1260 1485 1367 1564 opinio

373 1595 436 1660 ἀλλ’
474 1598 555 1678 ὑμεῖς
594 1597 646 1678 μὲν
686 1597 789 1662 πάντες
821 1591 898 1673 ὕδωρ
936 1591 984 1652 καί
1079 1585 1138 1650 ἀλλ’
1167 1586 1248 1667 ὑμεῖς
1271 1586 1323 1668 μὲν
1346 1584 1449 1654 πάντες
1466 1584 1606 1668 liupuni
1625 1589 1696 1667 γαῖα

750 1697 819 1777 γαῖα
841 1693 982 1774 γένοισθε.
1549 1687 1694 1770 γένοισθε.

372 1801 573 1886 ἐκγῆςόὲκαὶ
589 1800 706 1883 αἰθέρος
722 1795 985 1880 Εόριπίδηςὼς
1080 1793 1230 1854 consonis
1257 1793 1290 1852 in
1326 1809 1453 1852 numero
1483 1791 1696 1871 Euripides

331 1905 465 1987 πάρεστιν
487 1901 659 1972 ἐκδέξασθαι
674 1901 708 1963 ἐκ
722 1905 773 1962 τοῦ
788 1899 880 1982 λέγειν
897 1898 984 1964 αὐτόν
1036 1894 1092 1958 sed
1102 1895 1234 1975 speeiem
1246 1893 1452 1955 discriminat.
1480 1901 1596 1956 terrem
1611 1895 1694 1955 enim

565 2003 584 2044 *
649 2044 668 2085 μ
733 1999 752 2042 *
1037 2005 1065 2059 et
1080 2016 1183 2058 anem
1197 1995 1317 2058 inducit
1330 1996 1491 2075 principio
1504 2015 1608 2058 rnun
1621 2016 1691 2058 esse

1037 2102 1070 2162 in
1092 2099 1229 2179 Antiope
1250 2095 1301 2180 [ir.
1317 2098 1381 2162 935
1402 2097 1457 2180 N.]

1079 2200 1162 2284 (ὑμᾶς
1184 2202 1233 2264 τὸν
1256 2202 1331 2284 ὑψοῦ
1353 2199 1425 2264 τόνδ’
1450 2199 1568 2283 ἄπειρον
1588 2199 1696 2282 αἰθέρα

1081 2304 1129 2365 καί
1155 2308 1208 2386 γῆν
1235 2301 1315 2386 πέριξ
1338 2301 1435 2388 ἔχονθ’
1468 2303 1566 2386 ὑγραῖς
1593 2301 1623 2364 ἐν
1646 2301 1696 2384 ἀγ-

1571 2405 1698 2488 κοίλαιςγ

1081 2513 1181 2571 τοῦτον
1197 2510 1297 2590 νόμιζε
1311 2507 1403 2592 Ζῆνα,
1418 2505 1492 2572 τόνδ’
1515 2509 1588 2590 ἡγοῦ
1601 2504 1697 2588 θεόν.)

334 2613 439 2696 αἰθέρα
450 2613 498 2674 καὶ
508 2616 590 2693 γαῖαν
602 2613 716 2674 πάντων
728 2609 886 2692 γενέτειραν
899 2609 988 2672 οἰείδω
1040 2633 1071 2694 p.
1091 2612 1142 2686 10,
1158 2611 1198 2675 33

334 2717 366 2777 ἐκ
389 2717 536 2797 τεσσάρων
559 2715 592 2776 δὲ
615 2717 630 2777 ὑ
650 2711 885 2795 Ἐμπεδοκλῆς
1084 2715 1135 2776 Ec
1152 2714 1200 2776 his
1215 2710 1380 2796 (quattuor
1394 2709 1576 2796 clementis)
1591 2714 1698 2774 omnia

1041 2837 1107 2878 esse
1128 2825 1237 2896 posteo
1259 2815 1397 2896 effipiotc
1420 2815 1540 2878 Stoici
1567 2815 1695 2876 nodisnt

1041 2919 1169 2980 Zenon
1192 2917 1306 2980 Citieus
1328 2926 1357 2978 et
1380 2917 1610 3001 Chrysippus
1631 2919 1694 2979 So—

1043 3023 1134 3082 loeus·
1145 3028 1174 3082 et
1192 3020 1388 3082 Cleanthes
1411 3019 1521 3083 Assius
1535 3021 1588 3101 qui
1600 3021 1696 3100 prisi-

408 3171 413 3202 ¹
433 3174 556 3224 Sextiana
577 3177 684 3239 apposni
709 3192 761 3224 non
786 3177 873 3238 qualia
896 3179 949 3240 ipse
974 3181 1082 3242 scriptor
1100 3181 1166 3228 mira
1183 3179 1302 3227 socordia
1321 3178 1466 3242 descripsit,
1489 3179 1535 3227 sed
1558 3179 1645 3240 qualia
1668 3179 1695 3226 in

336 3263 476 3325 exemplari
489 3263 617 3311 invenisse
631 3263 758 3325 putandus
771 3273 816 3311 est.
837 3279 896 3313 rtem
909 3263 922 3326 ξ
936 3261 987 3314 314
1007 3262 1036 3313 ln
1049 3261 1168 3314 πλειόνων
1181 3261 1221 3325 δέ,
1234 3267 1325 3327 lnquit,
1342 3264 1386 3314 nui
1398 3259 1554 3333 ἀριθμητῶν,
1571 3261 1637 3314 δυοῖν
1649 3261 1697 3329 μέν

333 3352 378 3415 γῆς
396 3365 423 3398 πε
441 3348 484 3398 καί
503 3343 591 3404 ὑδατος
610 3346 622 3398 h
635 3348 741 3416 ποιητὴς
750 3343 860 3418 Ὅμηρος
873 3347 913 3400 hri
927 3349 971 3416 μὲν
984 3347 1064 3417 λέγων
1079 3347 1203 3402 “musanen
1217 3377 1249 3386 -
1264 3347 1367 3418 Ἰ“ηθὺν’.
1387 3353 1448 3416 quid
1466 3359 1550 3416 potest
1561 3352 1698 3400 absurdius

222 3471 225 3476 -
333 3440 472 3502 coniungi?
491 3443 600 3501 pertinet
611 3440 679 3486 enim
689 3453 778 3487 versus
791 3439 942 3489 Homericus
953 3439 987 3488 ad
998 3439 1198 3488 confirmandam
1210 3439 1357 3488 Thaletis
1368 3441 1517 3504 opinionem
1527 3438 1541 3501 ξ
1551 3437 1612 3498 313,
1625 3439 1697 3501 quod

334 3541 365 3573 ex
384 3525 472 3574 'Probo
492 3525 623 3575 Plutarchi
643 3527 704 3576 vite
723 3542 744 3574 c.
758 3523 792 3576 93
818 3527 898 3577 Aetio
917 3528 930 3576 I
950 3525 990 3577 32
1008 3528 1069 3576 satIs
1088 3533 1196 3574 constat.
1216 3533 1268 3575 tum
1283 3527 1400 3590 Euripidi
1421 3541 1521 3576 versum
1545 3520 1633 3593 αἰθέρά
1653 3524 1697 3575 nuh

334 3615 405 3677 γαῖαν
424 3611 524 3660 πάντων
542 3611 678 3678 γενέτειραν
697 3609 771 3662 helim
791 3629 842 3662 non
861 3615 944 3662 solum
963 3621 1067 3678 propter
1090 3620 1197 3662 metrum
1216 3613 1358 3662 sedetiam
1377 3612 1478 3662 dicendi
1502 3627 1583 3676 genus
1602 3615 1697 3677 spuriis

335 3701 419 3763 potins
444 3714 520 3760 quum
544 3701 647 3749 incertis
665 3701 814 3762 fragmentis
833 3698 956 3761 [Nauekii
973 3702 1003 3750 ir.
1018 3709 1081 3764 trag.
1101 3717 1125 3765 p.
1139 3697 1202 3761 534,
1222 3699 1312 3764 Eurip.
1331 3701 1361 3748 ir.
1380 3715 1405 3764 p.
1421 3695 1485 3763 282]
1503 3699 1698 3764 adiungendum

335 3801 436 3834 censeo.
457 3790 565 3849 pessime
583 3790 679 3838 iactum
698 3795 726 3834 ut
744 3802 832 3836 versus
852 3789 986 3851 genuinus,
1007 3805 1081 3852 quem
1100 3789 1231 3852 praeteriit
1248 3787 1351 3847 Sextus,
1371 3788 1448 3835 etiam
1469 3788 1496 3834 in
1509 3787 1597 3836 Probo
1616 3788 1696 3836 inter-

335 3874 439 3923 cideret.
458 3874 503 3921 sed
517 3889 574 3923 cum
585 3875 711 3923 notissimi
724 3889 811 3923 versus
823 3871 881 3942 ὁρᾷς
892 3873 947 3925 κτλ.
971 3877 1039 3940 apud
1049 3876 1162 3927 Probum
1175 3892 1200 3940 p.
1214 3873 1253 3935 ll,
1266 3871 1282 3924 8
1295 3874 1437 3922 sententiae
1450 3874 1614 3935 conveniant,
1628 3873 1697 3922 baud

335 3961 424 4009 dubito
444 3959 648 4010 Schneidewino
668 3969 693 4010 et
711 3963 830 4012 Nauckio
848 3963 1011 4028 adstipulari,
1036 3965 1080 4026 qui
1104 3964 1185 4014 Probi
1209 3963 1317 4012 alterum
1341 3975 1373 4008 ex
1397 3959 1479 4008 altero
1502 3961 1561 4009 ioco
1584 3960 1698 4024 suppleri

336 4049 432 4096 iubent.
452 4048 484 4097 ci.
497 4063 574 4112 supra
586 4065 611 4113 p.
623 4047 665 4100 90.
684 4049 757 4100 Sexti
776 4053 900 4100 memorie
919 4067 995 4114 quam
1009 4052 1143 4116 Hippolyti
1162 4050 1288 4113 excerptis
1307 4046 1394 4110 [reiut.
1414 4062 1482 4096 omn.
1503 4046 1572 4097 haer.
1593 4047 1618 4096 X
1630 4047 1654 4098 6.
1668 4045 1699 4109 7]

336 4143 460 4186 testatam.
473 4136 595 4185 habemus
615 4137 674 4197 (nisi
693 4138 763 4201 qnod
781 4139 825 4186 ille
844 4139 951 4188 tortasse
970 4146 1038 4187 recte
1057 4132 1127 4205 Θαλῆ
1146 4134 1198 4188 τὸν
1218 4130 1385 4202 Μιλήσιον,
1403 4126 1522 4190 Ἵππασος
1540 4132 1585 4200 μὲν
1604 4131 1617 4184 ὑ
1637 4127 1700 4183 Με-

335 4226 530 4284 ταποντῖνος,
550 4231 639 4273 contra
658 4227 739 4274 invito
759 4227 882 4288 scriptore
900 4226 1018 4276 Platonis
1037 4228 1190 4275 sententiam
1208 4241 1240 4274 ex
1258 4225 1341 4287 primo
1361 4219 1427 4268 libro
1448 4236 1472 4284 p.
1486 4216 1519 4270 32
1538 4221 1654 4284 Gotting.
1673 4229 1701 4268 ct

335 4313 475 4360 minutiora
495 4309 619 4373 quaedam
639 4313 817 4376 supplementa
834 4312 947 4372 addidit)
971 4315 1007 4362 sic
1025 4313 1127 4362 turbata
1145 4321 1195 4361 est:
1219 4304 1298 4372 §313
1318 4301 1402 4373 Θαλῆς
1420 4304 1446 4356 δὲ
1465 4304 1490 4365 ἐξ
1509 4302 1607 4366 ὕδατος,
1626 4301 1699 4356 Ξενο-

336 4397 415 4463 φάνης
438 4395 464 4447 δὲ
487 4393 541 4448 κατ’
563 4396 641 4453 ἐνίους
660 4396 689 4447 ln
708 4399 753 4465 γῆς
767 4396 892 4459 -ξ314
910 4399 955 4465 γῆς
977 4414 1005 4450 τι
1025 4399 1068 4450 καὶ
1086 4395 1174 4454 ὕδατος
1202 4392 1215 4446 b
1240 4392 1345 4462 ποιητὴς
1360 4389 1471 4462 Ὄμηρος
1495 4391 1535 4444 hri
1559 4391 1604 4458 μίν
1621 4390 1705 4458 λέγων

332 4480 457 4534 ιοἰιιεανόν
469 4501 496 4534 τε
511 4513 542 4520 -
556 4481 660 4552 Ἰ“ηθὺν’,
678 4483 718 4534 hri
741 4481 767 4534 δὲ
782 4479 851 4534 “ἀλλ’
873 4481 987 4550 ὑμεῖς-
1001 4482 1127 4553 γένοισθέ.
1147 4477 1314 4551 συμφέρεσθαι
1332 4477 1352 4530 δ’
1373 4477 1442 4548 cheul
1461 4478 1531 4530 δοκεῖ
1547 4476 1601 4530 κατ’
1623 4479 1703 4537 ένίους

336 4572 379 4622 καὶ
398 4569 411 4622 δ
431 4566 595 4641 Κολοφώνιος
614 4567 765 4639 Ξενοφάνης·
789 4571 850 4639 φησί
868 4568 1024 4638 γάριπάντες
1037 4601 1069 4609 -
1084 4566 1255 4640 ἰαγενόμισθά
1272 4567 1321 4618 ,ἐκ
1340 4572 1386 4636 γῆς
1405 4565 1431 4618 hi
1450 4568 1493 4618 nni
1511 4563 1610 4634 αἰθέρος
1628 4561 1704 4632 Etp-

336 4657 408 4727 πίδης
426 4658 481 4710 nrl..
501 4665 527 4712 in
541 4663 629 4713 Probo
644 4661 815 4724 suspicionem
829 4668 935 4709 movent
948 4661 1119 4710 Parmenides
1132 4661 1220 4724 opinio
1233 4655 1275 4718 [cl.
1290 4657 1357 4706 inira
1369 4657 1449 4707 Clam.
1464 4657 1578 4718 Recogn.
1591 4655 1656 4704 VIII
1670 4653 1702 4704 15

335 4752 361 4798 in
383 4768 403 4798 ι.
424 4750 456 4798 (ἰο
477 4751 569 4802 Geloni
588 4749 696 4797 historin
714 4745 788 4810 phil.]
808 4757 834 4794 et
852 4748 1009 4796 AnenImeni
1028 4748 1124 4797 tributa
1143 4746 1306 4811 physicorum
1327 4746 1450 4794 inventio.

412 4833 421 4865 ²
440 4837 473 4885 ad
497 4837 606 4885 eundem
631 4834 739 4884 Homeri
762 4849 863 4882 versum
883 4836 906 4883 H
921 4834 954 4884 θθ
973 4835 1098 4884 adnotant
1121 4834 1221 4883 scholia
1240 4833 1341 4881 Veneta
1359 4832 1383 4878 A
1396 4831 1431 4879 B:
1454 4827 1498 4877 nol
1521 4821 1702 4894 Ξενοφάνης

332 4923 433 4977 ιπάντες
452 4919 498 4989 γὰρ
516 4919 588 4989 γαίης
607 4936 634 4970 τε
647 4917 690 4968 nul
703 4915 792 4976 ὑδατος
805 4917 972 4986 ἐκγενόμεσθα
987 4915 1174 4988 [ἐκγεννιὺμεθα
1188 4917 1292 4984 Lcyd.],
1312 4915 1341 4966 ln
1353 4919 1399 4983 γῆς
1412 4915 1458 4982 γὰρ
1477 4914 1520 4978 [τὰ
1533 4917 1591 4966 add.
1607 4915 1703 4979 Iseum]

336 5007 416 5058 πάντα
435 5007 478 5058 καὶ
497 5007 530 5065 εἰς
548 5009 594 5076 γῆν
613 5006 705 5071 [πάντα
725 5005 1016 5076 εθά.1ιομι1.]τελευτᾷ’
1037 5005 1065 5076 [ἡ
1085 5004 1122 5058 ότι
1133 5005 1162 5058 τό
1181 5003 1248 5075 ὕδωρ
1264 5003 1311 5061 τὰς
1330 5003 1412 5072 ψυχὰς
1431 4998 1564 5070 διαφθείρει
1581 5003 1641 5052 add.
1654 5001 1703 5066 A].
