<?xml version="1.0" encoding="UTF-8"?>
<!DOCTYPE html PUBLIC "-//W3C//DTD XHTML 1.0 Transitional//EN"
    "http://www.w3.org/TR/xhtml1/DTD/xhtml1-transitional.dtd">
<html xmlns="http://www.w3.org/1999/xhtml" xml:lang="en" lang="en">
 <head>
  <title>
</title>
<meta http-equiv="Content-Type" content="text/html;charset=utf-8" />
  <meta name='ocr-system' content='tesseract 3.04.00' />
  <meta name='ocr-capabilities' content='ocr_page ocr_carea ocr_par ocr_line ocrx_word'/>
</head>
<body>
  <div class='ocr_page' id='page_1' title='image "./doxographigraec01dielgoog/doxographigraec01dielgoog_0383.png"; bbox 0 0 3768 5736; ppageno 0'>
   <div class='ocr_carea' id='block_1_1' title="bbox 350 363 1705 4206">
    <p class='ocr_par' dir='ltr' id='par_1_1' title="bbox 350 363 1558 558">
     <span class='ocr_line' id='line_1_1' title="bbox 350 363 1220 460; baseline -0.005 -10"><span class='ocrx_word' id='word_1_1' title='bbox 350 399 411 460; x_wconf 65' lang='grc' dir='ltr'>ναις</span> <span class='ocrx_word' id='word_1_2' title='bbox 486 363 489 371; x_wconf 61' lang='grc'><strong>’</strong></span> <span class='ocrx_word' id='word_1_3' title='bbox 839 402 939 450; x_wconf 75' lang='grc' dir='ltr'>Ασυιι</span> <span class='ocrx_word' id='word_1_4' title='bbox 959 398 1220 452; x_wconf 65' lang='grc' dir='ltr'>πολύαινε-ι</span> 
     </span>
     <span class='ocr_line' id='line_1_2' title="bbox 471 466 1558 558; baseline 0 -6"><span class='ocrx_word' id='word_1_5' title='bbox 471 466 1460 558; x_wconf 52' lang='lat' dir='ltr'>pdu¹1=A1=cnsW*Wfficd.</span> <span class='ocrx_word' id='word_1_6' title='bbox 1477 508 1485 554; x_wconf 93' lang='lat'><em>1</em></span> <span class='ocrx_word' id='word_1_7' title='bbox 1501 503 1534 556; x_wconf 75' lang='grc' dir='ltr'>αι</span> <span class='ocrx_word' id='word_1_8' title='bbox 1550 514 1558 552; x_wconf 84' lang='grc' dir='ltr'>ι</span> 
     </span>
    </p>

    <p class='ocr_par' dir='ltr' id='par_1_2' title="bbox 1017 641 1669 934">
     <span class='ocr_line' id='line_1_3' title="bbox 1017 641 1669 728; baseline -0.006 -18"><span class='ocrx_word' id='word_1_9' title='bbox 1017 659 1033 710; x_wconf 75' lang='lat'><strong>2</strong></span> <span class='ocrx_word' id='word_1_10' title='bbox 1092 641 1316 728; x_wconf 71' lang='grc' dir='ltr'>Ἀναξιμένης</span> <span class='ocrx_word' id='word_1_11' title='bbox 1329 643 1429 708; x_wconf 88' lang='grc' dir='ltr'>.ταύτά</span> <span class='ocrx_word' id='word_1_12' title='bbox 1448 643 1542 728; x_wconf 82' lang='grc' dir='ltr'>τούτῳ</span> <span class='ocrx_word' id='word_1_13' title='bbox 1557 663 1669 727; x_wconf 90' lang='grc' dir='ltr'>προστι-</span> 
     </span>
     <span class='ocr_line' id='line_1_4' title="bbox 1054 746 1668 830; baseline -0.005 -20"><span class='ocrx_word' id='word_1_14' title='bbox 1054 747 1116 816; x_wconf 81' lang='grc' dir='ltr'>θεὶς</span> <span class='ocrx_word' id='word_1_15' title='bbox 1138 749 1171 810; x_wconf 87' lang='grc' dir='ltr'>τὸ</span> <span class='ocrx_word' id='word_1_16' title='bbox 1193 747 1240 810; x_wconf 81' lang='grc' dir='ltr'>ἐπὶ</span> <span class='ocrx_word' id='word_1_17' title='bbox 1262 751 1314 830; x_wconf 88' lang='grc' dir='ltr'>τῆς</span> <span class='ocrx_word' id='word_1_18' title='bbox 1337 747 1499 830; x_wconf 75' lang='grc' dir='ltr'>θαλάσσης,</span> <span class='ocrx_word' id='word_1_19' title='bbox 1521 746 1584 830; x_wconf 87' lang='grc' dir='ltr'>ῆτις</span> <span class='ocrx_word' id='word_1_20' title='bbox 1607 767 1668 830; x_wconf 90' lang='grc' dir='ltr'>σχι-</span> 
     </span>
     <span class='ocr_line' id='line_1_5' title="bbox 1055 847 1601 934; baseline -0.002 -23"><span class='ocrx_word' id='word_1_21' title='bbox 1055 849 1162 932; x_wconf 80' lang='grc' dir='ltr'>ζομένη</span> <span class='ocrx_word' id='word_1_22' title='bbox 1184 853 1247 919; x_wconf 90' lang='grc' dir='ltr'>ταῖς</span> <span class='ocrx_word' id='word_1_23' title='bbox 1269 851 1381 917; x_wconf 83' lang='grc' dir='ltr'><strong>κώπαις</strong></span> <span class='ocrx_word' id='word_1_24' title='bbox 1403 847 1601 934; x_wconf 87' lang='grc' dir='ltr'>παραστιλβει.</span> 
     </span>
    </p>

    <p class='ocr_par' dir='ltr' id='par_1_3' title="bbox 390 945 1705 1344">
     <span class='ocr_line' id='line_1_6' title="bbox 435 945 1667 1035; baseline 0.002 -25"><span class='ocrx_word' id='word_1_25' title='bbox 435 945 671 1034; x_wconf 86' lang='grc' dir='ltr'>Μητρόδωρος</span> <span class='ocrx_word' id='word_1_26' title='bbox 693 951 762 1014; x_wconf 89' lang='grc' dir='ltr'>όταν</span> <span class='ocrx_word' id='word_1_27' title='bbox 785 950 825 1020; x_wconf 81' lang='grc' dir='ltr'>εἰς</span> <span class='ocrx_word' id='word_1_28' title='bbox 847 949 932 1033; x_wconf 86' lang='grc' dir='ltr'>νέφος</span> <span class='ocrx_word' id='word_1_29' title='bbox 954 973 1035 1026; x_wconf 63' lang='lat' dir='ltr'><strong>dte-3</strong></span> <span class='ocrx_word' id='word_1_30' title='bbox 1098 949 1334 1035; x_wconf 87' lang='grc' dir='ltr'>Μητρόδωρος</span> <span class='ocrx_word' id='word_1_31' title='bbox 1362 950 1430 1014; x_wconf 89' lang='grc' dir='ltr'>όταν</span> <span class='ocrx_word' id='word_1_32' title='bbox 1452 949 1494 1020; x_wconf 83' lang='grc' dir='ltr'>εἰς</span> <span class='ocrx_word' id='word_1_33' title='bbox 1515 949 1601 1035; x_wconf 81' lang='grc' dir='ltr'>νέφος</span> <span class='ocrx_word' id='word_1_34' title='bbox 1620 973 1667 1012; x_wconf 84' lang='grc' dir='ltr'>πε·</span> 
     </span>
     <span class='ocr_line' id='line_1_7' title="bbox 391 1051 1705 1137; baseline 0.002 -26"><span class='ocrx_word' id='word_1_35' title='bbox 391 1051 482 1132; x_wconf 81' lang='grc' dir='ltr'>πηγὸς</span> <span class='ocrx_word' id='word_1_36' title='bbox 498 1052 553 1114; x_wconf 85' lang='grc' dir='ltr'>ὑπὸ</span> <span class='ocrx_word' id='word_1_37' title='bbox 565 1053 741 1136; x_wconf 79' lang='grc' dir='ltr'>πυκνότητος</span> <span class='ocrx_word' id='word_1_38' title='bbox 752 1053 867 1135; x_wconf 85' lang='grc' dir='ltr'>ἐμπέση</span> <span class='ocrx_word' id='word_1_39' title='bbox 880 1056 1003 1133; x_wconf 79' lang='grc' dir='ltr'>πνεῦμα,</span> <span class='ocrx_word' id='word_1_40' title='bbox 1053 1055 1144 1137; x_wconf 86' lang='grc' dir='ltr'>πηγὸς</span> <span class='ocrx_word' id='word_1_41' title='bbox 1157 1055 1213 1116; x_wconf 85' lang='grc' dir='ltr'>ὑπὸ</span> <span class='ocrx_word' id='word_1_42' title='bbox 1225 1052 1401 1135; x_wconf 76' lang='grc' dir='ltr'>πυκνότητος</span> <span class='ocrx_word' id='word_1_43' title='bbox 1412 1051 1528 1135; x_wconf 83' lang='grc' dir='ltr'>ἐμπέση</span> <span class='ocrx_word' id='word_1_44' title='bbox 1543 1056 1665 1134; x_wconf 81' lang='grc' dir='ltr'>πνεῦμα,</span> <span class='ocrx_word' id='word_1_45' title='bbox 1692 1071 1705 1108; x_wconf 73' lang='grc' dir='ltr'>ι</span> 
     </span>
     <span class='ocr_line' id='line_1_8' title="bbox 390 1152 1667 1238; baseline 0.005 -26"><span class='ocrx_word' id='word_1_46' title='bbox 390 1152 429 1233; x_wconf 84' lang='grc' dir='ltr'>τῆ</span> <span class='ocrx_word' id='word_1_47' title='bbox 452 1153 503 1233; x_wconf 86' lang='grc' dir='ltr'>μὲν</span> <span class='ocrx_word' id='word_1_48' title='bbox 525 1154 645 1237; x_wconf 76' lang='grc' dir='ltr'>θραύσει</span> <span class='ocrx_word' id='word_1_49' title='bbox 668 1156 716 1217; x_wconf 85' lang='grc' dir='ltr'>τὸν</span> <span class='ocrx_word' id='word_1_50' title='bbox 736 1155 842 1219; x_wconf 79' lang='grc' dir='ltr'>κτύπον</span> <span class='ocrx_word' id='word_1_51' title='bbox 858 1156 1003 1232; x_wconf 90' lang='grc' dir='ltr'>ἀποτελεῖ,</span> <span class='ocrx_word' id='word_1_52' title='bbox 1052 1161 1090 1237; x_wconf 82' lang='grc' dir='ltr'>τῆ</span> <span class='ocrx_word' id='word_1_53' title='bbox 1120 1155 1172 1237; x_wconf 83' lang='grc' dir='ltr'>μὲν</span> <span class='ocrx_word' id='word_1_54' title='bbox 1195 1153 1367 1238; x_wconf 90' lang='grc' dir='ltr'>συνθραύσει</span> <span class='ocrx_word' id='word_1_55' title='bbox 1389 1155 1437 1217; x_wconf 89' lang='grc' dir='ltr'>τδν</span> <span class='ocrx_word' id='word_1_56' title='bbox 1464 1154 1571 1218; x_wconf 79' lang='grc' dir='ltr'>κτύπον</span> <span class='ocrx_word' id='word_1_57' title='bbox 1599 1156 1667 1218; x_wconf 79' lang='grc' dir='ltr'>ἀπο</span> 
     </span>
     <span class='ocr_line' id='line_1_9' title="bbox 390 1255 1666 1344; baseline 0.004 -29"><span class='ocrx_word' id='word_1_58' title='bbox 390 1258 426 1336; x_wconf 84' lang='grc' dir='ltr'>τῆ</span> <span class='ocrx_word' id='word_1_59' title='bbox 455 1255 488 1317; x_wconf 88' lang='grc' dir='ltr'>δὲ</span> <span class='ocrx_word' id='word_1_60' title='bbox 514 1257 611 1340; x_wconf 81' lang='grc' dir='ltr'>πληγῆ</span> <span class='ocrx_word' id='word_1_61' title='bbox 635 1258 682 1320; x_wconf 84' lang='grc' dir='ltr'>καὶ</span> <span class='ocrx_word' id='word_1_62' title='bbox 709 1262 752 1344; x_wconf 81' lang='grc' dir='ltr'>τῷ</span> <span class='ocrx_word' id='word_1_63' title='bbox 781 1258 901 1343; x_wconf 78' lang='grc' dir='ltr'>σχισμιβ</span> <span class='ocrx_word' id='word_1_64' title='bbox 927 1259 1003 1322; x_wconf 91' lang='grc' dir='ltr'>διαυ-</span> <span class='ocrx_word' id='word_1_65' title='bbox 1052 1260 1138 1334; x_wconf 89' lang='grc' dir='ltr'>τελεῖ,</span> <span class='ocrx_word' id='word_1_66' title='bbox 1160 1258 1199 1339; x_wconf 79' lang='grc' dir='ltr'>τῆ</span> <span class='ocrx_word' id='word_1_67' title='bbox 1221 1258 1254 1320; x_wconf 83' lang='grc' dir='ltr'>δὲ</span> <span class='ocrx_word' id='word_1_68' title='bbox 1276 1255 1375 1338; x_wconf 84' lang='grc' dir='ltr'>πληγῆ</span> <span class='ocrx_word' id='word_1_69' title='bbox 1401 1259 1449 1321; x_wconf 84' lang='grc' dir='ltr'>καὶ</span> <span class='ocrx_word' id='word_1_70' title='bbox 1478 1258 1522 1342; x_wconf 75' lang='grc' dir='ltr'>τῷ</span> <span class='ocrx_word' id='word_1_71' title='bbox 1549 1263 1666 1342; x_wconf 80' lang='grc' dir='ltr'>σχισμῷ</span> 
     </span>
    </p>

    <p class='ocr_par' dir='ltr' id='par_1_4' title="bbox 367 1356 1705 1852">
     <span class='ocr_line' id='line_1_10' title="bbox 367 1356 1667 1444; baseline 0.002 -25"><span class='ocrx_word' id='word_1_72' title='bbox 367 1358 480 1438; x_wconf 79' lang='grc' dir='ltr'>ιγάζει,</span> <span class='ocrx_word' id='word_1_73' title='bbox 502 1363 539 1440; x_wconf 83' lang='grc' dir='ltr'>τῆ</span> <span class='ocrx_word' id='word_1_74' title='bbox 562 1359 595 1422; x_wconf 86' lang='grc' dir='ltr'>δὲ</span> <span class='ocrx_word' id='word_1_75' title='bbox 615 1357 729 1442; x_wconf 78' lang='grc' dir='ltr'>ὀξύτητι</span> <span class='ocrx_word' id='word_1_76' title='bbox 744 1365 796 1444; x_wconf 90' lang='grc' dir='ltr'>τῆς</span> <span class='ocrx_word' id='word_1_77' title='bbox 811 1363 903 1444; x_wconf 83' lang='grc' dir='ltr'>φορᾶς</span> <span class='ocrx_word' id='word_1_78' title='bbox 918 1381 1003 1444; x_wconf 86' lang='grc' dir='ltr'>προσ·</span> <span class='ocrx_word' id='word_1_79' title='bbox 1053 1361 1214 1442; x_wconf 69' lang='grc' dir='ltr'>διαυγάζει,</span> <span class='ocrx_word' id='word_1_80' title='bbox 1245 1363 1282 1441; x_wconf 88' lang='grc' dir='ltr'>τῆ</span> <span class='ocrx_word' id='word_1_81' title='bbox 1310 1356 1337 1420; x_wconf 85' lang='grc' dir='ltr'>δ’</span> <span class='ocrx_word' id='word_1_82' title='bbox 1366 1357 1479 1442; x_wconf 77' lang='grc' dir='ltr'>ὀξύτητι</span> <span class='ocrx_word' id='word_1_83' title='bbox 1501 1362 1554 1442; x_wconf 88' lang='grc' dir='ltr'>τῆς</span> <span class='ocrx_word' id='word_1_84' title='bbox 1575 1363 1667 1443; x_wconf 83' lang='grc' dir='ltr'>φορᾶς</span> 
     </span>
     <span class='ocr_line' id='line_1_11' title="bbox 388 1461 1666 1547; baseline 0.002 -26"><span class='ocrx_word' id='word_1_85' title='bbox 388 1461 534 1545; x_wconf 83' lang='grc' dir='ltr'>λαμβάνον</span> <span class='ocrx_word' id='word_1_86' title='bbox 561 1461 613 1543; x_wconf 86' lang='grc' dir='ltr'>τὴν</span> <span class='ocrx_word' id='word_1_87' title='bbox 636 1462 768 1526; x_wconf 85' lang='grc' dir='ltr'>ἀπὸτοῦ</span> <span class='ocrx_word' id='word_1_88' title='bbox 791 1463 875 1546; x_wconf 85' lang='grc' dir='ltr'>ῆλίου</span> <span class='ocrx_word' id='word_1_89' title='bbox 898 1463 1002 1546; x_wconf 87' lang='grc' dir='ltr'>θερμό-</span> <span class='ocrx_word' id='word_1_90' title='bbox 1052 1462 1273 1547; x_wconf 82' lang='grc' dir='ltr'>προσλαμβάνον</span> <span class='ocrx_word' id='word_1_91' title='bbox 1310 1461 1361 1544; x_wconf 79' lang='grc' dir='ltr'>τὴν</span> <span class='ocrx_word' id='word_1_92' title='bbox 1399 1462 1457 1524; x_wconf 88' lang='grc' dir='ltr'>ἀπδ</span> <span class='ocrx_word' id='word_1_93' title='bbox 1494 1464 1545 1523; x_wconf 84' lang='grc' dir='ltr'>τοῦ</span> <span class='ocrx_word' id='word_1_94' title='bbox 1582 1461 1666 1544; x_wconf 79' lang='grc' dir='ltr'>ἡλίου</span> 
     </span>
     <span class='ocr_line' id='line_1_12' title="bbox 388 1563 1705 1649; baseline -0.003 -24"><span class='ocrx_word' id='word_1_95' title='bbox 388 1584 462 1644; x_wconf 89' lang='grc' dir='ltr'>τητα</span> <span class='ocrx_word' id='word_1_96' title='bbox 487 1565 703 1648; x_wconf 79' lang='grc' dir='ltr'>κεραυνοβολεῖ,</span> <span class='ocrx_word' id='word_1_97' title='bbox 729 1569 781 1628; x_wconf 82' lang='grc' dir='ltr'>τοῦ</span> <span class='ocrx_word' id='word_1_98' title='bbox 804 1564 836 1626; x_wconf 88' lang='grc' dir='ltr'>δὲ</span> <span class='ocrx_word' id='word_1_99' title='bbox 863 1569 1002 1649; x_wconf 82' lang='grc' dir='ltr'>κεραυνοῦ</span> <span class='ocrx_word' id='word_1_100' title='bbox 1053 1563 1221 1648; x_wconf 78' lang='grc' dir='ltr'>θερμότητα</span> <span class='ocrx_word' id='word_1_101' title='bbox 1242 1563 1458 1647; x_wconf 87' lang='grc' dir='ltr'>κεραυνοβολεῖ,</span> <span class='ocrx_word' id='word_1_102' title='bbox 1484 1566 1536 1626; x_wconf 81' lang='grc' dir='ltr'>τοῦ</span> <span class='ocrx_word' id='word_1_103' title='bbox 1563 1564 1596 1626; x_wconf 80' lang='grc' dir='ltr'>δὲ</span> <span class='ocrx_word' id='word_1_104' title='bbox 1622 1587 1666 1627; x_wconf 87' lang='grc' dir='ltr'>κε-</span> <span class='ocrx_word' id='word_1_105' title='bbox 1680 1583 1705 1622; x_wconf 88' lang='grc' dir='ltr'>ιο</span> 
     </span>
     <span class='ocr_line' id='line_1_13' title="bbox 388 1663 1668 1752; baseline 0.003 -26"><span class='ocrx_word' id='word_1_106' title='bbox 388 1664 440 1748; x_wconf 88' lang='grc' dir='ltr'>τῆν</span> <span class='ocrx_word' id='word_1_107' title='bbox 477 1665 629 1730; x_wconf 87' lang='grc' dir='ltr'>ἀσθένειαν</span> <span class='ocrx_word' id='word_1_108' title='bbox 668 1665 708 1736; x_wconf 87' lang='grc' dir='ltr'>είς</span> <span class='ocrx_word' id='word_1_109' title='bbox 741 1671 895 1751; x_wconf 76' lang='grc' dir='ltr'>πρηστῆρα</span> <span class='ocrx_word' id='word_1_110' title='bbox 927 1691 1003 1752; x_wconf 83' lang='grc' dir='ltr'>περι·</span> <span class='ocrx_word' id='word_1_111' title='bbox 1055 1669 1159 1750; x_wconf 84' lang='grc' dir='ltr'>ραυνοῡ</span> <span class='ocrx_word' id='word_1_112' title='bbox 1188 1666 1241 1748; x_wconf 79' lang='grc' dir='ltr'>τῆν</span> <span class='ocrx_word' id='word_1_113' title='bbox 1269 1664 1422 1728; x_wconf 89' lang='grc' dir='ltr'>ἀσθένειαν</span> <span class='ocrx_word' id='word_1_114' title='bbox 1445 1663 1485 1734; x_wconf 86' lang='grc' dir='ltr'>εἰς</span> <span class='ocrx_word' id='word_1_115' title='bbox 1515 1669 1668 1750; x_wconf 75' lang='grc' dir='ltr'>πρηστῆρα</span> 
     </span>
     <span class='ocr_line' id='line_1_14' title="bbox 389 1765 1238 1852; baseline 0.001 -24"><span class='ocrx_word' id='word_1_116' title='bbox 389 1765 509 1851; x_wconf 90' lang='grc' dir='ltr'>ίστησιν.</span> <span class='ocrx_word' id='word_1_117' title='bbox 1054 1767 1238 1852; x_wconf 87' lang='grc' dir='ltr'>περιίστησιν.</span> 
     </span>
    </p>

    <p class='ocr_par' dir='ltr' id='par_1_5' title="bbox 353 1866 1703 2366">
     <span class='ocr_line' id='line_1_15' title="bbox 353 1866 1666 1955; baseline 0 -23"><span class='ocrx_word' id='word_1_118' title='bbox 353 1887 377 1924; x_wconf 85' lang='lat'>1⁰</span> <span class='ocrx_word' id='word_1_119' title='bbox 429 1866 659 1955; x_wconf 76' lang='grc' dir='ltr'>Ἀναξαγόρας</span> <span class='ocrx_word' id='word_1_120' title='bbox 685 1875 752 1937; x_wconf 87' lang='grc' dir='ltr'>όταν</span> <span class='ocrx_word' id='word_1_121' title='bbox 775 1875 808 1936; x_wconf 89' lang='grc' dir='ltr'>τδ</span> <span class='ocrx_word' id='word_1_122' title='bbox 830 1871 939 1955; x_wconf 81' lang='grc' dir='ltr'>θερμὸν</span> <span class='ocrx_word' id='word_1_123' title='bbox 961 1871 1037 1945; x_wconf 80' lang='grc' dir='ltr'>είς4</span> <span class='ocrx_word' id='word_1_124' title='bbox 1094 1869 1335 1953; x_wconf 78' lang='grc' dir='ltr'>Ἀναξαγόρας,</span> <span class='ocrx_word' id='word_1_125' title='bbox 1370 1867 1437 1931; x_wconf 86' lang='grc' dir='ltr'>όταν</span> <span class='ocrx_word' id='word_1_126' title='bbox 1470 1867 1529 1952; x_wconf 69' lang='lat' dir='ltr'>(d)</span> <span class='ocrx_word' id='word_1_127' title='bbox 1559 1869 1666 1953; x_wconf 84' lang='grc' dir='ltr'>θερμὸν</span> 
     </span>
     <span class='ocr_line' id='line_1_16' title="bbox 387 1967 1665 2059; baseline 0.002 -27"><span class='ocrx_word' id='word_1_128' title='bbox 387 1971 421 2033; x_wconf 92' lang='grc' dir='ltr'>τδ</span> <span class='ocrx_word' id='word_1_129' title='bbox 448 1972 560 2057; x_wconf 83' lang='grc' dir='ltr'>ψυχρὸν</span> <span class='ocrx_word' id='word_1_130' title='bbox 588 1973 703 2058; x_wconf 83' lang='grc' dir='ltr'>ἐμπέση</span> <span class='ocrx_word' id='word_1_131' title='bbox 734 1972 832 2059; x_wconf 85' lang='grc' dir='ltr'>(τούτο</span> <span class='ocrx_word' id='word_1_132' title='bbox 860 1973 888 2037; x_wconf 84' lang='grc' dir='ltr'>δ’</span> <span class='ocrx_word' id='word_1_133' title='bbox 924 1975 1000 2038; x_wconf 82' lang='grc' dir='ltr'>ἐστὶν</span> <span class='ocrx_word' id='word_1_134' title='bbox 1052 1972 1092 2042; x_wconf 85' lang='grc' dir='ltr'>εἰς</span> <span class='ocrx_word' id='word_1_135' title='bbox 1115 1973 1148 2036; x_wconf 91' lang='grc' dir='ltr'>τδ</span> <span class='ocrx_word' id='word_1_136' title='bbox 1170 1973 1281 2058; x_wconf 78' lang='grc' dir='ltr'>ψυχρδν</span> <span class='ocrx_word' id='word_1_137' title='bbox 1296 1969 1412 2052; x_wconf 86' lang='grc' dir='ltr'>ἐμπέση</span> <span class='ocrx_word' id='word_1_138' title='bbox 1435 1967 1570 2054; x_wconf 84' lang='grc' dir='ltr'>(τούτοδ</span> <span class='ocrx_word' id='word_1_139' title='bbox 1590 1971 1665 2036; x_wconf 74' lang='grc' dir='ltr'>ἐστὶν</span> 
     </span>
     <span class='ocr_line' id='line_1_17' title="bbox 386 2069 1703 2162; baseline 0.002 -28"><span class='ocrx_word' id='word_1_140' title='bbox 386 2071 515 2158; x_wconf 79' lang='grc' dir='ltr'>αἰθέριον</span> <span class='ocrx_word' id='word_1_141' title='bbox 538 2075 624 2159; x_wconf 81' lang='grc' dir='ltr'>μέρος</span> <span class='ocrx_word' id='word_1_142' title='bbox 646 2076 687 2146; x_wconf 87' lang='grc' dir='ltr'>είς</span> <span class='ocrx_word' id='word_1_143' title='bbox 708 2073 860 2160; x_wconf 78' lang='grc' dir='ltr'>ἀερῶδες),</span> <span class='ocrx_word' id='word_1_144' title='bbox 881 2081 924 2162; x_wconf 79' lang='grc' dir='ltr'>τῷ</span> <span class='ocrx_word' id='word_1_145' title='bbox 948 2077 1000 2160; x_wconf 81' lang='grc' dir='ltr'>μὲν</span> <span class='ocrx_word' id='word_1_146' title='bbox 1051 2073 1180 2158; x_wconf 75' lang='grc' dir='ltr'>αἰθέριον</span> <span class='ocrx_word' id='word_1_147' title='bbox 1204 2073 1291 2156; x_wconf 84' lang='grc' dir='ltr'>μέρος</span> <span class='ocrx_word' id='word_1_148' title='bbox 1312 2071 1353 2140; x_wconf 82' lang='grc' dir='ltr'>εἰς</span> <span class='ocrx_word' id='word_1_149' title='bbox 1375 2069 1526 2155; x_wconf 80' lang='grc' dir='ltr'>ἀερῶδες),</span> <span class='ocrx_word' id='word_1_150' title='bbox 1549 2080 1591 2158; x_wconf 84' lang='grc' dir='ltr'>τῷ</span> <span class='ocrx_word' id='word_1_151' title='bbox 1613 2077 1665 2157; x_wconf 80' lang='grc' dir='ltr'>μὲν</span> <span class='ocrx_word' id='word_1_152' title='bbox 1679 2095 1703 2136; x_wconf 84' lang='grc' dir='ltr'>ιι</span> 
     </span>
     <span class='ocr_line' id='line_1_18' title="bbox 387 2173 1666 2263; baseline 0.003 -27"><span class='ocrx_word' id='word_1_153' title='bbox 387 2173 475 2259; x_wconf 85' lang='grc' dir='ltr'>ψόφιρ</span> <span class='ocrx_word' id='word_1_154' title='bbox 497 2176 549 2259; x_wconf 77' lang='grc' dir='ltr'>τῆν</span> <span class='ocrx_word' id='word_1_155' title='bbox 571 2177 692 2262; x_wconf 82' lang='grc' dir='ltr'>βροντὴν</span> <span class='ocrx_word' id='word_1_156' title='bbox 718 2181 867 2257; x_wconf 82' lang='grc' dir='ltr'>ἀποτελεῖ,</span> <span class='ocrx_word' id='word_1_157' title='bbox 896 2178 941 2263; x_wconf 77' lang='grc' dir='ltr'>τιηῖ</span> <span class='ocrx_word' id='word_1_158' title='bbox 968 2180 1001 2242; x_wconf 75' lang='grc' dir='ltr'>δὲ</span> <span class='ocrx_word' id='word_1_159' title='bbox 1052 2175 1139 2262; x_wconf 80' lang='grc' dir='ltr'>ψόφιμ</span> <span class='ocrx_word' id='word_1_160' title='bbox 1163 2174 1283 2262; x_wconf 76' lang='grc' dir='ltr'>βροντὴν</span> <span class='ocrx_word' id='word_1_161' title='bbox 1306 2173 1451 2250; x_wconf 83' lang='grc' dir='ltr'>ἀποτελεῖ,</span> <span class='ocrx_word' id='word_1_162' title='bbox 1473 2177 1516 2258; x_wconf 82' lang='grc' dir='ltr'>τῷ</span> <span class='ocrx_word' id='word_1_163' title='bbox 1540 2175 1573 2238; x_wconf 77' lang='grc' dir='ltr'>δὲ</span> <span class='ocrx_word' id='word_1_164' title='bbox 1587 2179 1666 2262; x_wconf 81' lang='grc' dir='ltr'>παρὰ</span> 
     </span>
     <span class='ocr_line' id='line_1_19' title="bbox 387 2273 1665 2366; baseline 0.002 -28"><span class='ocrx_word' id='word_1_165' title='bbox 387 2276 466 2359; x_wconf 79' lang='grc' dir='ltr'>παρὰ</span> <span class='ocrx_word' id='word_1_166' title='bbox 481 2277 533 2360; x_wconf 81' lang='grc' dir='ltr'>τὴν</span> <span class='ocrx_word' id='word_1_167' title='bbox 550 2279 685 2360; x_wconf 79' lang='grc' dir='ltr'>μελανίαν</span> <span class='ocrx_word' id='word_1_168' title='bbox 700 2285 752 2344; x_wconf 82' lang='grc' dir='ltr'>τοῦ</span> <span class='ocrx_word' id='word_1_169' title='bbox 764 2281 912 2366; x_wconf 78' lang='grc' dir='ltr'>νεφώδους</span> <span class='ocrx_word' id='word_1_170' title='bbox 923 2283 1000 2365; x_wconf 81' lang='grc' dir='ltr'>χρώ·</span> <span class='ocrx_word' id='word_1_171' title='bbox 1051 2278 1103 2362; x_wconf 80' lang='grc' dir='ltr'>τῆν</span> <span class='ocrx_word' id='word_1_172' title='bbox 1133 2275 1268 2359; x_wconf 84' lang='grc' dir='ltr'>μελανίαν</span> <span class='ocrx_word' id='word_1_173' title='bbox 1302 2277 1354 2337; x_wconf 86' lang='grc' dir='ltr'>τού</span> <span class='ocrx_word' id='word_1_174' title='bbox 1392 2273 1495 2359; x_wconf 87' lang='grc' dir='ltr'>νέφους</span> <span class='ocrx_word' id='word_1_175' title='bbox 1531 2280 1665 2361; x_wconf 83' lang='grc' dir='ltr'>χρώματι</span> 
     </span>
    </p>

    <p class='ocr_par' dir='ltr' id='par_1_6' title="bbox 354 2376 1700 2773">
     <span class='ocr_line' id='line_1_20' title="bbox 354 2376 1665 2467; baseline 0.002 -28"><span class='ocrx_word' id='word_1_176' title='bbox 354 2393 377 2432; x_wconf 78' lang='grc' dir='ltr'>ιι</span> <span class='ocrx_word' id='word_1_177' title='bbox 389 2399 457 2459; x_wconf 91' lang='grc' dir='ltr'>ματι</span> <span class='ocrx_word' id='word_1_178' title='bbox 472 2378 525 2461; x_wconf 82' lang='grc' dir='ltr'>τῆν</span> <span class='ocrx_word' id='word_1_179' title='bbox 540 2379 700 2464; x_wconf 83' lang='grc' dir='ltr'>ἀστραπήν,</span> <span class='ocrx_word' id='word_1_180' title='bbox 722 2388 764 2467; x_wconf 83' lang='grc' dir='ltr'>τῷ</span> <span class='ocrx_word' id='word_1_181' title='bbox 780 2383 813 2446; x_wconf 79' lang='grc' dir='ltr'>δὲ</span> <span class='ocrx_word' id='word_1_182' title='bbox 828 2382 935 2466; x_wconf 86' lang='grc' dir='ltr'>πλῆθει</span> <span class='ocrx_word' id='word_1_183' title='bbox 950 2384 998 2446; x_wconf 86' lang='grc' dir='ltr'>καὶ</span> <span class='ocrx_word' id='word_1_184' title='bbox 1051 2380 1104 2463; x_wconf 84' lang='grc' dir='ltr'>τὴν</span> <span class='ocrx_word' id='word_1_185' title='bbox 1126 2379 1288 2462; x_wconf 83' lang='grc' dir='ltr'>ἀστραπήν,</span> <span class='ocrx_word' id='word_1_186' title='bbox 1310 2381 1352 2460; x_wconf 80' lang='grc' dir='ltr'>τῷ</span> <span class='ocrx_word' id='word_1_187' title='bbox 1376 2376 1409 2440; x_wconf 85' lang='grc' dir='ltr'>δὲ</span> <span class='ocrx_word' id='word_1_188' title='bbox 1430 2376 1539 2460; x_wconf 83' lang='grc' dir='ltr'>πλήθει</span> <span class='ocrx_word' id='word_1_189' title='bbox 1555 2379 1603 2442; x_wconf 80' lang='grc' dir='ltr'>καὶ</span> <span class='ocrx_word' id='word_1_190' title='bbox 1618 2403 1665 2463; x_wconf 74' lang='grc' dir='ltr'>με</span> 
     </span>
     <span class='ocr_line' id='line_1_21' title="bbox 388 2477 1665 2570; baseline 0.004 -30"><span class='ocrx_word' id='word_1_191' title='bbox 388 2478 505 2560; x_wconf 78' lang='grc' dir='ltr'>μεγέθει</span> <span class='ocrx_word' id='word_1_192' title='bbox 527 2485 579 2544; x_wconf 83' lang='grc' dir='ltr'>τού</span> <span class='ocrx_word' id='word_1_193' title='bbox 602 2483 699 2566; x_wconf 89' lang='grc' dir='ltr'>φωτδς</span> <span class='ocrx_word' id='word_1_194' title='bbox 720 2485 769 2548; x_wconf 89' lang='grc' dir='ltr'>τδν</span> <span class='ocrx_word' id='word_1_195' title='bbox 785 2485 932 2568; x_wconf 88' lang='grc' dir='ltr'>κεραυνόν,</span> <span class='ocrx_word' id='word_1_196' title='bbox 954 2491 997 2570; x_wconf 86' lang='grc' dir='ltr'>τῷ</span> <span class='ocrx_word' id='word_1_197' title='bbox 1049 2480 1129 2564; x_wconf 84' lang='grc' dir='ltr'>γέθει</span> <span class='ocrx_word' id='word_1_198' title='bbox 1150 2484 1203 2544; x_wconf 81' lang='grc' dir='ltr'>τού</span> <span class='ocrx_word' id='word_1_199' title='bbox 1225 2479 1323 2564; x_wconf 85' lang='grc' dir='ltr'>φωτδς</span> <span class='ocrx_word' id='word_1_200' title='bbox 1340 2477 1389 2540; x_wconf 89' lang='grc' dir='ltr'>τδν</span> <span class='ocrx_word' id='word_1_201' title='bbox 1405 2479 1553 2561; x_wconf 90' lang='grc' dir='ltr'>κεραυνόν,</span> <span class='ocrx_word' id='word_1_202' title='bbox 1574 2486 1617 2567; x_wconf 80' lang='grc' dir='ltr'>τῷ</span> <span class='ocrx_word' id='word_1_203' title='bbox 1632 2483 1665 2546; x_wconf 83' lang='grc' dir='ltr'>δὲ</span> 
     </span>
     <span class='ocr_line' id='line_1_22' title="bbox 387 2579 1700 2671; baseline 0.002 -30"><span class='ocrx_word' id='word_1_204' title='bbox 387 2579 420 2642; x_wconf 79' lang='grc' dir='ltr'>δὲ</span> <span class='ocrx_word' id='word_1_205' title='bbox 433 2582 714 2670; x_wconf 80' lang='grc' dir='ltr'>πολυσωματωτέρῳ</span> <span class='ocrx_word' id='word_1_206' title='bbox 730 2587 797 2671; x_wconf 79' lang='grc' dir='ltr'>πυρὶ</span> <span class='ocrx_word' id='word_1_207' title='bbox 809 2587 858 2649; x_wconf 91' lang='grc' dir='ltr'>τδν</span> <span class='ocrx_word' id='word_1_208' title='bbox 869 2592 998 2671; x_wconf 83' lang='grc' dir='ltr'>τυφῶνα,</span> <span class='ocrx_word' id='word_1_209' title='bbox 1049 2579 1329 2665; x_wconf 81' lang='grc' dir='ltr'>πολυσωματωτέρῳ</span> <span class='ocrx_word' id='word_1_210' title='bbox 1359 2581 1425 2664; x_wconf 88' lang='grc' dir='ltr'>πυρὶ</span> <span class='ocrx_word' id='word_1_211' title='bbox 1455 2581 1504 2644; x_wconf 85' lang='grc' dir='ltr'>τὸν</span> <span class='ocrx_word' id='word_1_212' title='bbox 1534 2588 1700 2669; x_wconf 80' lang='grc' dir='ltr'>τυφῶνα,κο</span> 
     </span>
     <span class='ocr_line' id='line_1_23' title="bbox 385 2681 1606 2773; baseline 0.006 -30"><span class='ocrx_word' id='word_1_213' title='bbox 385 2686 428 2766; x_wconf 80' lang='grc' dir='ltr'>τῷ</span> <span class='ocrx_word' id='word_1_214' title='bbox 452 2682 484 2745; x_wconf 78' lang='grc' dir='ltr'>δὲ</span> <span class='ocrx_word' id='word_1_215' title='bbox 506 2686 688 2769; x_wconf 84' lang='grc' dir='ltr'>νεφελομιγεῖ</span> <span class='ocrx_word' id='word_1_216' title='bbox 707 2689 755 2750; x_wconf 84' lang='grc' dir='ltr'>τὸν</span> <span class='ocrx_word' id='word_1_217' title='bbox 778 2693 941 2773; x_wconf 86' lang='grc' dir='ltr'>πρηστῆρα.</span> <span class='ocrx_word' id='word_1_218' title='bbox 1049 2685 1093 2770; x_wconf 73' lang='grc' dir='ltr'>τῷ</span> <span class='ocrx_word' id='word_1_219' title='bbox 1115 2685 1148 2749; x_wconf 72' lang='grc' dir='ltr'>δέ</span> <span class='ocrx_word' id='word_1_220' title='bbox 1169 2685 1352 2768; x_wconf 82' lang='grc' dir='ltr'>νεφελομιγεῖ</span> <span class='ocrx_word' id='word_1_221' title='bbox 1371 2681 1420 2744; x_wconf 86' lang='grc' dir='ltr'>τδν</span> <span class='ocrx_word' id='word_1_222' title='bbox 1442 2689 1606 2770; x_wconf 79' lang='grc' dir='ltr'>πρηστῆρα.</span> 
     </span>
    </p>

    <p class='ocr_par' dir='ltr' id='par_1_7' title="bbox 1017 2783 1665 3076">
     <span class='ocr_line' id='line_1_24' title="bbox 1017 2783 1664 2872; baseline 0.002 -21"><span class='ocrx_word' id='word_1_223' title='bbox 1017 2797 1033 2852; x_wconf 83' lang='grc'>5</span> <span class='ocrx_word' id='word_1_224' title='bbox 1091 2785 1281 2871; x_wconf 85' lang='grc' dir='ltr'>Ἀρχέλαος</span> <span class='ocrx_word' id='word_1_225' title='bbox 1314 2783 1403 2848; x_wconf 87' lang='grc' dir='ltr'>ταύτδ</span> <span class='ocrx_word' id='word_1_226' title='bbox 1436 2784 1513 2868; x_wconf 87' lang='grc' dir='ltr'>λέγει</span> <span class='ocrx_word' id='word_1_227' title='bbox 1549 2810 1664 2872; x_wconf 89' lang='grc' dir='ltr'>παρατι-</span> 
     </span>
     <span class='ocr_line' id='line_1_25' title="bbox 1049 2886 1665 2970; baseline 0.005 -18"><span class='ocrx_word' id='word_1_228' title='bbox 1049 2889 1111 2960; x_wconf 79' lang='grc' dir='ltr'>θεὶς</span> <span class='ocrx_word' id='word_1_229' title='bbox 1139 2890 1172 2951; x_wconf 90' lang='grc' dir='ltr'>τδ</span> <span class='ocrx_word' id='word_1_230' title='bbox 1200 2891 1258 2950; x_wconf 86' lang='grc' dir='ltr'>τῶν</span> <span class='ocrx_word' id='word_1_231' title='bbox 1281 2886 1427 2970; x_wconf 89' lang='grc' dir='ltr'>διαπύρων</span> <span class='ocrx_word' id='word_1_232' title='bbox 1449 2889 1541 2952; x_wconf 89' lang='grc' dir='ltr'>λίθων</span> <span class='ocrx_word' id='word_1_233' title='bbox 1569 2891 1665 2954; x_wconf 86' lang='grc' dir='ltr'>καθιε·</span> 
     </span>
     <span class='ocr_line' id='line_1_26' title="bbox 1050 2989 1571 3076; baseline 0 -20"><span class='ocrx_word' id='word_1_234' title='bbox 1050 2992 1144 3075; x_wconf 83' lang='grc' dir='ltr'>μένων</span> <span class='ocrx_word' id='word_1_235' title='bbox 1167 2991 1208 3061; x_wconf 85' lang='grc' dir='ltr'>είς</span> <span class='ocrx_word' id='word_1_236' title='bbox 1230 2991 1341 3076; x_wconf 79' lang='grc' dir='ltr'>ψυχρὸν</span> <span class='ocrx_word' id='word_1_237' title='bbox 1366 2989 1444 3074; x_wconf 88' lang='grc' dir='ltr'>ύδωρ</span> <span class='ocrx_word' id='word_1_238' title='bbox 1466 2990 1571 3062; x_wconf 88' lang='grc' dir='ltr'>πάθος.</span> 
     </span>
    </p>

    <p class='ocr_par' dir='ltr' id='par_1_8' title="bbox 1017 3091 1701 3178">
     <span class='ocr_line' id='line_1_27' title="bbox 1017 3091 1701 3178; baseline -0.007 -20"><span class='ocrx_word' id='word_1_239' title='bbox 1017 3107 1032 3158; x_wconf 85' lang='grc'>6</span> <span class='ocrx_word' id='word_1_240' title='bbox 1094 3094 1296 3178; x_wconf 79' lang='grc' dir='ltr'>Ξενοφάνης</span> <span class='ocrx_word' id='word_1_241' title='bbox 1343 3091 1492 3174; x_wconf 85' lang='grc' dir='ltr'>ἀστραπὰς</span> <span class='ocrx_word' id='word_1_242' title='bbox 1535 3093 1701 3178; x_wconf 81' lang='grc' dir='ltr'>γίνεσθαιεε</span> 
     </span>
    </p>

    <p class='ocr_par' dir='ltr' id='par_1_9' title="bbox 973 3194 1662 3380">
     <span class='ocr_line' id='line_1_28' title="bbox 973 3194 1662 3282; baseline 0.004 -23"><span class='ocrx_word' id='word_1_243' title='bbox 973 3203 978 3214; x_wconf 93' lang='grc'><strong>’</strong></span> <span class='ocrx_word' id='word_1_244' title='bbox 1047 3194 1292 3280; x_wconf 90' lang='grc' dir='ltr'>λαμπρυνομένων</span> <span class='ocrx_word' id='word_1_245' title='bbox 1314 3197 1372 3257; x_wconf 84' lang='grc' dir='ltr'>τῶν</span> <span class='ocrx_word' id='word_1_246' title='bbox 1394 3200 1489 3280; x_wconf 86' lang='grc' dir='ltr'>νεφῶν</span> <span class='ocrx_word' id='word_1_247' title='bbox 1515 3197 1589 3262; x_wconf 79' lang='grc' dir='ltr'>κατὰ</span> <span class='ocrx_word' id='word_1_248' title='bbox 1610 3199 1662 3282; x_wconf 86' lang='grc' dir='ltr'>τῆν</span> 
     </span>
     <span class='ocr_line' id='line_1_29' title="bbox 1048 3297 1167 3380; baseline -0.017 -19"><span class='ocrx_word' id='word_1_249' title='bbox 1048 3297 1167 3380; x_wconf 87' lang='grc' dir='ltr'>κίνησιν.</span> 
     </span>
    </p>

    <p class='ocr_par' dir='ltr' id='par_1_10' title="bbox 1015 3395 1697 3991">
     <span class='ocr_line' id='line_1_30' title="bbox 1015 3395 1663 3486; baseline 0.003 -24"><span class='ocrx_word' id='word_1_250' title='bbox 1015 3410 1030 3462; x_wconf 79' lang='grc' dir='ltr'>’ί</span> <span class='ocrx_word' id='word_1_251' title='bbox 1089 3395 1329 3484; x_wconf 81' lang='grc' dir='ltr'>Ἐμπεδοκλῆς</span> <span class='ocrx_word' id='word_1_252' title='bbox 1349 3397 1496 3481; x_wconf 77' lang='grc' dir='ltr'>ἔμπτωσιν</span> <span class='ocrx_word' id='word_1_253' title='bbox 1511 3403 1608 3486; x_wconf 84' lang='grc' dir='ltr'>φωτὸς</span> <span class='ocrx_word' id='word_1_254' title='bbox 1623 3402 1663 3472; x_wconf 82' lang='grc' dir='ltr'>εἰς</span> 
     </span>
     <span class='ocr_line' id='line_1_31' title="bbox 1046 3498 1662 3588; baseline 0.008 -25"><span class='ocrx_word' id='word_1_255' title='bbox 1046 3499 1132 3586; x_wconf 89' lang='grc' dir='ltr'>νέφος</span> <span class='ocrx_word' id='word_1_256' title='bbox 1146 3498 1319 3584; x_wconf 79' lang='grc' dir='ltr'>ἐξείργοντος</span> <span class='ocrx_word' id='word_1_257' title='bbox 1333 3501 1382 3564; x_wconf 89' lang='grc' dir='ltr'>τδν</span> <span class='ocrx_word' id='word_1_258' title='bbox 1397 3501 1568 3566; x_wconf 83' lang='grc' dir='ltr'>ἀνθεστῶτοι</span> <span class='ocrx_word' id='word_1_259' title='bbox 1580 3505 1662 3588; x_wconf 86' lang='grc' dir='ltr'>ἀέρα,</span> 
     </span>
     <span class='ocr_line' id='line_1_32' title="bbox 1046 3601 1697 3690; baseline 0.003 -26"><span class='ocrx_word' id='word_1_260' title='bbox 1046 3601 1080 3664; x_wconf 85' lang='grc' dir='ltr'>ού</span> <span class='ocrx_word' id='word_1_261' title='bbox 1102 3603 1155 3685; x_wconf 82' lang='grc' dir='ltr'>τὴν</span> <span class='ocrx_word' id='word_1_262' title='bbox 1178 3603 1230 3684; x_wconf 80' lang='grc' dir='ltr'>μὲν</span> <span class='ocrx_word' id='word_1_263' title='bbox 1257 3602 1353 3687; x_wconf 91' lang='grc' dir='ltr'>σβέσιν</span> <span class='ocrx_word' id='word_1_264' title='bbox 1380 3605 1428 3666; x_wconf 82' lang='grc' dir='ltr'>καὶ</span> <span class='ocrx_word' id='word_1_265' title='bbox 1455 3605 1507 3688; x_wconf 84' lang='grc' dir='ltr'>τῆν</span> <span class='ocrx_word' id='word_1_266' title='bbox 1539 3606 1659 3690; x_wconf 78' lang='grc' dir='ltr'>θραύων</span> <span class='ocrx_word' id='word_1_267' title='bbox 1672 3627 1697 3666; x_wconf 79' lang='grc' dir='ltr'>τι</span> 
     </span>
     <span class='ocr_line' id='line_1_33' title="bbox 1046 3704 1661 3794; baseline 0.008 -27"><span class='ocrx_word' id='word_1_268' title='bbox 1046 3704 1153 3768; x_wconf 91' lang='grc' dir='ltr'>κτύπον</span> <span class='ocrx_word' id='word_1_269' title='bbox 1176 3705 1401 3787; x_wconf 72' lang='grc' dir='ltr'>ἀπεργάζεσθαι,</span> <span class='ocrx_word' id='word_1_270' title='bbox 1423 3707 1476 3790; x_wconf 77' lang='grc' dir='ltr'>τὴν</span> <span class='ocrx_word' id='word_1_271' title='bbox 1499 3709 1531 3771; x_wconf 85' lang='grc' dir='ltr'>δὲ</span> <span class='ocrx_word' id='word_1_272' title='bbox 1554 3710 1661 3794; x_wconf 77' lang='grc' dir='ltr'>λάμφιν</span> 
     </span>
     <span class='ocr_line' id='line_1_34' title="bbox 1047 3805 1661 3895; baseline 0.013 -28"><span class='ocrx_word' id='word_1_273' title='bbox 1047 3805 1207 3890; x_wconf 79' lang='grc' dir='ltr'>ἀστραπήν,</span> <span class='ocrx_word' id='word_1_274' title='bbox 1229 3809 1366 3890; x_wconf 83' lang='grc' dir='ltr'>κεραυνὸν</span> <span class='ocrx_word' id='word_1_275' title='bbox 1381 3807 1414 3870; x_wconf 79' lang='grc' dir='ltr'>δὲ</span> <span class='ocrx_word' id='word_1_276' title='bbox 1428 3809 1477 3871; x_wconf 85' lang='grc' dir='ltr'>τὸν</span> <span class='ocrx_word' id='word_1_277' title='bbox 1492 3814 1544 3893; x_wconf 89' lang='grc' dir='ltr'>τῆς</span> <span class='ocrx_word' id='word_1_278' title='bbox 1560 3812 1661 3895; x_wconf 87' lang='grc' dir='ltr'>ἀστρα-</span> 
     </span>
     <span class='ocr_line' id='line_1_35' title="bbox 1047 3907 1216 3991; baseline -0.041 -17"><span class='ocrx_word' id='word_1_279' title='bbox 1047 3912 1104 3991; x_wconf 81' lang='grc' dir='ltr'>πῆς</span> <span class='ocrx_word' id='word_1_280' title='bbox 1124 3907 1216 3970; x_wconf 90' lang='grc' dir='ltr'>τόνον.</span> 
     </span>
    </p>

    <p class='ocr_par' dir='ltr' id='par_1_11' title="bbox 1012 4008 1696 4206">
     <span class='ocr_line' id='line_1_36' title="bbox 1012 4008 1662 4098; baseline -0.003 -26"><span class='ocrx_word' id='word_1_281' title='bbox 1012 4032 1029 4084; x_wconf 78' lang='lat'>3</span> <span class='ocrx_word' id='word_1_282' title='bbox 1090 4009 1258 4092; x_wconf 83' lang='grc' dir='ltr'>Διογένης</span> <span class='ocrx_word' id='word_1_283' title='bbox 1280 4008 1427 4094; x_wconf 84' lang='grc' dir='ltr'>ἔμπτωσιν</span> <span class='ocrx_word' id='word_1_284' title='bbox 1449 4017 1538 4098; x_wconf 86' lang='grc' dir='ltr'>πυρὸς</span> <span class='ocrx_word' id='word_1_285' title='bbox 1557 4017 1598 4087; x_wconf 83' lang='grc' dir='ltr'>είς</span> <span class='ocrx_word' id='word_1_286' title='bbox 1620 4019 1662 4081; x_wconf 79' lang='grc' dir='ltr'>νέ.</span> 
     </span>
     <span class='ocr_line' id='line_1_37' title="bbox 1046 4113 1696 4206; baseline 0.014 -9"><span class='ocrx_word' id='word_1_287' title='bbox 1046 4135 1100 4197; x_wconf 66' lang='grc' dir='ltr'>νοτ</span> <span class='ocrx_word' id='word_1_288' title='bbox 1130 4113 1231 4198; x_wconf 68' lang='grc' dir='ltr'>ὑιιόν,</span> <span class='ocrx_word' id='word_1_289' title='bbox 1265 4114 1385 4199; x_wconf 68' lang='grc' dir='ltr'>βροντὴν</span> <span class='ocrx_word' id='word_1_290' title='bbox 1417 4117 1469 4198; x_wconf 71' lang='grc' dir='ltr'>μὲν</span> <span class='ocrx_word' id='word_1_291' title='bbox 1497 4119 1538 4200; x_wconf 77' lang='grc' dir='ltr'>τύ</span> <span class='ocrx_word' id='word_1_292' title='bbox 1564 4121 1696 4206; x_wconf 70' lang='grc' dir='ltr'>σβέσειν</span> 
     </span>
    </p>
   </div>
   <div class='ocr_carea' id='block_1_2' title="bbox 1047 4284 1247 4293">
    <p class='ocr_par' dir='ltr' id='par_1_12' title="bbox 1047 4284 1247 4293">
     <span class='ocr_line' id='line_1_38' title="bbox 1047 4284 1247 4293; baseline 0.005 -2"><span class='ocrx_word' id='word_1_293' title='bbox 1047 4284 1247 4293; x_wconf 58' lang='grc' dir='ltr'>-ι--η--ι</span> 
     </span>
    </p>
   </div>
   <div class='ocr_carea' id='block_1_3' title="bbox 337 4377 1680 5059">
    <p class='ocr_par' dir='ltr' id='par_1_13' title="bbox 337 4377 1680 5059">
     <span class='ocr_line' id='line_1_39' title="bbox 377 4377 1551 4455; baseline 0.009 -26"><span class='ocrx_word' id='word_1_294' title='bbox 377 4379 387 4430; x_wconf 97' lang='grc'><strong>1</strong></span> <span class='ocrx_word' id='word_1_295' title='bbox 409 4377 443 4436; x_wconf 83' lang='grc' dir='ltr'>είς</span> <span class='ocrx_word' id='word_1_296' title='bbox 461 4383 548 4432; x_wconf 88' lang='grc' dir='ltr'>οιιι.Β</span> <span class='ocrx_word' id='word_1_297' title='bbox 573 4381 585 4450; x_wconf 77' lang='grc' dir='ltr'>Η</span> <span class='ocrx_word' id='word_1_298' title='bbox 611 4381 627 4433; x_wconf 80' lang='lat'><strong>2</strong></span> <span class='ocrx_word' id='word_1_299' title='bbox 651 4381 679 4434; x_wconf 90' lang='grc' dir='ltr'>τὸ</span> <span class='ocrx_word' id='word_1_300' title='bbox 703 4386 839 4452; x_wconf 84' lang='grc' dir='ltr'>πνεῦμαΒ</span> <span class='ocrx_word' id='word_1_301' title='bbox 862 4386 874 4454; x_wconf 83' lang='grc' dir='ltr'>ΙΙ</span> <span class='ocrx_word' id='word_1_302' title='bbox 901 4385 994 4455; x_wconf 75' lang='grc' dir='ltr'>ῧπρο-</span> <span class='ocrx_word' id='word_1_303' title='bbox 1085 4385 1096 4436; x_wconf 99' lang='grc'><strong>1</strong></span> <span class='ocrx_word' id='word_1_304' title='bbox 1117 4387 1196 4436; x_wconf 82' lang='grc' dir='ltr'>ταῦτα</span> <span class='ocrx_word' id='word_1_305' title='bbox 1213 4387 1287 4436; x_wconf 87' lang='grc' dir='ltr'>τούτο</span> <span class='ocrx_word' id='word_1_306' title='bbox 1307 4389 1344 4437; x_wconf 77' lang='lat' dir='ltr'>A:</span> <span class='ocrx_word' id='word_1_307' title='bbox 1364 4403 1429 4440; x_wconf 85' lang='lat' dir='ltr'><strong>corr.</strong></span> <span class='ocrx_word' id='word_1_308' title='bbox 1450 4392 1551 4442; x_wconf 82' lang='grc' dir='ltr'>Ηεειειι</span> 
     </span>
     <span class='ocr_line' id='line_1_40' title="bbox 339 4464 1473 4542; baseline 0.008 -24"><span class='ocrx_word' id='word_1_309' title='bbox 339 4466 465 4536; x_wconf 81' lang='grc' dir='ltr'>λαμβάνον</span> <span class='ocrx_word' id='word_1_310' title='bbox 484 4469 506 4518; x_wconf 86' lang='lat' dir='ltr'>C</span> <span class='ocrx_word' id='word_1_311' title='bbox 527 4464 541 4536; x_wconf 70' lang='grc'>11</span> <span class='ocrx_word' id='word_1_312' title='bbox 564 4469 596 4521; x_wconf 83' lang='grc'>14</span> <span class='ocrx_word' id='word_1_313' title='bbox 614 4471 646 4520; x_wconf 84' lang='lat' dir='ltr'>de</span> <span class='ocrx_word' id='word_1_314' title='bbox 664 4471 710 4532; x_wconf 70' lang='lat'>§4</span> <span class='ocrx_word' id='word_1_315' title='bbox 728 4473 758 4523; x_wconf 82' lang='lat' dir='ltr'>cf.</span> <span class='ocrx_word' id='word_1_316' title='bbox 779 4475 849 4525; x_wconf 78' lang='lat' dir='ltr'><strong>Ptol.</strong></span> <span class='ocrx_word' id='word_1_317' title='bbox 868 4493 891 4540; x_wconf 89' lang='lat' dir='ltr'>p.</span> <span class='ocrx_word' id='word_1_318' title='bbox 911 4473 959 4527; x_wconf 84' lang='lat'>139</span> <span class='ocrx_word' id='word_1_319' title='bbox 980 4473 992 4542; x_wconf 71' lang='grc' dir='ltr'>β</span> <span class='ocrx_word' id='word_1_320' title='bbox 1082 4472 1097 4524; x_wconf 87' lang='grc'><strong>7</strong></span> <span class='ocrx_word' id='word_1_321' title='bbox 1117 4479 1209 4542; x_wconf 80' lang='grc' dir='ltr'>σεισμῷ</span> <span class='ocrx_word' id='word_1_322' title='bbox 1228 4475 1267 4524; x_wconf 66' lang='lat' dir='ltr'>Ax</span> <span class='ocrx_word' id='word_1_323' title='bbox 1287 4489 1352 4525; x_wconf 81' lang='lat' dir='ltr'><strong>corr.</strong></span> <span class='ocrx_word' id='word_1_324' title='bbox 1372 4477 1473 4527; x_wconf 79' lang='grc' dir='ltr'>Ηεειειι</span> 
     </span>
     <span class='ocr_line' id='line_1_41' title="bbox 341 4553 1422 4630; baseline 0.006 -23"><span class='ocrx_word' id='word_1_325' title='bbox 341 4556 370 4607; x_wconf 97' lang='grc'>11</span> <span class='ocrx_word' id='word_1_326' title='bbox 395 4553 424 4606; x_wconf 84' lang='grc' dir='ltr'>τὸ</span> <span class='ocrx_word' id='word_1_327' title='bbox 451 4565 510 4622; x_wconf 82' lang='lat' dir='ltr'><strong>post</strong></span> <span class='ocrx_word' id='word_1_328' title='bbox 532 4554 567 4612; x_wconf 87' lang='grc' dir='ltr'>είς</span> <span class='ocrx_word' id='word_1_329' title='bbox 590 4572 641 4608; x_wconf 88' lang='lat' dir='ltr'>om.</span> <span class='ocrx_word' id='word_1_330' title='bbox 667 4559 688 4610; x_wconf 85' lang='lat' dir='ltr'>O</span> <span class='ocrx_word' id='word_1_331' title='bbox 718 4555 731 4626; x_wconf 75' lang='grc' dir='ltr'>β</span> <span class='ocrx_word' id='word_1_332' title='bbox 756 4560 790 4611; x_wconf 85' lang='grc'>14</span> <span class='ocrx_word' id='word_1_333' title='bbox 812 4559 995 4630; x_wconf 80' lang='grc' dir='ltr'>παρὰ-νεφιύ-</span> <span class='ocrx_word' id='word_1_334' title='bbox 1086 4561 1117 4612; x_wconf 89' lang='grc'>13</span> <span class='ocrx_word' id='word_1_335' title='bbox 1135 4559 1164 4611; x_wconf 88' lang='grc' dir='ltr'>τδ</span> <span class='ocrx_word' id='word_1_336' title='bbox 1183 4563 1282 4612; x_wconf 79' lang='lat' dir='ltr'><strong>addidit</strong></span> <span class='ocrx_word' id='word_1_337' title='bbox 1301 4565 1422 4614; x_wconf 78' lang='lat' dir='ltr'>Meineke</span> 
     </span>
     <span class='ocr_line' id='line_1_42' title="bbox 338 4640 1680 4721; baseline 0.009 -29"><span class='ocrx_word' id='word_1_338' title='bbox 338 4640 394 4698; x_wconf 90' lang='grc' dir='ltr'>δους</span> <span class='ocrx_word' id='word_1_339' title='bbox 424 4652 554 4707; x_wconf 76' lang='lat' dir='ltr'><strong>tamquam</strong></span> <span class='ocrx_word' id='word_1_340' title='bbox 584 4659 617 4694; x_wconf 80' lang='lat' dir='ltr'>ox</span> <span class='ocrx_word' id='word_1_341' title='bbox 647 4645 661 4709; x_wconf 75' lang='grc' dir='ltr'><strong>ξ</strong></span> <span class='ocrx_word' id='word_1_342' title='bbox 685 4645 698 4696; x_wconf 97' lang='grc'><strong>1</strong></span> <span class='ocrx_word' id='word_1_343' title='bbox 728 4651 863 4712; x_wconf 80' lang='lat' dir='ltr'>repetitum</span> <span class='ocrx_word' id='word_1_344' title='bbox 891 4653 995 4701; x_wconf 78' lang='lat' dir='ltr'>seclusit</span> <span class='ocrx_word' id='word_1_345' title='bbox 1082 4647 1117 4699; x_wconf 78' lang='lat'>20</span> <span class='ocrx_word' id='word_1_346' title='bbox 1135 4646 1198 4699; x_wconf 81' lang='grc' dir='ltr'>πολύ</span> <span class='ocrx_word' id='word_1_347' title='bbox 1217 4649 1396 4718; x_wconf 85' lang='grc' dir='ltr'>σωματωτέρω</span> <span class='ocrx_word' id='word_1_348' title='bbox 1415 4653 1449 4702; x_wconf 86' lang='lat' dir='ltr'>C:</span> <span class='ocrx_word' id='word_1_349' title='bbox 1468 4650 1680 4721; x_wconf 64' lang='grc' dir='ltr'>πολυσωμάτῳβ</span> 
     </span>
     <span class='ocr_line' id='line_1_43' title="bbox 337 4727 1471 4806; baseline 0.009 -26"><span class='ocrx_word' id='word_1_350' title='bbox 337 4731 408 4780; x_wconf 79' lang='lat' dir='ltr'>Beck</span> <span class='ocrx_word' id='word_1_351' title='bbox 430 4728 443 4798; x_wconf 70' lang='grc' dir='ltr'>ίΙ</span> <span class='ocrx_word' id='word_1_352' title='bbox 464 4727 580 4798; x_wconf 80' lang='grc' dir='ltr'>μελανίαν</span> <span class='ocrx_word' id='word_1_353' title='bbox 598 4733 642 4781; x_wconf 83' lang='grc' dir='ltr'>τού</span> <span class='ocrx_word' id='word_1_354' title='bbox 660 4730 783 4800; x_wconf 85' lang='grc' dir='ltr'>χρώματα</span> <span class='ocrx_word' id='word_1_355' title='bbox 802 4734 845 4798; x_wconf 84' lang='grc' dir='ltr'>[εκ</span> <span class='ocrx_word' id='word_1_356' title='bbox 860 4735 995 4806; x_wconf 84' lang='grc' dir='ltr'>χρώματος</span> <span class='ocrx_word' id='word_1_357' title='bbox 1082 4733 1116 4786; x_wconf 76' lang='lat'>22</span> <span class='ocrx_word' id='word_1_358' title='bbox 1134 4739 1209 4786; x_wconf 85' lang='grc' dir='ltr'>τούτο</span> <span class='ocrx_word' id='word_1_359' title='bbox 1229 4739 1265 4787; x_wconf 84' lang='grc' dir='ltr'>Αι</span> <span class='ocrx_word' id='word_1_360' title='bbox 1286 4753 1350 4787; x_wconf 81' lang='lat' dir='ltr'><strong>corr.</strong></span> <span class='ocrx_word' id='word_1_361' title='bbox 1370 4741 1471 4790; x_wconf 82' lang='grc' dir='ltr'>Ηεειειι</span> 
     </span>
     <span class='ocr_line' id='line_1_44' title="bbox 338 4816 1533 4891; baseline 0.008 -23"><span class='ocrx_word' id='word_1_362' title='bbox 338 4819 394 4868; x_wconf 72' lang='lat' dir='ltr'>ead.</span> <span class='ocrx_word' id='word_1_363' title='bbox 413 4835 446 4868; x_wconf 88' lang='lat' dir='ltr'>m.</span> <span class='ocrx_word' id='word_1_364' title='bbox 466 4816 544 4880; x_wconf 63' lang='lat' dir='ltr'>corn]</span> <span class='ocrx_word' id='word_1_365' title='bbox 567 4821 612 4868; x_wconf 83' lang='grc' dir='ltr'>τού</span> <span class='ocrx_word' id='word_1_366' title='bbox 635 4819 722 4886; x_wconf 87' lang='grc' dir='ltr'>νέφους</span> <span class='ocrx_word' id='word_1_367' title='bbox 746 4819 792 4888; x_wconf 81' lang='grc' dir='ltr'>τὴν</span> <span class='ocrx_word' id='word_1_368' title='bbox 811 4820 939 4891; x_wconf 80' lang='grc' dir='ltr'>ἀστραπήν</span> <span class='ocrx_word' id='word_1_369' title='bbox 958 4826 991 4874; x_wconf 86' lang='grc' dir='ltr'>Βι</span> <span class='ocrx_word' id='word_1_370' title='bbox 1081 4821 1114 4873; x_wconf 76' lang='lat'>34</span> <span class='ocrx_word' id='word_1_371' title='bbox 1134 4820 1276 4891; x_wconf 82' lang='grc' dir='ltr'>έμπύριυσιν</span> <span class='ocrx_word' id='word_1_372' title='bbox 1294 4827 1331 4874; x_wconf 79' lang='lat' dir='ltr'>A:</span> <span class='ocrx_word' id='word_1_373' title='bbox 1351 4841 1417 4876; x_wconf 83' lang='lat' dir='ltr'><strong>corr.</strong></span> <span class='ocrx_word' id='word_1_374' title='bbox 1437 4827 1533 4877; x_wconf 76' lang='lat' dir='ltr'>Cantor</span> 
     </span>
     <span class='ocr_line' id='line_1_45' title="bbox 337 4902 996 4976; baseline 0.008 -22"><span class='ocrx_word' id='word_1_375' title='bbox 337 4913 405 4954; x_wconf 81' lang='grc' dir='ltr'>τεαιε</span> <span class='ocrx_word' id='word_1_376' title='bbox 428 4902 498 4968; x_wconf 81' lang='grc' dir='ltr'>(Δ)Ο</span> <span class='ocrx_word' id='word_1_377' title='bbox 525 4902 537 4974; x_wconf 73' lang='grc' dir='ltr'>β</span> <span class='ocrx_word' id='word_1_378' title='bbox 568 4905 599 4959; x_wconf 94' lang='grc'>18</span> <span class='ocrx_word' id='word_1_379' title='bbox 622 4902 775 4974; x_wconf 83' lang='grc' dir='ltr'>νεφελομιγεῖ</span> <span class='ocrx_word' id='word_1_380' title='bbox 792 4909 826 4958; x_wconf 91' lang='lat' dir='ltr'>B:</span> <span class='ocrx_word' id='word_1_381' title='bbox 851 4906 996 4976; x_wconf 82' lang='grc' dir='ltr'>νεφελοειδεῖ</span> 
     </span>
     <span class='ocr_line' id='line_1_46' title="bbox 338 4991 639 5059; baseline 0.013 -18"><span class='ocrx_word' id='word_1_382' title='bbox 338 4991 411 5042; x_wconf 77' lang='lat' dir='ltr'>GAc</span> <span class='ocrx_word' id='word_1_383' title='bbox 430 4994 460 5042; x_wconf 82' lang='grc' dir='ltr'>εί,</span> <span class='ocrx_word' id='word_1_384' title='bbox 480 4995 549 5044; x_wconf 88' lang='lat' dir='ltr'>Prol.</span> <span class='ocrx_word' id='word_1_385' title='bbox 568 5011 592 5059; x_wconf 87' lang='lat' dir='ltr'>p.</span> <span class='ocrx_word' id='word_1_386' title='bbox 606 4991 639 5045; x_wconf 81' lang='lat'>35</span> 
     </span>
    </p>
   </div>
   <div class='ocr_carea' id='block_1_4' title="bbox 0 0 1888 5736">
    <p class='ocr_par' dir='ltr' id='par_1_14' title="bbox 0 0 1888 5736">
     <span class='ocr_line' id='line_1_47' title="bbox 0 0 1888 5736; baseline 0 2"><span class='ocrx_word' id='word_1_387' title='bbox 0 0 1888 5736; x_wconf 95' lang='lat' dir='ltr'> </span> 
     </span>
    </p>
   </div>
  </div>
 </body>
</html>
