3710 5730
676 437 952 492 ruonnsounun
1133 481 1135 486 .
1448 439 1487 502 ῃ

209 604 276 672 seu
305 603 412 669 omnia
441 603 522 670 hacc
552 623 635 688 quae
662 603 782 670 contuli
810 623 876 668 non
899 603 1074 689 sufficiunt,
1102 603 1219 686 quibus
1247 603 1356 685 opinio
1379 614 1489 672 nostra

123 713 217 772 extra
239 727 367 772 omncm
389 706 560 772 dubitandi
582 707 689 772 aleam
707 712 855 790 ponatur.
889 726 965 772 nam
987 729 1059 773 cum
1075 706 1226 772 liberiore
1242 705 1382 786 quadam
1397 727 1490 790 para-

123 809 235 893 phrasi
257 809 380 874 Ariana
404 808 505 874 verba
535 809 824 891 circumscriberet,
855 809 942 891 quod
969 829 1008 875 ex
1036 809 1091 874 illo
1118 809 1299 891 fragmento
1328 808 1489 892 discimus,

122 911 201 994 quid
228 911 410 996 impedivit,
439 911 609 994 quominus
636 930 715 976 suae
737 911 838 977 aetati
859 911 1053 978 inserviret?
1084 911 1230 976 Zellerus
1252 909 1380 992 quidem
1402 911 1488 977 ΙΙ12

122 1035 153 1099 p.
172 1015 234 1080 191
258 1013 554 1098 pythagorissantis
581 1013 743 1078 Platonici
769 1014 907 1096 vestigia
934 1020 1048 1098 aperta
1074 1012 1135 1078 sibi
1162 1010 1325 1076 invenisse
1351 1011 1487 1078 ridetur.

122 1116 211 1183 idem
242 1115 320 1181 mihi
351 1137 418 1181 non
449 1115 590 1199 contigit
636 1122 777 1182 ceterum
799 1116 870 1200 ipse
898 1117 980 1182 llll
1011 1137 1042 1200 p.
1060 1117 1122 1182 725
1152 1113 1337 1179 eclecticam
1364 1120 1489 1180 tantum

122 1218 221 1284 modo
237 1218 398 1284 rationem
413 1217 539 1284 Alcinoi
555 1217 691 1284 taxamt.
709 1219 717 1250 ¹
750 1225 905 1301 quantum
920 1220 1017 1303 igitur
1035 1217 1208 1303 peculiaris
1229 1215 1395 1281 doctrinae
1413 1217 1489 1283 illuc

123 1319 289 1387 affluxerit
316 1319 522 1404 peritioribus
549 1320 695 1403 relinquo
723 1320 767 1385 ad
794 1319 1072 1386 diiudicandum.²
1115 1319 1193 1384 mihi
1220 1339 1297 1384 vero
1324 1339 1389 1384 non
1416 1321 1488 1386 leve

121 1423 343 1489 testimonium
366 1423 540 1490 videbatur
562 1422 705 1506 originis,
728 1423 815 1505 quod
836 1423 950 1489 Ariani
977 1423 1062 1489 tituli
1086 1421 1198 1486 similis
1224 1427 1273 1486 est
1295 1421 1420 1485 Alcinoi
1443 1421 1488 1486 in-

121 1524 255 1609 scriptio
279 1523 419 1610 Ἐπιτομὴ
448 1531 506 1590 τῶν
535 1525 689 1595 Πλάτωνος
718 1528 888 1608 δογμάτων,
923 1545 1019 1608 quam
1046 1543 1144 1608 supra
1176 1542 1217 1588 ex
1245 1521 1487 1616 vindobonensi

122 1625 347 1710 antiquissimo
370 1627 498 1711 protuli.

210 1727 391 1795 Stoicorum
413 1729 525 1796 libello
547 1731 763 1814 largissimam
786 1751 924 1796 messem
946 1729 1198 1812 fragmentorum
1220 1725 1268 1813 [fr.
1287 1726 1424 1815 18-40]
1448 1749 1488 1794 ex

122 1830 259 1898 Stobaei
281 1832 425 1916 physicis
446 1833 654 1918 restituimus,
678 1851 762 1916 quae
777 1833 907 1916 egregie
922 1830 1178 1900 Eusebianorum
1192 1830 1391 1914 paucitatem
1405 1851 1488 1896 com-

121 1935 226 2018 plent.
261 1935 401 2000 citantur
424 1933 525 2002 Stoici
547 1933 634 2001 Zeno
658 1933 834 2002 Cleanthes
857 1933 1058 2019 Chrysippus
1080 1933 1256 1998 Panaetius
1277 1933 1488 2000 Mnesarchus

120 2036 342 2120 Apollodorus
371 2035 574 2102 Posidonius.
619 2037 830 2120 insignisset
861 2055 1037 2102 consensus
1065 2034 1104 2100 fr.
1121 2036 1160 2100 31
1188 2035 1229 2101 de
1262 2036 1381 2102 mundo
1414 2057 1486 2102 cum

121 2138 308 2205 Aristotelis
323 2138 490 2224 personati
505 2139 547 2204 de
562 2138 681 2204 mundo
705 2159 731 2204 c.
745 2141 765 2205 2
788 2140 843 2223 qui
858 2137 965 2204 verbis
981 2137 1192 2222 aliquantum,
1214 2137 1311 2204 rebus
1326 2145 1359 2204 at
1374 2139 1486 2206 ordine

120 2240 194 2306 fere
215 2241 297 2306 nihil
311 2243 420 2308 distat.
453 2241 506 2307 hic
528 2241 613 2308 enim
634 2239 759 2323 frigidis
782 2240 932 2324 ampullis
954 2239 1069 2306 eadem
1085 2239 1303 2306 Posidoniana
1326 2239 1376 2327 [cl.
1397 2263 1427 2325 p.
1444 2244 1483 2306 21

119 2343 231 2408 Zeller
245 2345 294 2410 ΠΙ
310 2347 338 2429 1,
355 2342 430 2431 572]
453 2343 632 2428 exornavit,
657 2361 741 2426 quac
763 2349 894 2409 servata
909 2341 1064 2408 orationis
1079 2341 1285 2425 simplicitate
1300 2343 1487 2428 compilarit

119 2444 230 2512 Arius.

211 2547 417 2614 aristotelica
436 2547 572 2634 physica
587 2545 636 2634 [fr.
648 2546 766 2636 2-17]
782 2547 891 2614 Stoico
908 2547 1017 2612 colore
1032 2546 1143 2630 tincta,
1166 2533 1235 2614 sed*
1247 2567 1288 2614 ex
1302 2547 1485 2616 Aristotelis

120 2649 384 2733 meteorologicis
411 2651 600 2734 plerumque
626 2650 718 2716 libris
745 2651 824 2716 satis
846 2655 996 2716 accurate
1019 2657 1172 2733 excerpta
1194 2670 1266 2716 esse
1288 2670 1386 2734 snpra
1408 2651 1485 2716 dixi.

122 2759 259 2836 propter
280 2753 365 2818 hanc
387 2753 709 2836 meteorologicorum
731 2752 970 2819 enarrationem
993 2751 1090 2818 etiam
1112 2752 1287 2836 separatim
1310 2753 1337 2816 is
1357 2753 1485 2819 libellus

119 2853 312 2920 tradebatur
339 2861 396 2920 aut
423 2861 510 2921 certo
537 2855 707 2922 citabatur.
752 2853 936 2920 Priscianus
958 2852 1087 2936 quidem
1110 2854 1221 2939 Lydus
1243 2855 1485 2936 quaestionibus

118 2958 190 3023 suis
219 2958 263 3022 ad
293 2956 470 3023 Ohosroem
500 2977 625 3043 regem,
656 2958 733 3024 dum
764 2958 940 3024 electorum
967 2955 1156 3038 scriptorum
1183 2955 1420 3022 multitudinem
1449 2977 1485 3021 se

118 3059 313 3126 adhibuisse
340 3079 425 3125 rana
450 3059 627 3128 iactatione
649 3061 779 3126 simulat
794 3061 814 3144 ³,
846 3083 877 3144 p.
896 3059 958 3124 553
981 3057 1102 3125 Plotini
1123 3057 1303 3123 Didotiani:
1334 3063 1384 3123 usi
1406 3079 1486 3142 qao-

117 3183 180 3244 que
202 3183 318 3240 mmus,
335 3162 449 3247 inquit,
470 3165 598 3228 utilibus
613 3183 693 3246 quae
707 3173 779 3227 sumt
794 3184 834 3226 ec
849 3163 1012 3227 Strabonis
1025 3163 1226 3244 peoprnpbia,
1250 3162 1363 3225 Lavini
1384 3158 1416 3246 [l.
1431 3160 1485 3225 Al·

116 3261 200 3351 bini]
230 3287 269 3329 cc
292 3269 364 3330 Gaii
390 3268 505 3330 scholis
530 3267 759 3348 ceemploribas
780 3267 1011 3329 Platonicorum
1039 3266 1223 3346 dogmatum.
1271 3267 1372 3328 adhuc
1393 3267 1485 3327 etiam

116 3378 290 3432 commento
314 3371 433 3432 Gemini
448 3370 610 3433 Posidonii
632 3370 670 3432 de
692 3370 846 3452 μετεώρων
870 3379 897 3431 et
912 3369 1080 3432 Ptolemaei
1100 3371 1292 3449 geographia
1313 3370 1352 3430 de
1374 3369 1485 3430 clima-

116 3471 202 3534 tibus
225 3481 253 3534 et
275 3473 380 3553 siquid
400 3474 476 3536 utile
497 3473 586 3536 nohis
609 3493 650 3537 ex
669 3472 894 3534 astronomicis
916 3473 1076 3550 apparuit,
1100 3471 1314 3552 Marcioaiquc
1334 3471 1486 3551 pariepesi

115 3583 145 3635 et
163 3575 320 3657 perscipue
344 3576 523 3648 Arriani,
547 3575 778 3655 Didpmcque
800 3573 844 3634 de
866 3573 1073 3636 Aristotele
1095 3584 1128 3635 et
1150 3575 1276 3653 ipsios
1297 3575 1485 3652 scriptore

116 3795 229 3866 ἄρξομαι
246 3794 270 3846 d'
292 3793 405 3848 ἑντείνθιν
428 3799 509 3848 simile
536 3809 576 3848 est
593 3797 663 3862 apud
686 3797 771 3846 Alciu.
792 3813 813 3845 c.
829 3795 858 3845 ll
880 3793 920 3844 itti
939 3791 965 3845 δὲ
983 3793 1026 3846 τὸν
1043 3793 1196 3862 solodurum
1214 3795 1317 3864 φυσικὸν
1334 3795 1410 3847 τόπον
1429 3792 1485 3864 ἑξῆς

116 3885 252 3953 χωρητέον
271 3881 384 3936 ἐντεῦθέν
403 3881 479 3936 ποθεν
498 3880 650 3951 ἀρξαμένοις.

196 3968 203 3999 ¹
224 3985 290 4033 quae
310 3989 331 4023 c.
346 3971 377 4026 15
395 3975 427 4023 ‹le
441 3973 609 4023 daemonibus
623 3972 783 4036 disputantur
796 3973 945 4036 plerumque
959 3969 1104 4022 Stoicorum
1117 3981 1184 4022 sunt.
1212 3987 1272 4022 nam
1286 3973 1354 4036 qnod
1368 3973 1429 4022 dicit
1442 3967 1481 4039 ἀφ’

116 4054 155 4106 ὧν
180 4055 299 4125 κληδόνες
324 4059 368 4112 ani
385 4056 477 4111 όιτεῑαι
495 4059 538 4110 aul
557 4056 669 4127 ὀνείρατα
692 4058 736 4108 ani
754 4057 863 4126 χρησμοὶ
888 4057 931 4108 τισὶ
956 4053 1001 4108 όσα
1024 4057 1090 4108 κατὰ
1114 4056 1230 4125 μαντείαν
1254 4057 1302 4109 ὑπὸ
1325 4053 1426 4125 θνητῶν
1448 4073 1486 4108 τε·

116 4141 273 4212 χνιτώεται,
297 4151 413 4200 similiter
437 4150 561 4198 docuerat
578 4146 736 4198 Posidonius
760 4147 829 4211 apud
858 4143 1138 4196 Cic.divin.130e1
1161 4162 1208 4196 nec
1235 4162 1308 4196 secus
1331 4148 1386 4211 ipse
1408 4147 1487 4194 Arius

114 4237 162 4284 ecl.
184 4236 255 4299 Hp
274 4232 323 4286 122
341 4233 400 4287 εἶναι
419 4233 509 4303 δὲτὴν
527 4231 650 4302 μαντικήν
669 4245 742 4302 φασιν
762 4231 901 4302 ἐπιστήμην
919 4229 1116 4301 θεωρηματικὴν
1140 4231 1250 4300 σημείων
1276 4237 1328 4283 τῶν
1352 4229 1400 4283 ἀπὸ
1418 4229 1485 4282 θεῶν

115 4319 132 4387 ἡ
153 4319 317 4388 δαιμόνων
334 4321 395 4393 πρὸς
413 4317 570 4392 ἀνθρώπινον
589 4319 641 4388 βίον
660 4319 833 4371 συντεινόντων
852 4323 882 4372 cf.
902 4339 927 4387 p.
941 4319 1001 4373 238.

191 4405 202 4438 ²
220 4411 349 4461 amicitiae
366 4407 479 4479 διαίρεσις
492 4427 514 4461 c
527 4406 561 4461 33
574 4410 696 4459 convenit
707 4409 795 4472 aliquo
809 4411 958 4460 modorum
971 4409 1090 4472 Diogene
1102 4409 1144 4457 111
1157 4407 1189 4460 81
1211 4411 1241 4458 cf.
1255 4411 1302 4459 ccl.
1315 4408 1366 4458 eth.
1386 4425 1410 4473 p.
1424 4404 1484 4458 308.

119 4497 168 4546 sed
188 4505 276 4548 cetera
294 4501 396 4550 diversa
414 4507 480 4549 sunt.

189 4583 253 4636 'ci
272 4587 303 4636 de
327 4589 410 4638 ventis
433 4587 501 4637 lione
526 4585 616 4635 anecd.
636 4581 860 4648 graecolat158
884 4584 942 4634 hec
960 4585 1045 4634 enim
1063 4589 1139 4634 aunt
1156 4598 1196 4632 ex
1214 4582 1323 4633 multis
1342 4585 1482 4647 scripto-

115 4675 211 4724 ribus
229 4683 361 4740 sccepta
378 4672 616 4738 approbatione
635 4672 729 4722 nobis
748 4673 899 4722 sollicita
918 4673 955 4720 de
975 4681 1146 4722 ventorum
1165 4674 1381 4734 generacione
1404 4677 1434 4718 et
1452 4673 1483 4718 in

116 4769 272 4827 quantum
297 4769 471 4812 morentur
496 4767 528 4808 et
551 4759 708 4821 quomodo
733 4774 811 4808 sera
837 4767 1042 4809 commovent
1065 4761 1199 4824 proprio
1229 4763 1322 4806 motu.
1360 4773 1416 4804 cnm
1444 4756 1482 4804 bis

116 4851 209 4899 confer
226 4849 339 4900 Roscnm
357 4865 383 4912 p.
397 4845 430 4899 26
454 4845 559 4897 nichts
582 4847 826 4910 destoweniger
844 4847 912 4910 gibt
934 4861 969 4895 er
993 4847 1044 4894 bis
1062 4847 1118 4895 aui
1134 4847 1186 4894 ein
1204 4859 1282 4908 paar
1299 4845 1409 4892 hlaine
1428 4856 1482 4890 an·

115 4939 206 4986 sitae
226 4936 276 4985 die
295 4939 386 4986 reine
405 4934 647 4985 aristotelieche
667 4933 756 4982 lehre
775 4933 865 4983 blcss
884 4947 943 4983 aus
964 4933 1095 4982 Metcor.
1115 4933 1141 4981 ll
1160 4931 1238 4983 4-6
1262 4933 1294 4980 iu
1317 4931 1478 4990 ausaigen

115 5023 253 5073 wieder.
290 5024 367 5074 doleo
386 5023 444 5072 Arii
464 5023 550 5086 capita
568 5023 600 5071 dc
619 5023 701 5071 renes
719 5035 772 5070 nou
791 5031 902 5071 exstare.
