3768 5736
662 431 763 480 AETII
783 430 884 480 PLAO.
899 431 937 480 lv
956 427 972 480 3
987 438 1069 476 ιι-ιι
1088 429 1128 481 41
1516 428 1577 493 389

273 501 281 538 ²
338 495 1319 585 υυυτυυυυιἝΜυυυ.
1333 535 1346 584 ι
1361 533 1394 584 ιυ
1409 529 1463 598 [ιι]
1479 543 1489 578 ι

256 673 362 757 τάρτου
390 673 466 742 τινὸς
495 672 749 756 ἀκατονομάστου,
783 673 799 736 δ
833 669 869 756 ῆν
920 694 971 734 του
986 673 1061 742 τινὸς
1077 671 1325 755 ἀκατονομάστου·
1349 666 1470 735 τοῦτοδ
1499 669 1534 752 ἦν

257 774 341 860 αδτιγῖ
363 773 544 858 αἰσθητικόν.
921 774 1003 860 αὐτῷ
1014 775 1047 838 τὸ
1060 774 1240 858 αἰσθητικόν·
1257 775 1298 837 ὧν
1309 777 1343 837 τό
1354 775 1406 857 μὲν
1421 775 1534 854 πνεῦμα

920 875 1041 959 κίνησιν,
1064 877 1113 940 τδν
1136 877 1169 939 δέ
1191 877 1264 962 ἀέρα
1286 876 1423 961 ἠρεμίαν,
1444 874 1478 936 τδ
1501 873 1534 936 δέ

920 977 1029 1061 θερμδν
1065 979 1118 1062 τὴν
1155 981 1330 1064 φαινομένην
1368 975 1535 1062 θερμότητα

920 1084 971 1143 τοῦ
998 1083 1148 1163 σώματος,
1182 1084 1215 1146 τὸ
1243 1079 1265 1145 δ’
1298 1079 1566 1162 ἀκατονόμαστονν

920 1183 972 1265 τὴν
1007 1182 1037 1245 ἐν
1069 1185 1138 1267 ἡμῖν
1166 1183 1296 1267 ἐμποιεῖν
1322 1180 1467 1266 αἴσθησιν·
1502 1183 1532 1245 ἐν

920 1284 1013 1347 οὐδενὶ
1041 1285 1095 1368 γὰρ
1125 1289 1184 1348 τῶν
1212 1284 1434 1370 ὀνομαζομένων
1460 1306 1532 1376 στοι-

920 1385 1010 1470 χείων
1033 1385 1104 1452 είναι
1126 1387 1275 1474 αἴσθησιν.

290 1477 515 1564 Ἡράκλειτος
538 1481 590 1563 τὴν
611 1481 663 1562 μὲν
687 1485 738 1543 τοῦ
761 1481 872 1564 κόσμου
886 1497 917 1551 12

256 1584 353 1668 ψυχὴν
376 1580 569 1664 ἀναθυμίασιν
592 1581 626 1643 ἐκ
651 1587 709 1645 τῶν
732 1584 762 1646 ἐν
784 1583 869 1669 αὐτῷ’

231 1687 361 1770 νθγρῶν,
382 1685 434 1768 τὴν
457 1684 490 1747 δὲ
512 1683 616 1752 ἐντοῖς
632 1683 718 1770 ζῴοις
734 1686 792 1770 ἀπὸ
814 1689 866 1770 τῆς

254 1790 336 1858 ἐκτὸς
363 1787 411 1850 καὶ
443 1790 495 1870 τῆς
523 1785 554 1849 έν
583 1784 681 1857 αὐτοῖς
706 1788 866 1871 ἀναθυμιά-

253 1911 338 1970 σεως,
360 1891 496 1972 ὁμογενῆ.

875 1995 909 2050 13

874 2101 906 2154 14

279 2180 305 2259 δ.
343 2195 429 2280 Περὶ
453 2199 566 2279 μερῶν
587 2197 648 2277 τῆς
670 2197 796 2278 ψυχῆς.

256 2317 343 2367 ΕΧν
356 2315 390 2370 60
402 2326 461 2364 1-4

220 2421 243 2459 ιυ
295 2401 505 2486 Πυθαγόρας
532 2400 681 2465 Πλάτων
708 2399 783 2461 κατὰ
810 2399 861 2480 μὲν
885 2411 895 2462 l

251 2505 299 2566 τὸν
315 2504 455 2568 ἀνωτάτω
469 2503 554 2586 λόγον
569 2504 672 2584 διμερῆ
688 2501 740 2584 τὴν
756 2504 864 2586 ψυχήν,

244 2727 259 2778 ’ί
279 2729 310 2777 τί.
329 2728 400 2778 ΡιυΙ.
419 2743 442 2790 p.
456 2721 527 2776 210².
949 2722 965 2773 2
984 2721 1048 2791 αὐτῆ
1066 2727 1102 2776 A:
1121 2743 1187 2778 corr.
1207 2729 1310 2778 Ηυοτου

244 2815 260 2866 8
279 2817 324 2882 τῆς
344 2815 380 2864 E:
408 2830 458 2863 om.
479 2813 570 2876 (Α)Βο
950 2811 965 2861 6
985 2809 1083 2876 ἐμποιεῖ
1099 2814 1137 2862 A:
1157 2829 1223 2864 corr.
1242 2815 1345 2864 Heeren

913 2934 1081 2986 ALIORUM
1100 2937 1150 2986 EX
1171 2937 1282 2988 ΑΕΤΙΟ
1301 2937 1499 2988 EXCERPTA

952 3019 982 3069 12
1001 3017 1107 3076 Nomos.
1120 3021 1194 3074 28A.
1208 3041 1232 3090 p.
1244 3022 1317 3076 6711.
1332 3017 1531 3090 Ἡράκλειτος
1544 3021 1570 3074 δὲ

912 3103 959 3173 τὴν
986 3103 1031 3174 μέν
1057 3111 1102 3158 τοῦ
1130 3107 1220 3167 παντὸς
1247 3108 1332 3177 ψυχὴν
1354 3104 1516 3176 ἀναθυμίασιν
1539 3110 1568 3161 ἐτι

912 3197 965 3244 τῶν
982 3190 1081 3262 ὑγρῶν,
1097 3194 1144 3263 τῆν
1166 3193 1192 3246 δέ
1212 3194 1237 3246 ίν
1255 3200 1306 3253 τοῖς
1325 3191 1396 3265 ζῴοις
1415 3193 1464 3247 ἀπό
1480 3213 1507 3246 τε
1523 3199 1569 3264 τῆς

912 3277 984 3336 ἐκτὸς
1001 3281 1045 3332 καὶ
1057 3284 1103 3350 τῆς
1115 3280 1141 3333 ἐν
1160 3278 1243 3339 αίιτοῖς
1255 3279 1444 3350 ἀναθυμιάσεως
1462 3279 1568 3350 ὁμογενῆ

913 3365 1056 3434 πεφυκέναι.

948 3452 981 3504 13
1000 3451 1163 3512 Theodorei.
1181 3457 1206 3504 V
1228 3454 1260 3506 18
1278 3453 1292 3506 ό
1311 3453 1337 3506 δέ
1356 3450 1568 3525 Ἐμπεδοκλῆς

911 3545 991 3609 μῖγμα
1010 3538 1036 3601 ἐξ
1054 3538 1207 3611 οίθερώδους
1225 3541 1268 3594 καὶ
1287 3540 1411 3610 ἀερώδους
1430 3539 1520 3599 οὐσίας.

949 3628 980 3679 14
998 3625 1074 3684 Idem
1092 3631 1109 3679 l.
1122 3647 1145 3681 ο.
1164 3623 1294 3697 Κριτίας
1313 3627 1339 3680 δέ
1358 3627 1383 3688 ἐξ
1399 3627 1503 3696 αίματος
1516 3629 1568 3682 εἶπε

910 3717 953 3768 καὶ
973 3713 999 3776 ἐξ
1017 3713 1092 3786 ὑγροῦ
1119 3715 1260 3782 [postrema
1272 3719 1381 3768 sortasse
1399 3719 1432 3768 ud
1451 3716 1566 3782 §9per·

909 3805 1010 3870 tinent}
1029 3805 1072 3856 καί
1095 3801 1166 3854 ἀλλοι
1185 3801 1211 3854 δὲ
1230 3805 1258 3869 (l.
1271 3801 1313 3872 δὴ)
1333 3801 1389 3868 [αὖ]
1409 3802 1473 3855 ἄλλα
1490 3801 1563 3872 λελη-

912 3891 1017 3960 ρῆκασιν
1035 3889 1140 3943 ἐναντία.
1159 3889 1265 3947 Nemes.
1282 3895 1299 3944 Ι.
1313 3910 1335 3942 υ.
1348 3900 1408 3944 ante
1427 3891 1442 3955 5
1458 3891 1474 3943 9
1494 3887 1567 3960 Κρι-

910 3978 977 4037 τίας
995 3978 1021 4030 δὲ
1040 3977 1110 4047 αίμα.

877 4049 880 4058 ¹
946 4062 1147 4122 41110οθ01·ολ
1167 4068 1190 4116 V
1211 4065 1243 4119 19
1271 4066 1315 4117 καὶ
1339 4065 1423 4134 μέντοι
1449 4067 1492 4118 καὶ
1513 4068 1568 4135 περὶ

909 4154 956 4222 τῆν
978 4151 1071 4222 ταθτῆς
1089 4151 1202 4221 διαίρεσιν
1221 4150 1323 4221 πλείστη
1341 4169 1369 4221 γε
1386 4151 1482 4211 τούτοις
1500 4154 1566 4222 γεγέ-

910 4258 983 4309 νηται
1001 4239 1121 4309 διαμάχη.

948 4323 1057 4382 11110111
1080 4331 1097 4378 l.
1115 4345 1135 4378 υ.
1169 4323 1351 4395 Πυθαγόρας
1378 4329 1423 4394 μὲν
1450 4329 1495 4397 γάρ
1524 4331 1567 4381 καὶ

912 4411 1041 4465 Πλάτων
1059 4413 1146 4483 διμερῆ
1165 4411 1258 4483 ταθτην
1276 4414 1389 4483 είρῆκασι
1414 4416 1457 4466 καὶ
1476 4415 1504 4466 τὸ
1522 4417 1567 4483 μὲν

911 4499 989 4569 αὐτῆς
1007 4499 1067 4552 εἶναι
1085 4499 1184 4568 λογικὸν
1202 4501 1230 4552 τὸ
1249 4499 1274 4553 δὲ
1293 4499 1390 4570 ἄλογον.
1413 4500 1471 4572 διχῆ
1484 4502 1509 4553 δὲ
1523 4501 1566 4568 [αθ
1631 4491 1633 4496 ’

910 4587 995 4654 πάλιν]
1017 4587 1046 4639 τό
1069 4587 1158 4658 ἄλογον
1182 4587 1277 4656 ἔτεμον.
1305 4589 1348 4640 καὶ
1370 4587 1399 4640 τὸ
1422 4590 1467 4656 μὲν
1490 4588 1566 4640 αὐτοῦ

910 4673 1017 4743 θυμικὸν
1030 4674 1130 4728 εἶναιτὸ
1143 4675 1169 4728 δὲ
1181 4673 1369 4746 ἐπιθυμητικόν.
1387 4679 1458 4727 Prol.
1474 4695 1497 4742 p.
1506 4675 1565 4728 205.

946 4762 962 4814 2
981 4761 1055 4819 1110111
1071 4767 1087 4815 l.
1099 4783 1121 4816 υ.
1139 4762 1152 4816 ό
1170 4763 1195 4815 δὲ
1212 4759 1408 4832 Ξενοκράτης
1422 4764 1566 4826 (καὶταῦτα

909 4848 991 4917 τρίτος
1009 4847 1057 4902 ἀπὸ
1071 4847 1206 4909 Πλάτωνος
1225 4849 1270 4914 ι’όν,
1289 4846 1445 4901 Σπευσίππου
1463 4851 1509 4918 γὰρ
1521 4855 1567 4901 τοῦ

912 4932 1046 4994 Πλάτωνος
1071 4936 1201 5007 ἀδελφιδοῦ
1226 4937 1353 5006 γεγένηται
1380 4937 1511 5006 ροιτητῆς)
1537 4937 1566 4988 τὸ

911 5025 956 5092 μὲν
975 5021 1120 5095 αἰσθητικόν
1138 5024 1222 5091 [εἶναι]
1240 5029 1286 5094 τῆς
1309 5023 1392 5094 ψυχῆς
1411 5023 1469 5096 έφιγ,
1487 5025 1516 5077 τὸ
1540 5025 1565 5077 δὲ
