3708 5732
684 413 960 466 rnonneonnns
1440 417 1501 480 157

140 581 250 648 omnia
271 585 360 648 recte
381 579 558 647 intellecta.
590 581 681 648 velat
702 582 758 661 §5
780 581 907 647 initium
927 581 1162 648 subabsurdum
1186 590 1289 668 esset,
1317 585 1378 652 nisi
1400 588 1504 655 Theo

139 683 302 768 phraateis
328 682 534 766 comparatis,
556 683 633 766 quid
660 683 803 750 dicturus
836 691 936 768 esset,
970 691 1228 768 cognosceretur.
1271 689 1361 770 quod
1387 691 1501 775 Empe·

139 786 224 854 dccli
255 783 383 867 vulgari
410 783 677 870 philosophorum
705 785 921 852 recentiorum
948 807 1008 852 usu
1034 790 1206 871 ἡγεμονικὸν
1234 788 1346 856 tribuit
1371 792 1502 876 aliaque

138 887 285 955 eiusdem
301 886 388 952 modi
404 906 511 970 pauca
525 889 701 954 mittamus.
739 888 969 972 compilatoris,
992 889 1136 973 quisquis
1158 888 1232 974 fuit,
1255 891 1424 958 consilium
1445 895 1502 959 ali-

137 997 298 1074 quatenus
312 988 493 1056 illustratur
509 1011 550 1057 ex
565 990 669 1057 titulo.
702 990 762 1056 sub
777 990 951 1074 splendida
970 991 1055 1057 enim
1076 993 1270 1078 στρωματέον
1292 993 1501 1078 inscriptione

139 1093 319 1160 miscellam
343 1091 519 1175 collegerat
536 1091 733 1176 farraginem
747 1112 797 1178 ac,
820 1093 847 1158 si
869 1093 1036 1176 specimini
1058 1093 1151 1180 fidas,
1173 1095 1253 1162 satis
1274 1095 1409 1162 aridam.
1442 1099 1501 1165 sed

138 1195 289 1263 novimus
319 1193 553 1262 Graeculorum
582 1195 697 1260 miram
723 1194 920 1260 inscribendi
946 1194 1148 1282 felicitatem,
1179 1217 1244 1280 qua
1270 1200 1424 1290 materias
1450 1201 1502 1266 fri·

138 1299 234 1366 volas
258 1297 368 1363 fucato
401 1295 526 1380 pittacii
552 1295 726 1381 splendore
754 1297 979 1364 venditabant.
1023 1299 1193 1366 invenerat
1214 1299 1341 1366 titulum
1363 1301 1501 1370 fortasse

138 1401 223 1467 alius
238 1401 384 1468 Craecns
409 1435 445 1446 -
469 1418 546 1466 nam
568 1417 611 1463 ne
634 1417 675 1464 ea
697 1399 827 1481 quidem
848 1400 921 1464 laus
943 1406 993 1466 est
1013 1399 1068 1466 isti
1089 1402 1242 1468 nebuloni
1257 1439 1309 1487 -,
1332 1405 1501 1488 usurpavit

138 1511 227 1571 certe
249 1502 369 1570 latinns
393 1501 533 1586 scriptor
554 1499 687 1566 Traiani
715 1501 862 1584 aequalis
885 1499 1065 1568 Caesellius
1087 1504 1228 1589 Vindex,
1255 1505 1309 1589 qui
1331 1506 1502 1574 Lectiones

137 1625 216 1672 suas
238 1605 389 1687 antiquas
414 1602 474 1670 sub
496 1602 700 1686 generaliore
722 1603 929 1670 Stromateon
951 1605 1044 1672 titulo
1067 1607 1256 1690 complexus
1278 1627 1350 1674 esse
1373 1609 1501 1676 videtur

137 1705 190 1795 [cf.
213 1705 370 1772 Priscian.
397 1727 430 1790 p.
446 1707 554 1790 210st
582 1707 656 1790 230,
673 1707 712 1770 11
746 1704 965 1772 Caesellius
997 1708 1148 1774 Vindex
1180 1709 1219 1774 in
1252 1710 1499 1799 stromateol.

136 1809 245 1876 Plinio
260 1806 410 1874 Naturali
432 1807 588 1874 historiae
610 1806 759 1892 praefato
781 1810 884 1874 multa
905 1809 972 1874 alia
993 1817 1072 1876 nota
1092 1817 1176 1896 sunt,
1199 1811 1400 1880 stromateas
1422 1836 1500 1880 non-

135 1913 214 1978 dum
242 1911 342 1978 novit
386 1913 421 1974 at
452 1908 544 1976 novit
575 1908 700 1976 Cellius
732 1910 785 1993 qui
813 1911 970 1979 Noctibus
997 1913 1064 1980 suis
1092 1915 1311 1998 prooemiatus
1341 1917 1500 1983 Plinianis

135 2014 256 2099 partim
277 2011 423 2096 repetitis
444 2010 535 2076 addit
558 2017 745 2097 στρωματεῖς.
792 2013 911 2081 deinde
932 2013 1083 2082 Clemens
1098 2017 1337 2083 Alexandrinus
1360 2017 1500 2085 fortasse

137 2114 349 2183 Plutarchum
375 2133 470 2196 quem
496 2113 634 2179 credidit
659 2115 841 2181 aemulatus
867 2116 1088 2182 doctissimum
1117 2138 1198 2202 opus
1220 2119 1283 2185 hoc
1304 2121 1434 2187 nomine
1455 2121 1501 2186 in·

136 2218 292 2302 signitum
318 2215 421 2283 voluit
447 2213 499 2301 [cf.
521 2215 664 2282 Dindorf
690 2215 791 2283 Clam.
821 2216 923 2302 praef.
947 2219 963 2283 I
987 2217 1113 2306 xxvrnl.
1149 2221 1327 2305 pleniorem
1358 2223 1501 2289 Pseudo·

137 2318 320 2405 plutarchei
342 2317 415 2383 libri
437 2317 682 2402 inscriptionem
705 2319 848 2388 servavit
861 2319 1036 2405 Lampriae
1050 2321 1216 2405 personati
1231 2325 1399 2406 catalogus
1413 2345 1446 2390 n.
1459 2327 1500 2390 62
1583 2393 1587 2400 ,

137 2421 219 2510 [p.9
241 2423 293 2490 ed.
316 2418 411 2508 Τιοιι]
440 2427 618 2507 στρωματεῖς
640 2422 776 2505 ἱστορικοὶ
799 2424 944 2506 ποιητικοί
965 2408 1023 2511 tls,
1045 2425 1114 2490 ἔνιοι
1137 2427 1169 2490 δὲ
1192 2412 1252 2495 iii'·
1296 2445 1500 2492 numerorum

136 2523 370 2608 discrepantia,
393 2541 490 2606 qnam
512 2545 534 2590 a
555 2524 673 2592 lhevio
695 2543 810 2608 parum
832 2525 1027 2609 explicatam
1049 2527 1146 2594 video
1169 2529 1212 2610 [p.
1229 2528 1299 2612 49],
1322 2529 1501 2612 repetenda

138 2632 190 2693 est
205 2645 247 2692 ex
262 2625 483 2708 exemplorum
499 2625 689 2694 diversitate
703 2625 737 2690 in
752 2625 948 2693 bibliotheca
962 2636 1202 2695 asservatorum
1224 2629 1263 2696 cf.
1280 2649 1378 2714 supra
1400 2651 1432 2714 p.
1448 2632 1500 2696 27.

139 2727 229 2812 qnod
249 2728 388 2794 alterum
411 2727 577 2811 exemplar
598 2747 748 2794 mancum
778 2735 866 2813 erat,
893 2728 988 2814 istinc
1008 2729 1145 2796 forsitan
1168 2731 1327 2816 quispiam
1349 2731 1501 2818 explicet,

137 2829 228 2912 quod
249 2829 405 2912 peculiari
426 2830 521 2896 titulo
544 2849 610 2894 non
631 2831 741 2896 nullae
765 2833 900 2913 eclogae
922 2831 1238 2898 circumferebantur.
1283 2853 1343 2900 nec
1366 2835 1501 2900 relucta·

136 2931 199 2996 bor
227 2929 255 2995 ei
281 2929 352 3012 quis
374 2952 405 2998 ιι.
424 2931 487 2998 184
515 2931 657 3013 catalogi
688 2935 752 3017 περὶ
781 2938 839 2998 τῶν
866 2937 980 3018 πρῶτον
1007 2937 1266 3021 φιλοσοφησάντων
1293 2938 1422 3001 καὶτῶν
1445 2937 1499 3000 ἀπ’

135 3033 237 3098 αὐτῶν
260 3032 444 3099 Eusebiano
472 3032 654 3116 fragmento
684 3053 751 3099 non
778 3035 908 3100 differre
934 3035 1116 3120 suspicatus
1138 3039 1208 3105 crit.
1232 3039 1240 3070 ¹
1285 3037 1500 3121 adgnovimus

135 3135 237 3218 igitur
275 3133 497 3220 miscellanea,
532 3133 642 3218 qualia
674 3135 732 3202 illa
764 3141 874 3203 aetate
906 3137 1105 3220 collegerunt
1132 3139 1313 3208 Favorinus
1344 3140 1500 3207 Aelianus

133 3257 199 3304 nec
221 3237 313 3321 peior
335 3235 399 3302 illis
419 3236 554 3322 Cellius,
578 3237 772 3304 Plutarchus
794 3243 903 3306 autem
924 3237 987 3306 iste
1009 3241 1105 3323 longe
1128 3241 1270 3308 inferior.
1303 3261 1380 3308 nam
1402 3244 1500 3309 Euse-

135 3339 211 3406 bius
233 3337 314 3403 nihil
338 3337 412 3403 hinc
434 3338 575 3423 dempsit
597 3346 655 3404 aut
676 3340 812 3426 addidit,
835 3347 872 3406 ut
893 3349 1020 3408 constet
1042 3343 1285 3427 compilatorem
1307 3367 1373 3411 non
1396 3348 1500 3412 solum

134 3442 209 3508 sine
224 3446 295 3507 arte
317 3441 376 3506 sed
399 3439 498 3506 etiam
513 3441 584 3508 sine
598 3441 725 3509 ratione
747 3444 781 3508 in
802 3443 954 3508 horreum
977 3445 1179 3527 congessisse
1201 3447 1356 3530 quidquid
1378 3448 1412 3512 in
1435 3449 1500 3514 stili

134 3563 274 3609 acumen
296 3541 463 3609 inciderat.
498 3543 556 3609 sed
578 3542 640 3609 hoc
663 3545 845 3628 postmodo.
880 3545 922 3610 de
938 3551 1046 3612 aetate
1066 3548 1260 3629 quaerimus.

223 3644 259 3710 Si
284 3643 356 3726 quis
381 3643 504 3710 fraudis
530 3651 647 3728 aperta
676 3645 770 3728 signa
799 3665 979 3728 causasque
1006 3667 1073 3712 non
1095 3650 1276 3732 neglexerit
1299 3688 1339 3697 —
1362 3673 1440 3717 nam
1462 3653 1499 3718 ti-

133 3748 195 3814 tuli
218 3745 372 3831 splendor
398 3745 603 3829 auctorisque
630 3747 835 3814 mendacium
862 3768 902 3814 ex
929 3749 1043 3815 eodem
1072 3753 1242 3834 mangonis
1272 3754 1407 3820 consilio
1429 3777 1501 3840 pro-

133 3850 321 3918 ficiscuntur
342 3884 386 3894 -
407 3847 608 3930 aliquantum
630 3856 705 3932 post
726 3849 892 3916 Plutarchi
915 3857 1050 3917 mortem
1073 3854 1307 3936 progredietur.
1353 3857 1412 3922 sed
1434 3878 1500 3923 non

133 3953 281 4018 multum.
327 3969 403 4015 nam
436 3949 521 4015 eirca
553 3950 694 4016 medium
727 3953 865 4018 alterum
899 3954 1064 4018 saeculum
1100 3955 1239 4020 maxime
1270 3955 1304 4022 in
1336 3959 1501 4024 Plutarchi

133 4075 254 4122 nornen
287 4058 436 4136 grassata
458 4051 585 4118 videtur
617 4053 707 4119 fraus
740 4053 1022 4136 grammaticorum
1053 4053 1103 4142 [of.
1134 4077 1233 4140 supra
1261 4080 1291 4142 p.
1314 4060 1379 4142 65].
1415 4068 1501 4127 certe

133 4156 306 4240 Eusebius,
330 4173 414 4237 qnae
438 4161 487 4220 est
509 4153 592 4220 mira
614 4155 684 4221 eius
707 4157 873 4241 securitas,
897 4155 1072 4240 genuinum
1094 4157 1195 4224 fetum
1217 4161 1364 4228 credidit.
1551 4232 1553 4237 ,

221 4256 395 4342 Scriptoris
423 4255 540 4322 levitas
569 4275 608 4322 eo
630 4259 833 4342 potissimum
856 4257 996 4325 comitur
1019 4258 1105 4342 quod
1128 4259 1259 4326 diversa
1281 4264 1370 4328 nullo
1394 4264 1502 4328 discri-

133 4360 222 4426 mine
242 4357 438 4444 permiscuit.
462 4376 537 4422 nam
560 4365 649 4426 certo
672 4361 790 4428 certius
812 4368 862 4430 est
885 4363 926 4442 ἓξ
942 4363 1037 4426 1-7.
1062 4363 1188 4428 10-12
1211 4384 1251 4429 ex
1267 4385 1330 4428 uno
1347 4365 1501 4450 deinceps

132 4461 225 4528 fonte
238 4461 260 4526 i.
277 4481 305 4528 e.
322 4459 572 4544 Theophrastea
587 4461 729 4545 epitome
744 4464 920 4530 secundum
943 4463 1158 4548 philosophos
1182 4465 1331 4531 ordinata
1353 4474 1499 4551 sumptas

207 4650 215 4680 ¹
234 4651 387 4702 confirmare
411 4652 512 4702 ridetur
533 4653 610 4702 istam
633 4655 688 4702 sive
711 4657 861 4719 opinionem
886 4655 941 4704 siva
966 4655 1147 4704 ariolationsrn
1166 4657 1236 4719 quod
1255 4658 1386 4721 praecedit
1404 4675 1429 4707 n.
1452 4655 1501 4710 183

133 4735 228 4806 φυσικὴ
247 4736 354 4806 ἐπιτομὴ
374 4741 390 4788 i.
410 4755 433 4789 e.
452 4741 583 4802 geminum
606 4743 752 4805 exemplum
769 4743 928 4792 Placitorum
948 4757 973 4790 n.
988 4741 1019 4793 61
1040 4740 1166 4809 περὶτῶν
1184 4741 1341 4810 ἀρεσκόντων
1360 4741 1501 4811 φιλοσόφοις

131 4825 241 4892 φυσικῆς
265 4821 386 4893 ἐπιτομῆς
405 4821 487 4892 βιβλία
506 4805 529 4876 ἶ.
554 4827 646 4876 codem
670 4829 747 4877 modo
772 4844 824 4878 uno
847 4829 922 4878 titulo
943 4830 1013 4892 prior
1032 4837 1070 4877 est
1092 4845 1117 4878 n.
1132 4827 1165 4880 62
1188 4833 1350 4898 στρωματεῖς.
1374 4832 1401 4880 in
1426 4831 1500 4880 titulo

131 4911 254 4980 qcropraot
271 4916 409 4977 scriptores
428 4915 600 4978 pedestres
618 4916 786 4980 intellegendi
806 4915 933 4966 videntur.
961 4915 1081 4979 bipartita
1098 4918 1167 4965 enim
1185 4918 1233 4967 fuit
1251 4919 1411 4980 singulorum
1430 4919 1500 4980 capi·

131 5007 188 5049 tum
206 4999 310 5062 dirimo,
329 5001 399 5062 quali
417 5002 526 5052 Stebasi
544 5017 608 5066 epus
627 5003 780 5051 adornatum
799 5011 846 5052 est.
