3768 5736
337 377 402 441 460
623 379 701 430 ARII
719 379 856 430 DIDYMI
875 380 1060 432 EPITOMES
1079 382 1131 431 FR.
1150 381 1252 432 PHYS.
1266 379 1307 432 23.
1321 381 1363 434 24.
1378 379 1411 434 25

338 548 371 611 δὲ
395 547 507 618 τούτοις
535 545 597 612 οὐδ’
625 548 713 614 αύτόν
739 569 810 634 φασι
833 551 882 614 τὸν
905 550 1014 634 κόσμον
1037 552 1124 638 βάρος
1146 548 1224 637 ἔχειν
1247 550 1349 615 διὰτὸ
1372 553 1425 636 τὴν
1448 553 1519 636 ύλην
1541 548 1633 613 αὐτοῦ
1662 550 1718 614 σύ-

338 669 437 714 στασιν
465 648 499 714 έκ
525 674 556 714 τε
582 655 640 714 τῶν
668 653 755 738 βάρος
781 652 910 738 ἐχόντων
937 655 1090 739 στοιχείων
1116 653 1188 718 εἶναι
1215 654 1263 718 καί
1290 653 1324 718 ἐκ
1350 658 1409 717 τῶν
1431 653 1565 740 άβαρῶν,
1593 654 1652 738 τὴν
1680 651 1712 717 δ’

338 753 408 836 ὅλην
436 758 489 836 γῆν
517 751 585 817 καθ’
613 754 718 838 ἑαυτὴν
748 755 799 836 μὲν
822 752 901 840 ἔχειν
924 755 1039 839 ἀρέσκει
1063 757 1161 842 βάρος,
1183 756 1262 842 παρὰ
1284 757 1318 820 δὲ
1339 755 1392 840 τὴν
1416 756 1497 821 θέσιν
1520 755 1569 819 διὰ
1591 755 1623 817 τὸ
1651 755 1717 838 τὴν

338 853 429 939 μέσην
457 853 536 940 ἔχειν
567 857 668 941 χώραν
699 854 784 942 (πρὸς
807 858 894 922 δὲτὸ
918 858 1005 942 μέσον
1027 858 1099 923 εἶναι
1120 858 1173 941 τὴν
1195 857 1288 943 φορὰν
1310 862 1370 929 τοῖς
1392 858 1531 929 τοιούτοις
1553 855 1719 942 σάμασιν)

310 957 387 1022 ιέπί
409 961 461 1022 τοῦ
483 957 574 1022 τύπου
594 959 698 1024 τούτου
721 959 825 1043 μένειν.

998 1249 1041 1314 24

399 1352 486 1405 Stob.
504 1353 645 1406 εο1.119ι
663 1369 689 1419 ρ.
702 1349 762 1404 408.
776 1351 867 1403 41011.

420 1451 681 1539 Ἀπολλόδωρος
709 1455 739 1518 ἐν
768 1459 805 1536 τῇ
834 1453 951 1536 Φυσικῇ
978 1453 1069 1539 τέχνη
1097 1455 1207 1539 κίνησιν
1235 1456 1308 1520 εἶναι
1331 1458 1493 1543 μεταβολὴν
1516 1459 1591 1522 κατὰ
1613 1459 1715 1522 τόπον

337 1559 478 1644 ἢσχῆμα
494 1559 513 1642 ἢ
530 1560 591 1644 ύλιρ
614 1558 633 1642 ἢ
657 1558 741 1641 [τοῖς]
765 1557 874 1641 μέρεσι,
897 1555 997 1641 σχέσιν
1019 1557 1053 1620 δὲ
1074 1559 1201 1643 συνοχὴν
1222 1560 1297 1623 κατὰ
1319 1559 1407 1623 τύπον
1430 1560 1449 1643 ἢ
1472 1565 1576 1646 σχῆμα
1597 1561 1649 1624 καί
1676 1562 1715 1624 τὸ

337 1659 475 1747 ἴσχεσθαι
503 1665 631 1725 τοιοῦτο·
659 1661 727 1744 γένη
754 1659 787 1722 δὲ
808 1660 950 1742 κινήσεως
976 1657 1048 1722 εἶναι
1074 1664 1176 1744 πρῶτα
1201 1661 1268 1738 δύο,
1294 1663 1347 1747 τήν
1370 1685 1401 1724 τε
1423 1662 1486 1726 κατ’
1513 1662 1632 1726 εὐθεῖαν
1657 1663 1713 1728 καὶ

338 1765 390 1848 τὴν
418 1763 576 1847 ἐγκύκλιον.
613 1763 723 1828 τούτων
750 1761 783 1824 δὲ
808 1759 872 1844 εἴδη
900 1761 1029 1845 γίνεσθαι
1057 1763 1184 1828 πλείονα.
1221 1765 1285 1848 περί
1311 1765 1345 1827 τὺ
1368 1764 1439 1829 αύτὸ
1462 1767 1495 1829 ui
1517 1767 1644 1850 κινήσεις
1669 1765 1714 1848 γί-

299 1889 322 1928 ιο
340 1866 442 1930 νεσίλαι
464 1867 573 1938 πολλὰς
596 1866 644 1930 καὶ
667 1865 697 1928 ἐν
719 1869 762 1949 τῷ
787 1863 867 1949 αὐτῷ
891 1863 985 1949 τύπῳ,
1007 1864 1067 1928 οίον
1089 1871 1254 1950 περιπατεῖν
1277 1866 1325 1930 καὶ
1347 1867 1459 1952 τρέχειν
1475 1868 1516 1950 μὴ
1535 1867 1714 1952 ἐκβαίνοντα

336 1969 386 2032 τὸν
414 1969 570 2050 ἀσώματον
597 1970 702 2046 τύπον,
734 1965 782 2030 καὶ
811 1967 873 2049 ἅμα
901 1966 1043 2030 κινεῖσθαι
1068 1970 1121 2052 τήν
1146 1991 1179 2030 τε
1208 1965 1255 2032 ἐπ’
1287 1967 1404 2032 εὐθεῖαν
1430 1969 1479 2032 καὶ
1506 1969 1558 2053 τὴν
1591 1967 1634 2038 εἰς
1671 1970 1713 2034 τὰ

338 2072 444 2153 πλάγια
466 2071 515 2134 καί
537 2073 589 2156 τὴν
611 2068 777 2156 ἔμπροσθεν
799 2069 848 2132 καὶ
871 2070 923 2152 τὴν
946 2068 1067 2134 ὄπισθεν
1089 2071 1138 2134 καὶ
1159 2071 1212 2155 τὴν
1235 2070 1276 2141 εἰς
1298 2070 1392 2140 δεξιὰν
1414 2071 1463 2134 καὶ
1485 2071 1638 2157 ἀριστερὰν
1656 2073 1711 2138 καὶ

338 2172 487 2255 ἐγκύκλιον
514 2174 563 2236 καλ
590 2173 706 2258 ταχέως
734 2172 796 2254 ἅμα
822 2171 871 2234 καὶ
900 2173 1044 2257 βραδέως,
1072 2174 1206 2258 καθάπερ
1232 2174 1280 2237 ἐπὶ
1308 2177 1366 2236 τῶν
1393 2175 1540 2238 πλεόντων
1568 2177 1617 2240 καὶ
1644 2179 1711 2239 τῶν

341 2276 450 2357 ὁμοίως
476 2275 587 2346 τούτοις
614 2273 802 2357 διακειμένων
831 2275 1042 2359 συντυγχάνειν.
1080 2277 1179 2360 ὥσπερ
1206 2276 1239 2339 δὲ
1266 2277 1373 2346 παντὸς
1400 2279 1536 2358 σώματος
1565 2277 1710 2362 ἐλέγομεν

300 2405 324 2446 ιι
342 2377 429 2462 μέρος
450 2377 523 2442 εἶναι
545 2381 633 2459 σῶμα
655 2378 703 2441 καὶ
724 2379 820 2461 πάσης
841 2377 1009 2462 ἐπιφανείας
1030 2379 1197 2464 ἐπιφάνειαν
1223 2379 1271 2442 καί
1293 2380 1388 2462 πάσης
1410 2385 1544 2464 γραμμῆς
1566 2381 1710 2464 γραμμὴν

339 2479 388 2543 καλ
404 2482 509 2551 παντὸς
523 2480 614 2544 τύπου
635 2480 724 2544 τύπον
746 2480 794 2543 καὶ
816 2480 922 2550 παντὸς
944 2481 1051 2566 χρόνου
1074 2482 1189 2567 χρόνον,
1212 2482 1305 2551 ούτως
1327 2482 1375 2545 καὶ
1396 2483 1492 2567 πάσης
1507 2485 1649 2567 κινήσεως
1665 2483 1709 2546 κί-

339 2603 419 2667 νησιν
442 2582 514 2648 εἶναι
538 2583 640 2668 ῥητέον
662 2584 710 2646 καὶ
732 2584 827 2665 πάσης
848 2582 980 2668 σχέσεως
1002 2583 1102 2669 σχέσιν
1124 2583 1199 2646 κατὰ
1219 2584 1272 2667 τὴν
1295 2582 1386 2668 αὐτὴν
1408 2585 1572 2668 ἀναλογίαν.

399 2961 486 3012 Stob.
504 2964 549 3011 ecl.
564 2963 577 3012 1
595 2960 646 3012 184
664 2978 688 3025 p.
702 2958 884 3013 390—39411.
999 2869 1041 2936 25

425 3061 521 3144 Ἱζύπον
549 3060 574 3125 δ’
602 3060 674 3125 εἶναι
703 3063 718 3124 ύ
747 3058 955 3146 Χρύσιππος
987 3061 1160 3146 ἀπεφαίνετο
1188 3061 1221 3124 τὸ
1248 3061 1444 3145 κατεχόμενον
1472 3061 1510 3124 δι’
1547 3064 1615 3128 ὅλου
1647 3065 1706 3127 ὑπὸ

338 3163 418 3235 ὄντος
440 3166 459 3250 ἢ
482 3167 515 3228 τὸ
543 3165 603 3229 οίύν
626 3163 682 3248 <τε>
708 3164 886 3249 κατέχεσθαι
914 3165 969 3228 ὑπὸ
999 3161 1079 3232 ὄντος
1107 3163 1155 3226 καλ
1183 3162 1218 3226 δι’
1248 3165 1316 3227 ὅλου
1340 3164 1535 3250 κατεχόμενον
1563 3164 1621 3228 εἴτε
1644 3167 1704 3230 ὑπὸ

298 3291 323 3328 νο
341 3269 416 3338 τινὸς
438 3265 522 3352 <είτε>
545 3267 601 3331 ὑπὸ
620 3271 716 3330 τινῶν.
739 3267 788 3331 ἐὰν
811 3269 844 3331 δὲ
865 3273 916 3330 τού
939 3269 1002 3330 οίου
1016 3290 1048 3330 τε
1062 3265 1239 3352 κατέχεσθαι
1256 3265 1312 3329 ὑπὸ
1327 3265 1408 3335 ὄντος
1423 3267 1449 3328 τί
1465 3266 1517 3348 μὲν
1533 3268 1706 3354 κατέχηται,

338 3369 365 3432 τί
388 3370 421 3433 δὲ
444 3372 497 3455 μή,
520 3371 553 3432 τὸ
571 3369 637 3434 όλον
653 3367 745 3453 (οὔτε)
761 3371 842 3434 κενὸν
859 3368 978 3434 ἔσεσθαι
993 3368 1060 3432 οὔτε
1082 3369 1181 3447 τόπον,
1204 3369 1300 3454 ἕτερον
1323 3367 1355 3432 δέ
1377 3391 1404 3430 τι
1419 3367 1473 3432 οὐκ
1488 3371 1707 3454 ὠνομασμένον·

339 3473 372 3536 τὸ
397 3471 525 3558 μὲνγὰρ
548 3473 630 3535 κενὸν
653 3476 713 3541 τοῖς
735 3477 827 3542 κενοῖς
850 3473 972 3556 ἀγγείοις
994 3472 1131 3556 λέγεσθαι
1153 3471 1378 3557 παραπλησίως,
1408 3471 1456 3534 τὸν
1479 3472 1511 3535 δὲ
1533 3472 1621 3536 τόπον
1644 3478 1706 3544 τοῖς

339 3576 476 3659 πλήρεσι·
506 3577 607 3660 χώραν
634 3575 667 3638 δὲ
694 3573 814 3659 πότερον
843 3576 875 3639 τὸ
907 3579 1004 3658 μεῖζον
1032 3575 1093 3638 οἶόν
1121 3598 1153 3638 τε
1180 3571 1358 3659 κατέχεσθαι
1386 3575 1443 3638 ὑπὸ
1466 3573 1547 3645 ὄντος
1569 3577 1617 3640 καλ
1641 3577 1703 3640 οἷον

340 3681 437 3760 μεῖζον
465 3677 577 3758 ἀγγεῖον
605 3679 740 3759 σώματος
766 3677 786 3760 ἢ
809 3679 842 3742 τὸ
864 3683 981 3764 χωροῦν
1002 3682 1099 3759 μεῖζον
1122 3681 1224 3761 σῶμα;
1254 3677 1288 3740 τὸ
1316 3677 1368 3758 μὲν
1396 3675 1445 3740 ούν
1475 3679 1556 3740 κενὸν
1584 3676 1703 3764 ἄπειρον

299 3803 323 3842 ιι
344 3777 415 3843 εἶναι
438 3778 587 3862 λέγεσθαι·
611 3780 644 3843 τὸ
665 3779 719 3863 γὰρ
741 3778 824 3849 ἐκτὸς
842 3785 894 3843 τοῦ
909 3781 1021 3862 κόσμου
1035 3777 1141 3844 τοιοῦτ’
1163 3779 1249 3843 εἶναι·
1272 3781 1321 3843 τὸν
1337 3779 1370 3841 δὲ
1384 3779 1471 3843 τύπον
1486 3783 1704 3866 πεπερασμένον

340 3882 444 3946 διὰτὸ
468 3881 558 3966 μηδὲν
582 3885 669 3964 σῶμα
691 3880 808 3965 ἄπειρον
831 3881 913 3947 εἶναι.
937 3883 1070 3968 καθάπερ
1092 3884 1179 3948 δὲτὸ
1202 3882 1367 3966 σωματικὸν
1388 3883 1604 3966 πεπερασμένον
1620 3885 1703 3962 εἶναι,

341 3985 433 4055 ούτως
456 3985 488 4047 τὸ
511 3985 668 4066 ἀσώματον
691 3983 819 4068 ἄπειρον·
841 3985 859 4049 ύ
880 4007 911 4048 τε
933 3985 987 4070 γὰρ
1009 3985 1113 4070 χρόνος
1135 3984 1253 4070 ἄπειρος
1275 3983 1323 4048 καὶ
1345 3985 1378 4047 τὸ
1401 3985 1493 4048 κενόν.
1528 3987 1626 4070 ὥσπερ
1649 3989 1703 4071 γὰρ

1140 4093 1245 4100 -υοι

375 4125 460 4183 ’ίτοῖς
479 4126 563 4176 delevi
584 4119 598 4189 ΙΙ
624 4121 641 4175 8
664 4124 776 4174 τοιοῦτον
804 4125 861 4174 eod.
884 4125 995 4188 August.
1046 4143 1137 4195 ματος,
1160 4123 1177 4194 ἢ
1202 4123 1326 4193 διάστημα
1348 4118 1566 4191 ἀκαθεκτούμτνον
1585 4122 1633 4176 ίιπύ
1651 4123 1702 4176 σύι·

339 4210 500 4276 ιιιιυιβιατὰ)
516 4207 635 4262 τύαίιτόί
653 4211 684 4262 σί.
698 4228 722 4276 p.
735 4209 797 4274 459,
813 4211 845 4263 14
860 4209 873 4278 ΙΙ
893 4207 995 4279 βίγκυ·
1046 4230 1137 4281 ματος,
1162 4210 1239 4264 τόπον
1266 4209 1292 4263 ui
1315 4208 1439 4277 διάστημα
1462 4206 1509 4261 ὐπὸ
1537 4207 1607 4270 ὄντος
1629 4229 1702 4264 κατε-

338 4298 398 4352 κλον
421 4303 458 4352 A:
482 4315 548 4350 corr.
571 4299 673 4348 Heereu
698 4293 711 4363 ΙΙ
739 4297 768 4349 11
793 4295 928 4366 ἀσώματον
952 4303 996 4350 vix
1046 4297 1151 4370 χύμενον
1170 4299 1214 4352 καλ
1232 4296 1449 4366 ίξισαζύμινοντῷ
1469 4295 1602 4367 κατέχοντι
1619 4295 1702 4362 «dxiv,

336 4403 436 4440 sunum.
455 4403 488 4438 uu
507 4384 550 4437 τὸν
568 4382 659 4437 αύτύνλ
680 4381 694 4452 ΙΙ
713 4385 757 4437 καὶ
776 4381 828 4454 ἅμα
847 4387 880 4438 F:
906 4384 922 4455 ἦ
942 4383 995 4453 ἅμα
1047 4390 1089 4438 νῦν
1101 4384 1129 4439 ὂν
1141 4385 1275 4443 καλοῦντες
1286 4382 1316 4436 τύ
1328 4389 1411 4452 σῶμα,
1429 4381 1517 4454 χιίιραν
1534 4383 1560 4436 δέ
1577 4383 1702 4455 διάστημα

340 4476 361 4528 0
381 4472 394 4544 ΙΙ
415 4475 447 4526 14
466 4470 656 4542 οὖντυγχάνειν
679 4476 717 4524 Δι
742 4490 807 4524 corr.
831 4475 954 4525 Meiueku
978 4469 993 4540 Η
1047 4474 1114 4526 κατὰ
1137 4475 1183 4543 μέν
1205 4491 1229 4525 τι
1247 4472 1414 4542 κατεχόμενον
1433 4470 1482 4524 ὑπὸ
1501 4469 1618 4539 σώματος
1637 4473 1702 4525 κατά

339 4567 446 4616 fortasse
465 4559 568 4630 λέγομεν
586 4564 617 4613 ci.
636 4561 779 4628 ρ.461,11
1046 4561 1072 4614 δέ
1090 4579 1115 4614 τι
1132 4557 1358 4628 άκαύεκτούμενον,
1377 4559 1450 4612 ίνίων
1472 4557 1560 4629 χώραν
1583 4558 1701 4612 ιίπόντων

377 4650 408 4704 18
427 4653 458 4702 ιλιι
476 4652 507 4701 fr.
521 4647 554 4702 25
572 4651 627 4701 dixi
645 4650 716 4701 Prol.
735 4667 761 4714 p.
774 4647 869 4713 73sqq.
886 4664 906 4698 ιι
921 4665 949 4699 ιν
964 4663 993 4700 τι
1046 4647 1106 4700 εἶναι
1123 4647 1166 4700 τὸν
1179 4647 1254 4700 τύπον
1272 4650 1316 4698 τοῦ
1331 4645 1439 4716 μεγάλου
1452 4645 1569 4714 σώματος
1585 4645 1599 4716 ΙΙ
1611 4645 1644 4700 20
1654 4646 1702 4700 ιίτι

340 4751 379 4788 vn
394 4753 413 4788 x
428 4733 441 4804 ίΙ
457 4737 489 4790 19
501 4739 589 4789 addidi
603 4753 630 4787 τι
648 4739 679 4787 ci.
693 4733 761 4807 πβθ
774 4745 800 4786 et
811 4737 906 4789 Sextus
919 4738 995 4803 Emp.
1047 4739 1147 4789 addidit
1169 4739 1271 4788 Heeren
1296 4733 1310 4804 li
1332 4735 1364 4787 21
1385 4731 1442 4786 ούτε
1460 4736 1560 4788 addidit
1579 4736 1701 4788 Cautum

338 4827 430 4892 Pyrrh.
455 4827 521 4892 Hyp.
539 4827 580 4876 ΙΙΙ
600 4823 659 4876 124.
692 4819 715 4872 oi
738 4817 848 4874 Στωικοί
872 4836 932 4891 φασι
954 4841 995 4874 κε·
1047 4828 1073 4876 ίιι
1092 4827 1178 4876 latinis
1203 4820 1216 4890 11
1241 4822 1310 4875 ἔσται
1328 4818 1385 4874 υύτε
1402 4821 1478 4880 τόπος
1497 4827 1534 4873 A:
1554 4841 1617 4875 corr.
1636 4825 1701 4876 Use-

338 4908 379 4962 νύν
398 4910 443 4976 μὲν
462 4910 522 4964 εἶναι
539 4909 568 4963 τὸ
587 4909 637 4963 οἶόν
655 4927 682 4962 τε
695 4907 743 4961 uui
756 4907 826 4967 ὄντος
843 4906 995 4979 κατέχεσθαι
1047 4929 1093 4962 ner
1117 4907 1130 4978 Η
1157 4909 1190 4963 22
1212 4915 1292 4968 κενοῖς
1316 4908 1401 4967 αίτίοις
1425 4913 1462 4962 λι
1488 4927 1552 4962 eurr.
1576 4912 1701 4964 cantem

339 4996 375 5066 μὴ
394 4996 561 5069 κατεχόμενον
579 4996 618 5064 δέ,
643 4995 659 5068 ἡ
679 4995 803 5067 διάστημα
826 4995 920 5067 ίρημον
943 4995 993 5050 σίν-
1046 5001 1157 5063 itemque
1176 4996 1254 5050 αῐτιον
1273 5015 1298 5050 ν.
1311 4995 1345 5050 24
