3756 5736
321 373 386 438 248
609 373 702 422 xvrrr
739 373 788 422 nn
809 371 946 421 eannru
966 369 1135 421 nrsroura
1156 367 1387 420 Parnosorrra

321 542 510 626 postuletur.
545 560 622 622 ergo
643 536 736 608 vides
750 535 956 602 Volkmanuo
972 557 1023 603 me
1039 536 1158 602 victum
1180 555 1295 600 manus
1317 535 1406 621 dare,
1429 543 1464 602 ut
1486 535 1611 602 mireris
1626 556 1682 601 cur

322 641 579 727 simplicissimae
600 640 734 708 rationis
757 661 817 725 ego
839 639 914 706 olim
930 645 1085 723 patronus
1102 657 1175 704 esse
1189 637 1358 704 noluerim.
1392 637 1451 704 sod
1473 637 1558 704 enim
1581 643 1684 704 restat

322 743 512 810 difficillima
534 742 696 828 quaestio,
725 763 790 826 qua
811 743 901 808 velut
928 760 1004 807 arce
1025 741 1115 806 nisus
1138 739 1301 806 contraria
1322 739 1541 806 defenderam.
1585 759 1683 823 quam

324 866 396 910 cum
418 843 644 911 Volkmannus
667 843 796 910 omnino
819 863 885 910 nou
907 842 1065 927 tetigerit,
1088 860 1174 907 nunc
1195 840 1257 926 ipsi
1280 848 1394 908 contra
1415 841 1555 926 priorem
1578 859 1683 906 meam

325 947 511 1032 opinionem
532 944 611 1010 mibi
634 945 844 1029 pugnandum
867 943 936 1010 erit.

410 1049 569 1115 Secuntur
591 1045 676 1112 euim
700 1067 743 1113 cc.
762 1047 898 1130 16-19,
922 1045 1038 1128 quibus
1062 1065 1102 1110 ex
1118 1045 1350 1110 elementorum
1373 1043 1534 1112 vestibulo
1556 1045 1590 1110 in
1612 1043 1685 1128 ipsa

324 1150 532 1235 physicorum
558 1149 740 1233 penetralia
767 1147 943 1214 introducit
970 1154 1188 1232 mystagogus.
1234 1145 1325 1210 euius
1351 1145 1453 1211 rerba
1479 1151 1574 1231 ρίοιιο
1599 1150 1685 1210 raris

325 1263 354 1316 ot
375 1255 581 1334 inficetiarum
602 1249 630 1316 si
651 1249 788 1317 feliciter
810 1245 1026 1333 superaveris,
1048 1247 1114 1312 iarn
1136 1246 1315 1332 pleniorem
1331 1247 1582 1332 disputationem
1604 1247 1686 1313 acci-

325 1353 396 1438 pies
419 1355 562 1438 optimae
583 1357 684 1418 notae
706 1360 739 1418 et
761 1349 928 1434 antiquum
951 1349 1092 1416 colorem
1115 1348 1204 1416 baud
1226 1347 1362 1415 obscure
1384 1349 1584 1433 prodentem.
1614 1349 1687 1433 ipse

325 1455 462 1539 scriptor
500 1453 542 1519 ab
580 1453 784 1536 antiquorum
822 1451 1055 1518 cousuetudine
1095 1451 1282 1536 auspicatur
1324 1449 1409 1516 hanc
1450 1451 1522 1518 libri
1560 1457 1685 1535 partem

325 1561 384 1619 τῶν
407 1554 457 1620 οὖν
476 1556 615 1640 πρότερον
638 1557 696 1619 ἀπὸ
724 1559 782 1618 τῶν
812 1555 914 1639 ἀρχῶν
936 1558 995 1617 τών
1017 1578 1049 1618 τε
1071 1557 1232 1640 δραστικών
1254 1554 1303 1617 καί
1325 1559 1384 1618 τῶν
1406 1557 1512 1620 ὑλικῶν
1535 1554 1685 1640 ηργμένων

325 1663 379 1742 τῆς
400 1662 524 1742 φυσικῆς
546 1656 756 1742 πραγματείας,
783 1655 875 1718 ταίιτά
901 1657 972 1740 ἡμῖν
994 1655 1114 1726 εἰκότως
1136 1653 1336 1738 διανοηθέντες
1359 1657 1510 1741 ἁρμόττειν
1532 1655 1686 1739 νομίζομεν

327 1761 385 1824 ἀπὸ
408 1760 517 1823 τούτων
545 1760 598 1843 τὴν
626 1759 721 1844 ἀρχὴν
748 1756 895 1820 ποιεῖσθαι
921 1762 979 1821 τῶν
1007 1759 1112 1842 λόγων.
1145 1755 1303 1841 εἰρηκότων
1329 1760 1422 1822 τοίνυν
1451 1759 1568 1823 ἐκείνων
1591 1761 1633 1828 ώς
1653 1759 1687 1820 τὸ

327 1863 443 1926 πάντων
465 1863 697 1945 δραστικώτατον
724 1857 814 1924 αἴτιον
837 1861 895 1922 τῶν
917 1857 1007 1923 ὄντων
1023 1861 1072 1923 καί
1087 1859 1243 1942 γινομένων
1259 1860 1319 1923 ἐστὶ
1336 1861 1414 1940 θεός,
1437 1864 1485 1925 καί
1507 1865 1556 1925 νῦν
1579 1861 1688 1943 ὁμοίως

327 1966 397 2048 ἡμῖν
419 1963 566 2047 ποιητέον.
600 1983 664 2048 qua
686 1961 860 2047 partitione
882 1961 1052 2046 proposita
1073 1961 1114 2026 de
1137 1979 1236 2026 causa
1256 1959 1416 2029 efficiente
1437 1961 1584 2028 Platonis
1606 1960 1688 2028 Stoi-

327 2085 436 2130 oorum
466 2064 698 2149 Epicureorum
731 2063 953 2145 similibusque
985 2061 1229 2146 quaestionibus
1262 2062 1407 2149 disserit,
1439 2070 1508 2129 tum
1540 2085 1567 2129 o.
1585 2063 1624 2128 18
1646 2061 1688 2128 de

327 2166 465 2232 matoria
487 2166 583 2232 docte
610 2173 644 2232 et
672 2165 823 2232 distincte
845 2164 998 2249 disputat.
1034 2162 1130 2228 linem
1153 2162 1231 2228 iacit
1253 2183 1280 2229 o.
1303 2166 1354 2249 19,
1388 2185 1451 2248 quo
1480 2164 1629 2250 principii
1656 2170 1711 2258 et.

328 2287 448 2333 causae
476 2267 661 2333 differentia
690 2267 805 2334 eadem
832 2266 1012 2331 disserendi
1040 2264 1218 2332 subtilitate
1246 2267 1427 2350 exponitur.
1462 2287 1503 2334 ex
1529 2268 1592 2332 bac
1622 2273 1687 2332 tam

330 2375 404 2434 arta
425 2388 465 2434 ae
487 2369 641 2434 continua
663 2389 770 2434 rerum
792 2367 876 2434 serie
898 2388 996 2432 unum
1018 2388 1046 2433 c.
1064 2367 1104 2432 18
1127 2369 1216 2434 velut
1238 2375 1404 2434 exsectum
1425 2369 1459 2435 in
1475 2369 1566 2436 Sexti
1588 2370 1689 2455 hypo·

329 2477 491 2556 typoseon
514 2471 535 2537 l.
550 2471 599 2536 ΙΙΙ
615 2473 741 2536 30-32
774 2467 923 2553 recurrit,
960 2475 1138 2534 ceterorum
1171 2477 1280 2536 autem
1313 2478 1575 2554 argumentorum
1607 2471 1688 2536 nihil

328 2571 390 2637 nisi
413 2571 528 2637 umbra
550 2573 713 2656 quaedam
736 2591 794 2656 per
816 2569 957 2654 Sceptici
981 2571 1151 2636 verbosam
1173 2571 1401 2638 refutationem
1422 2574 1564 2658 pellucet
1585 2574 1633 2638 ita
1654 2581 1690 2638 ut

329 2694 414 2758 quae
436 2675 524 2758 apud
540 2675 700 2740 Galenum
715 2675 799 2738 iusto
815 2672 1002 2757 disputandi
1023 2672 1154 2740 flumine
1177 2671 1383 2758 proteruntur
1404 2675 1446 2740 ab
1469 2675 1524 2741 illo
1547 2697 1604 2760 pro
1622 2676 1689 2742 libi-

330 2777 405 2842 dine
421 2777 514 2860 quasi
530 2777 732 2843 membratim
748 2775 885 2842 disiecta
899 2795 938 2840 ac
953 2775 1073 2840 diffusa
1088 2775 1211 2840 videas.
1234 2795 1274 2841 ae
1288 2778 1487 2859 prooemium
1502 2779 1632 2862 quidem
1646 2778 1689 2843 ab

331 2877 453 2944 eisdem
476 2876 545 2944 iere
567 2878 676 2944 verbis
698 2878 866 2962 utrimque.
898 2897 969 2943 oum
985 2877 1102 2946 Galeni
1117 2877 1225 2943 vorbis
1240 2897 1267 2943 o.
1282 2880 1322 2943 16
1337 2899 1420 2962 quae
1442 2881 1587 2964 expressi
1610 2879 1689 2946 mire

331 2979 504 3046 concinunt
519 2979 676 3046 Sextiana
691 2981 739 3045 III
757 2983 772 3044 1
791 2980 835 3066 (p.
854 2983 926 3066 119,
941 2979 1125 3067 11-1rB.)
1147 2979 1297 3065 ἀρξόμεθα
1312 2983 1345 3045 δὲ
1359 2983 1419 3046 ἀπὸ
1433 2989 1485 3046 τοῦ
1499 2985 1565 3068 περὶ
1587 2985 1689 3069 ἀρχῶν

330 3083 417 3164 λόγου
440 3083 488 3145 καί
511 3083 612 3165 ἐπειδὴ
635 3083 714 3166 παρὰ
735 3087 795 3152 τοῖς
818 3085 961 3154 πλείστοις
983 3087 1211 3169 συμπεφώνηται
1233 3088 1292 3146 τών
1314 3085 1415 3170 ἀρχῶν
1438 3087 1489 3156 τὰς
1514 3087 1566 3168 μὲν
1589 3086 1689 3155 ὑλικὰς

331 3183 421 3263 εἰναι,
447 3185 498 3253 τάς
526 3185 559 3246 δὲ
580 3185 753 3268 δροστικάς,
780 3186 839 3248 ἀπὸ
861 3189 920 3248 τών
942 3188 1103 3270 δραστικών
1125 3188 1176 3270 τὴν
1200 3187 1296 3270 ἀρχὴν
1318 3191 1370 3249 τοῦ
1392 3187 1479 3270 λόγου
1501 3189 1688 3272 ποιησόμεθα

332 3327 441 3348 .....
464 3285 568 3350 οὐκοῦν
591 3286 654 3349 ἐπεὶ
678 3287 746 3350 θεὸν
769 3285 841 3350 εἶναι
864 3289 1094 3370 δραστικώτατον
1116 3287 1206 3351 αἴτιον
1229 3289 1256 3350 ot
1277 3289 1393 3357 πλείους
1415 3290 1600 3375 ἀπεφήναντο
1622 3291 1689 3375 πρό-

330 3411 412 3474 τερον
439 3389 504 3472 περὶ
531 3389 602 3452 θεοῦ
630 3392 836 3474 σκοπῆσωμεν.
867 3388 1012 3456 Galenus
1039 3389 1121 3456 haec
1143 3389 1311 3455 continuat
1334 3389 1456 3454 Πλάτων
1480 3392 1548 3455 θεὸν
1570 3393 1690 3474 ἀσώμα-

330 3515 390 3569 τον,
412 3489 515 3576 Ζήνων
539 3493 572 3554 δὲ
593 3496 682 3575 σῶμα
703 3494 768 3576 περί
791 3499 843 3577 τῆς
867 3499 981 3578 μορφῆς
1005 3495 1094 3576 μηδὲν
1117 3493 1274 3578 εἰρηκότες,
1298 3512 1433 3574 quorum
1449 3513 1468 3558 e
1483 3491 1583 3560 Sexto
1605 3494 1690 3560 inter

330 3593 439 3660 aliena
453 3591 536 3657 bace
555 3589 717 3658 infuscata
732 3593 876 3660 redditur
890 3594 999 3677 imago
1023 3596 1078 3679 §3
1100 3599 1128 3660 ot
1151 3597 1203 3678 μὲν
1226 3596 1315 3677 σῶμα
1336 3614 1422 3679 φασιν
1444 3594 1516 3660 εἶναι
1538 3598 1587 3660 τὸν
1610 3597 1689 3674 θεόν,

331 3697 359 3759 οἱ
385 3695 419 3758 δὲ
445 3695 601 3776 ἀσώματον
634 3695 682 3758 καλ
715 3697 742 3758 οἱ
769 3696 821 3778 μὲν
850 3698 1071 3782 ἀνθρωποειδῆ,
1102 3700 1129 3761 ot
1157 3699 1189 3760 δὲ
1216 3696 1262 3760 οὔ.
1295 3695 1393 3763 etiarn
1421 3697 1551 3764 brevius
1574 3697 1689 3765 Galerii

331 3799 418 3861 τόπον
451 3795 484 3858 δὲ
517 3801 630 3880 κρατεῖν
666 3799 825 3881 ὡρισμένον
858 3801 906 3862 καί
933 3801 1074 3864 κινεῖσθαι
1103 3801 1301 3886 μεταβατικῶς
1335 3801 1387 3883 μὲν
1410 3800 1576 3886 Ἐπίκουρος
1602 3803 1689 3866 αὐτὸν

331 3901 421 3962 εἰπεῖν
444 3899 627 3983 ἐπιχείρησεν
643 3897 698 3964 illo
713 3900 882 3966 redditast
898 3904 925 3964 οί
941 3903 993 3984 μὲν
1016 3902 1046 3964 ἐν
1068 3903 1162 3988 τόπιρ,
1184 3906 1212 3966 ol
1235 3904 1268 3967 δὲ
1289 3901 1335 3980 οὔ,
1358 3902 1473 3985 quibus
1494 3922 1578 3985 quae
1599 3902 1692 3968 addit

331 4005 359 4066 ot
386 4003 438 4084 ptr
464 4001 544 4069 ἐντὸς
572 4001 684 4084 κόσμου
711 4003 738 4065 ot
766 4003 798 4066 a
831 4004 914 4073 ἐκτός
942 4003 1080 4069 invicem
1108 4003 1333 4069 desiderantur
1354 4003 1388 4070 iu
1411 4003 1548 4070 Galeno.
1593 4025 1689 4088 porro

331 4103 426 4170 buius
449 4101 580 4168 uberior
595 4101 706 4168 Stoica
721 4103 774 4170 dei
789 4103 933 4170 delinitio
955 4107 1105 4188 neglecta
1126 4112 1176 4170 est
1196 4105 1254 4190 illi,
1276 4106 1339 4171 nisi
1362 4106 1448 4188 quod
1471 4105 1588 4172 Galeri
1611 4131 1691 4192 προ-

331 4211 423 4272 νοεῖν
446 4229 482 4266 τε
506 4209 578 4267 τών
602 4207 811 4291 ἀρχομένων
833 4206 909 4270 κατ’
937 4210 1067 4292 ἀρετήν
1095 4205 1159 4272 iam
1188 4229 1255 4274 non
1282 4207 1427 4274 codicum
1453 4209 1557 4272 solum
1584 4215 1692 4274 aucto

330 4309 426 4373 ritate
448 4305 506 4370 sed
529 4306 626 4371 etiam
650 4307 740 4374 Sexti
764 4308 973 4376 similitudine
995 4307 1189 4394 defenditur,
1213 4310 1303 4375 cuius
1325 4317 1374 4376 est
1396 4331 1426 4395 p.
1445 4309 1618 4394 11111111.
1637 4311 1690 4374 ‘ro

331 4413 495 4494 ἐνεργοῦν
529 4409 618 4472 aare
650 4411 778 4496 ἀρετὴν
813 4412 872 4474 καί
899 4413 1161 4496 προνοούμενον
1194 4417 1261 4475 τών
1295 4414 1351 4498 ὑφ’
1385 4414 1492 4476 ἑαυτό
1525 4413 1691 4495 τεταγμέ-

331 4537 406 4578 νων.
436 4515 680 4576 contraeontra
703 4516 755 4596 pai
780 4514 820 4576 τὸ
848 4512 1036 4598 ἀνέργητον
1063 4515 1125 4578 καί
1154 4516 1244 4598 μήτε
1274 4517 1360 4580 αὐτὸ
1390 4518 1577 4602 πράγματα
1603 4513 1690 4600 ἔχον

332 4619 421 4700 μήτε
449 4612 560 4697 ἑτέρῳ
588 4615 748 4702 παρέχον
771 4617 942 4700 μακάριον
966 4616 1149 4698 opinentur!
1187 4616 1261 4682 huic
1293 4619 1437 4703 opinioni
1466 4636 1558 4684 suum
1586 4615 1692 4682 reddit

331 4724 496 4784 auctorem
525 4713 682 4784 Galenus:
713 4717 880 4804 Ἐπίκουρος
984 4719 1075 4801 λέγων
1103 4719 1136 4782 τό
1169 4721 1309 4804 μακάριον
1332 4721 1380 4784 καὶ
1403 4719 1601 4804 ἀδιάφθαρτον
1623 4717 1685 4782 οὔτ’

331 4823 402 4888 αὐτὸ
424 4824 580 4906 πράγματα
603 4820 683 4908 ἔχειν
705 4821 771 4886 οὗθ’
799 4823 891 4906 ἑτέρῳ
914 4823 1061 4908 παρέχειν.
1097 4820 1206 4904 itaque
1236 4823 1366 4904 plenam
1398 4822 1516 4905 ubique
1542 4827 1574 4888 et
1596 4826 1692 4887 testa·

330 4931 396 4990 tarn
419 4925 622 4995 decretorum
644 4923 836 4992 varietatem
852 4943 872 4992 a
888 4923 987 4992 Sexto
1011 4925 1158 4994 consulto
1182 4923 1363 5010 praecisam
1386 4943 1459 4992 esse
1480 4923 1582 4990 rides.
1604 4921 1691 5008 quod
