3750 5746
617 437 719 486 τοττι
736 436 839 486 mo.
852 435 880 484 11
897 433 927 484 ιι
940 441 983 482 m
1004 430 1035 482 ιο
1048 439 1107 477 ι-ι
1477 421 1538 486 34η

287 497 1317 598 τοντλκονιΜεοτη
1333 526 1390 580 ναι

252 687 298 763 ιἠ.
333 681 417 765 Περὶ
437 685 505 744 τῶν
529 675 753 761 καλουμένων

338 782 575 868 Διοσκούρων.
604 789 675 845 (160

222 891 310 942 EXV
319 887 412 940 49m

264 974 473 1058 Ξενοφάνης
494 972 562 1042 τοὺς
583 971 631 1036 ἐπὶ
652 973 711 1034 τῶν
726 969 835 1035 πλοίων
856 979 868 1031 1
932 959 1165 1048 (Ξενοφάνης)
1191 960 1257 1030 τοὺς
1286 956 1343 1046 [δὲ]
1371 959 1419 1022 ἐπὶ
1440 959 1499 1020 τῶν

200 1075 413 1164 σφαττομένους
429 1075 489 1138 οίον
502 1074 625 1159 ἀστέρας
636 1073 752 1158 νεφέλια
764 1071 835 1136 εἶναι
887 1067 995 1129 πλοίων
1011 1065 1201 1154 φαινομένους
1215 1063 1276 1126 οἷον
1292 1061 1426 1144 ἀστέρας,
1448 1059 1497 1128 οὓς
1550 1062 1553 1068 ’

221 1180 296 1244 κατὰ
307 1178 360 1262 τὴν
371 1176 456 1242 ποιὰν
471 1177 581 1260 κίνησιν
596 1177 836 1262 παραλάμποντα.
887 1169 935 1232 καὶ
958 1168 1149 1251 Διοσκούρους
1171 1164 1294 1228 καλοῦσί
1314 1186 1398 1242 τινες,
1420 1162 1500 1248 νεφέ-

886 1275 935 1335 λια
957 1270 1030 1334 εἶναι
1052 1268 1126 1334 κατὰ
1147 1270 1200 1353 τὴν
1222 1267 1308 1331 ποιὰν
1323 1267 1433 1348 κίνησιν
1448 1287 1500 1326 πα-

888 1375 1084 1458 ραλάμποντα.
1523 1387 1536 1424 τ

260 1483 498 1570 Μητρόδωρος
509 1485 567 1546 τῶν
580 1483 714 1566 ὁρώντων
726 1481 835 1566 ὁφθαλ·
853 1492 870 1545 1

223 1593 287 1671 μῶν
330 1585 403 1670 μετὰ
435 1585 518 1654 δέους
549 1585 598 1650 καὶ
631 1581 836 1668 καταπλήξεως

223 1689 295 1754 εἶναι
318 1687 517 1773 στιλβηδόνας.

190 1865 267 1942 τιν-τί).
291 1877 376 1962 Περὶ
392 1875 629 1960 ἐπισημασίας
644 1875 800 1959 ἀστέρων
954 1883 1040 1967 Περὶ
1062 1883 1306 1966 ἐπισημασίας
1328 1879 1476 1962 ἄστρων.

237 1981 296 2044 καί
317 1983 393 2050 πῶς
414 1979 544 2062 γίνεται
567 1981 701 2063 χειμὼν
724 1977 779 2041 καὶ

397 2080 513 2166 θέρος.
538 2089 569 2141 (1.
583 2088 615 2142 61

267 2201 411 2266 Πλάτων
438 2200 489 2270 τὰς
516 2199 710 2284 ἐπισημασίας
732 2201 783 2269 τάς
804 2213 869 2266 τοι
931 2201 1102 2290 (Πλάτων)
1134 2205 1185 2273 τὰς
1221 2200 1277 2289 {ab}
1308 2199 1502 2285 ἐπισημασίας

224 2303 339 2389 θερινὰς
362 2303 410 2366 καὶ
431 2303 482 2372 τὰς
502 2303 668 2387 χειμερινὰς
690 2303 764 2365 κατὰ
785 2301 837 2370 τὰς
888 2307 939 2376 τὰς
966 2331 998 2370 τε
1024 2307 1189 2392 χειμερινὰς
1221 2307 1270 2369 καὶ
1305 2306 1355 2376 τὰς
1388 2304 1503 2388 θερινὰς

192 2427 215 2464 ιτ
225 2409 285 2469 τῶν
308 2405 437 2489 ἀστέρων
459 2403 592 2473 ἐπιτολάς
609 2403 704 2468 τεκαὶ
727 2405 837 2488 δυσμὰς
889 2410 963 2473 κατὰ
985 2410 1035 2478 τὰς
1057 2413 1115 2472 τῶν
1131 2407 1244 2492 ἄστρων
1260 2409 1394 2477 ἐπιτολάς
1408 2429 1440 2469 τε
1454 2407 1502 2468 καὶ

225 2507 354 2592 γίνεσθαι
386 2506 484 2591 [ἡλίου
509 2529 542 2568 τε
569 2507 617 2569 καὶ
645 2509 768 2590 σελήνης
789 2506 838 2569 καὶ
889 2511 1000 2593 δυσμὰς
1022 2511 1161 2594 γίνεσθαι.
1514 2523 1539 2566 10

225 2615 284 2674 τῶν
328 2609 425 2673 ἄλλων
465 2610 620 2691 πλανητῶν
659 2610 708 2672 καὶ
748 2609 838 2672 ἄπλα-

225 2709 303 2799 νῶν].

264 2813 483 2897 Ἀναξιμένης
516 2813 549 2876 δὲ
582 2811 630 2875 διὰ
664 2813 715 2895 μὲν
749 2815 874 2882 ταῦτα2
936 2815 1194 2903 (Ἀναξιμένης)
1227 2818 1278 2886 τὰς
1306 2817 1339 2880 δέ
1364 2817 1504 2898 ἐπισημα·

193 2942 217 2980 ιο
230 2921 319 3004 μηδὲν
335 2918 455 2995 τούτων,
471 2916 519 2979 διὰ
533 2915 566 2978 δὲ
580 2915 629 2978 τὸν
644 2916 725 3000 ἥλιον
743 2913 840 2997 μόνον.
892 2921 956 2990 σίας
977 2919 1123 3005 γίγνεσθαι
1146 2920 1193 2983 διὰ
1214 2922 1263 2984 τὸν
1286 2921 1367 3005 ήλιον
1391 2919 1487 3001 μόνον·

267 3019 419 3089 Εὔδοξος
435 3017 576 3103 Ἄρατος
591 3021 695 3086 κοινῶς
710 3017 758 3080 διὰ
772 3018 874 3086 πάν-3
936 3021 1089 3094 Εὔδοξος
1119 3023 1167 3086 καὶ
1189 3020 1338 3106 Ἄρατος
1365 3023 1416 3092 τὰς
1445 3021 1503 3084 ἐπι-

225 3149 275 3196 τας
297 3124 365 3193 τοὺς
387 3121 519 3206 ἀστέρας,
541 3120 571 3183 ἐν
594 3119 637 3190 οἷς
659 3118 755 3205 φησίν·
892 3126 1038 3209 σημασίας
1060 3126 1135 3189 κατὰ
1156 3126 1207 3193 τὰς
1229 3129 1287 3187 τῶν
1310 3123 1423 3208 ἄστρων
1446 3125 1505 3187 ἐπι-

891 3228 976 3298 τολὰς
999 3227 1138 3310 γίνεσθαι.
1161 3227 1237 3310 λέγει
1252 3231 1320 3308 γοῦν
1330 3224 1449 3311 Ἄρατος
1471 3227 1502 3289 ἐν
1515 3244 1539 3282 να

890 3335 950 3400 τοῖς
973 3329 1162 3412 Φαινομένοις
1184 3329 1285 3398 οὕτως

268 3431 354 3501 αὐτὸς
376 3431 430 3514 γὰρ
452 3429 521 3491 τάδε
536 3425 641 3512 σήματ’
668 3427 697 3490 ἐν
721 3427 836 3512 οὐρανῷ
933 3433 1021 3503 αὐτὸς
1035 3434 1089 3516 γὰρ
1103 3433 1141 3495 τά
1158 3453 1190 3514 γε
1205 3427 1308 3516 σήματ’
1336 3431 1366 3494 ἐν
1389 3430 1504 3514 οὐρανῷ

685 3528 840 3614 ἐστήριξεν,
1358 3532 1505 3617 ἐστήριξεν

192 3658 217 3696 τι
271 3635 362 3720 ἄστρα
391 3635 546 3718 διακρίνας·
577 3631 719 3716 ἐσκέψατο
746 3629 772 3694 δ’
800 3631 841 3701 εἰς
935 3638 1026 3723 ἄστρα
1054 3637 1209 3721 διακρίνας.
1236 3634 1380 3720 ἐσκέψατο
1409 3631 1431 3696 δ’
1465 3633 1506 3703 είς

711 3733 840 3797 ἐνιαυτόν
1372 3736 1537 3801 ἐνιαυτόννο

269 3839 406 3924 ἀστέρας,
433 3839 466 3901 υί
483 3861 517 3902 κε
539 3839 663 3920 μαλιστα
685 3835 842 3918 τετυγμένα
934 3844 1070 3928 ἀστέρας,
1099 3841 1131 3906 σί
1149 3864 1183 3904 κε
1205 3841 1328 3924 μαλιστα
1350 3839 1507 3924 τετυγμένα

569 3947 574 3958 ’
663 3939 841 4022 σημαίνοιεν.
1330 3943 1506 4026 σημαίνοιεν.

893 4087 1094 4096 ——.-----··—

222 4149 234 4200 l
257 4147 313 4217 περὶ
325 4150 413 4199 τῶνΕ
434 4150 464 4198 Of·
479 4147 516 4198 (ἄν
535 4145 590 4214 πῑρλ
609 4150 661 4196 τῶν
679 4141 778 4212 ἄστρων
790 4147 842 4195 τῶν
929 4150 944 4203 1
964 4153 1051 4202 titulus
1070 4153 1142 4204 deest
1161 4147 1175 4218 ΙΙ
1197 4151 1253 4205 181
1272 4153 1376 4204 additur
1394 4161 1453 4219 post
1472 4151 1504 4204 13
1526 4161 1548 4200 14

186 4238 211 4288 A
230 4246 257 4286 ει
274 4237 328 4286 ind.
348 4235 381 4286 O:
401 4233 457 4302 περὶ
475 4232 574 4300 ἄστρων
591 4236 644 4282 τῶν
662 4233 697 4284 B:
717 4231 772 4300 περὶ
789 4236 841 4283 τῶν
894 4239 987 4308 σβέσεις

185 4322 297 4391 ἀστέρων
308 4322 392 4373 τῶνῦ
406 4321 539 4384 (context.)
554 4315 568 4387 ΙΙ
585 4318 601 4372 5
614 4317 713 4388 νεφέλια
726 4322 757 4370 εί.
771 4321 840 4371 Ptol.
930 4329 945 4380 6
965 4329 1066 4378 titulum
1084 4344 1116 4378 01
1135 4329 1251 4390 generali
1270 4345 1292 4378 ρ,
1306 4326 1340 4378 24
1358 4331 1474 4393 emm-psi

184 4429 208 4477 p·
220 4407 288 4462 220²
308 4405 322 4476 ΙΙ
342 4411 357 4462 6
377 4405 575 4477 παραλάμποντα
589 4409 693 4470 (Αναοι
712 4405 841 4475 παναλαμ-
930 4415 946 4466 τ
967 4414 1021 4466 ινι
1041 4415 1144 4464 additur
1161 4423 1220 4480 post
1240 4412 1297 4467 154
1315 4412 1420 4483 σελήνην

185 4514 277 4554 ποντας
289 4499 312 4546 Ε
333 4497 402 4546 effi
422 4491 436 4562 ΙΙ
457 4494 491 4544 10
509 4493 619 4563 ἀστέρων
637 4495 798 4547 B0P⁸01111⁸
816 4496 841 4546 d·
931 4502 963 4555 11
984 4502 1041 4556 192
1058 4503 1161 4553 additur
1179 4511 1239 4568 post
1251 4501 1309 4554 14³
1327 4500 1526 4571 κρυσταλλοειδεῖ

184 4603 252 4636 omn.
272 4585 297 4635 d.
316 4580 466 4644 102(136):
485 4579 583 4650 ἄστρων
595 4584 620 4633 Α
640 4579 654 4650 Ιί
676 4583 708 4637 16
727 4580 840 4650 ἡλίον-
929 4587 962 4640 21
981 4587 1005 4640 οἳ
1023 4586 1171 4656 μα’λιστα-
1184 4588 1343 4658 σημαίνουσιν
1362 4591 1396 4640 F:
1415 4597 1483 4640 recte
1502 4591 1523 4640 C

185 4669 304 4723 ἀπλανῶν
322 4677 428 4735 propter
446 4670 644 4720 collocationem
659 4681 777 4736 suspecta
791 4686 841 4720 om.

185 4761 209 4812 G
235 4754 248 4826 ΙΙ
274 4756 306 4810 17
325 4772 353 4807 τε
371 4753 414 4806 καί
437 4755 460 4804 Β
487 4751 501 4822 ΙΙ
529 4754 562 4808 19
584 4757 664 4807 ταῦτα
686 4757 721 4806 B:
749 4753 842 4824 ταύτην

184 4847 262 4910 (A)c.
298 4845 362 4896 illud
390 4843 536 4893 coniecerat
563 4845 666 4895 Roiske.
700 4840 740 4892 διὰ
767 4839 843 4910 μηδὲν

183 4929 459 4998 wdwvataenbach
475 4925 489 4995 ΙΙ
504 4926 536 4980 21
545 4924 647 4998 Ἄρατος
661 4948 702 4980 vv.
712 4927 815 4982 10-12
830 4921 844 4996 Ιί

185 5021 219 5074 23
237 5021 270 5072 τιί
286 5037 313 5090 γι
331 5021 428 5070 Aratus
451 5009 464 5081 ΙΙ
486 5012 519 5066 27
539 5015 641 5082 μαλαΒ
