3708 5738
515 409 770 460 FRAGMENTUM
790 411 839 459 DE
859 411 1030 461 SENSIBUS
1049 411 1177 471 §tit-91
1471 411 1532 474 527

217 577 266 640 τδν
291 578 419 661 μὲνγὰρ
442 576 471 646 ἐξ
494 577 597 647 ὁδατος
619 577 660 647 εἰς
682 577 769 662 ἀέρα,
796 579 849 662 τὴν
877 577 903 642 δ’
932 579 1058 665 ὁμίχλην
1085 577 1115 648 ἐξ
1137 580 1222 664 ἀέρος
1244 579 1285 648 εἰς
1307 578 1385 663 ὕδωρ
1406 580 1482 664 λέγει

218 680 417 765 μεταβαλλειν.
450 682 544 744 καίτοι
560 682 641 744 δοκεῖ
653 676 678 761 γ’
696 680 836 745 ἀνάπαλιν
852 679 930 766 ἔχειν
946 681 993 744 ἐπὶ
1009 687 1062 766 τῆς
1078 682 1213 767 ὁμίχλης,
1236 681 1280 743 διδ
1296 682 1344 744 καί
1360 683 1481 746 παύεται

216 782 253 846 τὰ
279 785 370 847 ὕδατα
396 783 547 866 γινομένης
575 783 711 868 ὁμίχλης.
868 783 1056 868 ἐνδεεστέρως
1090 783 1149 868 (δὲ)
1181 784 1228 846 καὶ
1258 786 1273 846 ὁ
1301 790 1353 868 τῆς
1380 791 1479 870 φωνῆς
1500 796 1530 848 91

218 883 328 969 εἴρηται
351 885 450 969 λόγος·
472 883 539 948 οὔτε
561 885 615 970 γὰρ
636 884 730 954 κοινδς
754 885 844 948 ὁίπασι
866 889 926 955 τοῖς
948 884 1036 970 ζῴοις
1052 886 1127 948 ἐστὶν
1150 885 1217 950 οὔτε
1231 887 1283 970 τὴν
1299 888 1393 952 αἰτίαν
1407 890 1483 972 λέγει

189 993 271 1072 ὁτῆς
293 989 460 1074 αἰσθήσεως
488 988 671 1073 βουλόμενος.
716 984 758 1049 ἔτι
786 987 819 1050 δὲ
846 986 880 1050 οὐ
906 987 955 1050 τὸν
983 988 1077 1073 ψόφον
1104 989 1153 1052 ιιαί
1180 990 1233 1074 τὴν
1260 992 1376 1075 φωνήν,
1407 992 1483 1054 ἀλλὰ

217 1092 270 1174 τὴν
292 1092 436 1176 ἡμετέραν
459 1089 594 1174 αἴσθησιν
617 1088 710 1154 ἔοικεν
733 1089 888 1174 ἀφορίζειν.
927 1091 991 1174 περὶ
1015 1091 1048 1154 δέ
1071 1093 1237 1174 χρωμάτων
1252 1094 1359 1178 σχεδὸν
1375 1094 1484 1176 ὁμοίως

212 1191 445 1276 Ἐμπεδοκλεῖ
464 1193 553 1276 λέγει·
577 1195 610 1256 τὸ
632 1195 686 1276 γὰρ
710 1193 861 1278 σύμμετρα
882 1190 961 1278 ἔχειν
984 1192 1071 1277 μόρια
1086 1199 1123 1276 τῇ
1148 1192 1212 1278 όψει
1234 1196 1277 1280 τῷ
1299 1199 1360 1264 τοῖς
1382 1196 1482 1280 πόροις

218 1295 400 1380 ἐναρμόττειν
415 1297 492 1360 ἐστίν
511 1310 535 1358 *.
560 1295 667 1359 ἄτοπον
690 1297 723 1359 δὲ
744 1297 777 1359 τδ
794 1296 885 1380 μόνην
904 1296 1010 1378 ταύτην
1033 1297 1201 1360 ἀποδιδόναι
1223 1301 1281 1360 τῶν
1302 1297 1483 1382 αἰσθήσεων·

218 1397 261 1463 ἔτι
289 1401 321 1462 δὲ
347 1399 381 1461 τδ
410 1399 511 1468 ἁπλῶς
538 1400 571 1462 τὸ
601 1403 710 1483 χρῶμα
737 1398 832 1484 φλόγα
858 1399 963 1481 λέγειν·
992 1400 1025 1460 τὸ
1059 1401 1111 1482 μὲν
1133 1400 1188 1484 γὰρ
1210 1399 1312 1462 λεοκδν
1334 1397 1398 1484 ἔχει
1420 1401 1482 1464 τινὰ

177 1531 202 1570 10
221 1501 389 1585 ὁμοιότητα,
411 1501 446 1563 τὸ
468 1502 501 1564 δὲ
524 1501 613 1584 μέλαν
635 1501 761 1564 ἐναντίον
785 1500 819 1564 ἂν
841 1500 956 1586 φανείη.
1001 1503 1053 1585 τὴν
1076 1504 1109 1565 δὲ
1130 1507 1189 1564 τῶν
1211 1502 1308 1564 ἄλλων
1332 1501 1481 1585 μῖξινγτὸ

217 1609 349 1692 ἀφαιρεῖν
376 1605 452 1672 όλως
479 1604 533 1667 οὐκ
555 1603 703 1689 ἐνδέχεται
726 1605 883 1668 ἀποδοῦναι
905 1608 968 1673 ταῖς
990 1603 1109 1680 αἰτίαις,
1133 1605 1223 1668 δεῖται
1245 1603 1277 1667 δέ
1299 1626 1373 1675 τινος
1395 1606 1482 1690 λόγου

216 1711 266 1773 καί
287 1708 420 1776 πίστεως.

168 1930 182 1982 1
209 1929 252 1983 τόν
278 1931 377 1997 Goray:
411 1929 440 1982 τὸ
466 1933 511 1982 PF
544 1927 558 1998 Η
589 1927 605 1980 δ
628 1925 653 1996 γ’
680 1932 715 1992 Ρ,
739 1945 772 1980 ex
794 1925 818 1980 δ’
873 1929 937 1980 hacc
958 1941 1066 1993 possunt
1093 1936 1213 1996 cogitari:
1241 1931 1287 2000 τὴν
1314 1929 1340 1983 δὲ
1365 1936 1418 1982 τῶν
1446 1930 1530 1984 ἄλλων

167 2035 232 2070 corr.
251 2021 325 2085 pnF
345 2017 358 2084 ΙΙ
383 2017 548 2088 3γινομένης
565 2021 602 2070 :ic
615 2019 671 2070 PF:
689 2016 822 2085 γενομένης
874 2013 939 2082 μῖξιν
957 2013 1011 2067 οὔτ’
1039 2019 1144 2088 ἀναιρεῖν
1168 2017 1234 2077 ὅλως
1257 2019 1303 2083 [sc.
1322 2017 1458 2088 ἐνδέχεται]
1477 2017 1527 2071 οὔτ’

167 2107 313 2171 Stephanus
333 2103 346 2175 Ιί
366 2104 392 2158 δί
410 2109 511 2158 addidit
528 2107 672 2158 Schneider
696 2102 709 2172 ΙΙ
733 2107 750 2158 4
768 2121 820 2156 ιιοι-
874 2103 999 2174 ἐνδέχεται
1011 2104 1144 2158 ἀποδοῦναι
1154 2104 1209 2158 ιιτλ.
1222 2103 1234 2173 ΙΙ
1245 2111 1299 2163 ταῖς
1308 2105 1395 2164 αἰτίαις
1409 2109 1486 2158 distet
1498 2110 1530 2160 eb

167 2198 217 2251 νιῐις
234 2196 290 2247 PF:
309 2211 374 2246 corr.
393 2195 535 2247 Schneider
554 2191 567 2262 ΙΙ
588 2193 604 2246 5
624 2189 771 2261 βουλόμενος
790 2195 821 2244 cf.
874 2189 968 2262 ὁρισμῷ
987 2191 1121 2246 ἀποδοῦναι
1135 2195 1364 2260 Arict.Top.114
1383 2193 1530 2261 p.105b26

166 2299 191 2347 p.
202 2279 289 2344 515,2
303 2278 346 2349 ΙΙἹ
365 2281 403 2351 τῷ
420 2287 472 2339 τοῖς
484 2283 542 2334 PF:
560 2279 590 2332 τδ
601 2285 652 2338 τοῖς
667 2281 822 2345 Stephanus.
874 2283 944 2342 sim„
968 2297 1029 2346 ergo
1047 2283 1236 2334 rescribendum
1257 2281 1301 2339 τὸς
1319 2279 1398 2338 αἰτίας
1418 2277 1431 2350 ΙΙ
1453 2280 1483 2334 ll
1504 2281 1530 2334 tt

167 2371 212 2420 scd
230 2379 289 2436 post
307 2369 372 2422 ἐστίν
390 2373 519 2422 intercidit
540 2367 617 2421 ταίιτό
640 2371 681 2422 vel
699 2366 751 2419 ἴσον
770 2363 784 2434 ΙΙ
806 2367 822 2418 9
874 2385 912 2434 pr.
930 2369 962 2419 F:
982 2371 1031 2420 del.
1050 2373 1151 2436 punctis
1164 2387 1213 2420 ecc.
1226 2371 1260 2420 F:
1280 2373 1365 2422 om.P
1386 2365 1400 2436 ΙΙ
1424 2368 1529 2421 12:111:-

168 2454 220 2524 ἔχει
243 2460 280 2508 sic
302 2459 347 2510 PF
373 2453 387 2524 ΙΙ
414 2456 446 2509 10
474 2467 590 2510 extreme
613 2465 733 2522 corrupte
755 2465 821 2507 sunt.
874 2459 963 2507 scribit
978 2457 999 2506 F
1017 2454 1110 2520 γτίλος
1132 2457 1187 2526 περὶ
1214 2453 1330 2525 uindice*
1353 2456 1381 2520 [i.
1398 2474 1422 2508 e.
1440 2453 1529 2527 αἰοδή-

166 2547 299 2609 reepicitnr
311 2547 447 2596 Platonica
459 2547 576 2596 doctrine
594 2543 663 2608 586.
687 2548 753 2596 inter
770 2547 823 2595 elie
874 2544 949 2608 οεως]
967 2540 1146 2613 δεοφράστοιιγ
