3756 5736
718 412 992 462 Pharmacusam
1472 417 1534 480 ‘229

265 575 453 644 Aristotelei
486 578 558 644 libri
589 579 726 662 vestigia
755 581 788 644 in
823 581 970 646 omnibus
1003 581 1123 665 pariter
1155 589 1323 666 apparent.
1367 585 1535 653 inferiores
1585 611 1591 621 ·

174 679 350 763 scriptores
372 687 502 765 praeter
523 682 759 748 Dicaearchum
782 689 815 749 et
837 683 870 749 in
894 681 1038 749 Diodoro
1053 683 1327 768 Agatharchidem
1349 708 1414 753 non
1435 690 1535 754 uomi-

173 787 303 847 nautar.
344 803 449 868 neque
471 791 580 850 amen
601 785 671 850 veri
693 784 797 852 simile
819 792 869 852 est
891 804 1084 869 quemquam
1107 807 1147 852 ex
1170 789 1324 872 primario
1345 788 1435 856 fonte
1459 790 1534 856 hau-

173 884 265 951 sisse.
300 884 341 950 de
356 885 492 952 Diodori
507 885 598 954 lente
614 907 712 971 supra
734 888 854 954 monui.
884 888 1042 954 Senecam
1058 908 1099 954 ex
1114 889 1288 956 Posidonio
1305 911 1364 957 sua
1380 893 1534 975 petivisse

172 987 242 1054 veri
272 986 377 1053 simile
408 993 467 1054 est.
511 1007 587 1054 nam
617 990 803 1055 lemmatum
832 1009 916 1073 quae
938 991 1055 1057 Strabo
1085 1012 1125 1057 ex
1148 991 1322 1058 Posidonio
1344 995 1439 1060 affert
1462 997 1483 1062 l.
1506 1018 1533 1062 c.

171 1091 370 1158 Homerum¹
388 1091 523 1158 Thalem
536 1093 758 1178 Thrasyalcen
769 1092 976 1159 Aristotelem
989 1093 1221 1161 Callisthenem
1238 1097 1345 1162 omnia
1359 1096 1393 1162 in
1409 1097 1535 1165 Seneca

173 1193 387 1261 inveniuntur
419 1201 550 1279 praeter
583 1196 758 1263 Homerum
792 1201 825 1262 et
854 1197 908 1279 qui
942 1196 1173 1262 Callisthenem
1205 1198 1400 1281 sequebatur
1428 1201 1533 1284 ipsmn

172 1297 392 1364 Aristotelem.
441 1298 649 1383 Apolloniam
679 1299 791 1365 scholii
822 1305 873 1364 est
901 1299 1062 1382 quaedam
1090 1299 1265 1366 similitudo
1295 1321 1366 1366 aum
1396 1301 1532 1371 Seneca.

173 1418 250 1465 nam
267 1407 403 1484 uterque
415 1399 552 1466 Thalete
567 1400 754 1485 posthabito
769 1401 811 1466 ab
823 1401 1019 1484 Anaxagora
1032 1401 1154 1485 incipit.
1178 1403 1336 1484 genuinus
1352 1403 1438 1469 enim
1454 1407 1533 1473 ordo

172 1503 374 1570 Herodotum
397 1509 430 1570 et
443 1503 651 1570 Aristotelem
673 1505 808 1569 latinum
829 1504 1029 1590 comparanti
1051 1504 1093 1569 ab
1108 1504 1202 1570 Aeto
1224 1507 1364 1572 maxime
1386 1516 1533 1576 servatus

172 1605 312 1672 videtur.
355 1604 414 1671 aad
441 1606 512 1690 quis
539 1607 573 1670 in
599 1612 691 1672 tanta
718 1606 759 1671 de
780 1605 855 1672 Nilo
884 1605 1039 1672 librorum
1066 1606 1265 1673 fecunditate
1294 1629 1386 1674 suum
1418 1612 1533 1696 cuique

173 1707 322 1792 scriptori
352 1706 537 1774 adscribere
565 1709 709 1774 audeat?
740 1727 816 1773 nam
848 1713 922 1792 post
950 1709 1158 1776 Posidonium
1186 1709 1270 1774 inter
1299 1712 1416 1780 multos
1448 1715 1532 1781 alios

174 1809 292 1876 Strabo
320 1808 484 1874 Eudorum
511 1815 544 1875 et
571 1809 755 1877 Aristonem
784 1811 826 1876 de
853 1811 978 1894 vulgari
1005 1811 1062 1877 illo
1085 1819 1275 1894 argumento
1298 1819 1364 1878 tam
1387 1815 1532 1883 similiter

173 1912 341 1996 scripsisse
368 1919 494 1996 narrat,
525 1919 560 1978 ut
588 1919 659 1979 uter
685 1921 790 1979 utrum
821 1913 1062 1996 oompilavisset
1089 1933 1124 1978 re
1149 1913 1275 1978 nescire
1302 1913 1458 1982 fateretur
1480 1916 1531 2004 [el.

173 2037 204 2100 p.
221 2015 304 2080 245⁵
331 2015 413 2082 Mus.
437 2014 540 2082 Rhen.
562 2016 675 2081 XXXI
702 2037 734 2100 p.
752 2014 831 2101 11¹].
876 2014 971 2080 nobis
989 2015 1125 2090 illarum
1154 2015 1362 2099 scriptionum
1390 2020 1532 2085 omnium

176 2137 333 2183 summam
355 2115 596 2184 similitudinem
618 2117 816 2184 intuentibus
839 2137 1040 2182 communem
1063 2123 1232 2200 utrumque
1250 2117 1371 2183 fontem
1387 2128 1529 2186 secutum

174 2220 321 2286 conicere
345 2219 434 2302 licet,
457 2219 658 2286 accuratiora
679 2219 797 2286 docere
820 2219 898 2284 mihi
919 2239 962 2284 ne
983 2217 1025 2284 de
1047 2219 1272 2303 superstitibus
1295 2219 1423 2303 quidem
1446 2223 1531 2290 lieet.

172 2342 212 2388 aa
233 2321 331 2386 miror
353 2322 392 2387 V.
413 2321 553 2388 Bessum
576 2323 630 2406 qui
652 2322 766 2388 anecd.
781 2323 798 2386 I
816 2323 901 2405 p.12
924 2321 1015 2387 dicit:
1043 2325 1096 2384 mit
1119 2324 1175 2386 der
1197 2325 1376 2387 ucrtoreaeu
1399 2329 1532 2408 cttpat-

171 2425 361 2506 patattscbau
374 2426 485 2504 actast
506 2421 603 2511 [unde
617 2423 810 2491 Aristoteles
833 2423 952 2488 latinus
968 2430 1018 2490 est
1033 2423 1215 2512 excerptus]
1238 2428 1291 2489 bat
1311 2447 1342 2490 cs
1366 2425 1531 2514 [anonymi

172 2525 352 2592 Florentini
379 2523 472 2612 liber]
499 2527 607 2590 ἰτοίαεα
632 2528 867 2590 uumtttetbareu
892 2529 1162 2610 recommendare,
1188 2531 1270 2593 wohl
1295 2530 1370 2593 aber
1397 2533 1449 2592 mit
1473 2533 1532 2594 aaa

170 2630 393 2712 pleicbartu'pea
407 2638 509 2694 resteu
523 2633 557 2692 ia
572 2632 632 2694 dau
647 2631 731 2694 Plac.
747 2632 832 2710 ptuit,
854 2630 903 2692 bei
924 2630 1066 2692 Diodcr
1088 2634 1153 2694 aad
1175 2633 1313 2695 Seneca
1328 2655 1358 2695 u.
1375 2655 1398 2696 s.
1415 2655 1452 2698 ιο.
1474 2656 1531 2716 ρο-

172 2733 432 2812 meiascllat'ttt'cba
448 2732 563 2808 Oualla.
599 2731 684 2798 unde
706 2729 979 2815 Agatharchidem
1002 2739 1035 2796 et
1057 2733 1265 2800 Posidonium
1288 2731 1339 2820 [cf.
1361 2733 1458 2798 Arist.
1482 2757 1529 2818 ps.

172 2859 204 2922 p.
220 2834 294 2922 2391
317 2835 383 2900 alio
405 2833 558 2919 propiore
579 2833 661 2900 libro
684 2854 781 2917 quam
796 2833 972 2899 Aristotele
994 2853 1070 2899 uses
1089 2855 1161 2901 esse
1183 2833 1382 2901 conclusitt⁸
1415 2855 1457 2901 an
1471 2837 1532 2902 Po·

173 2939 334 3005 sidonium
356 2935 589 3019 Agatharchidi
612 2935 810 3020 temporibus
837 2955 935 3018 aegre
964 2935 1142 3002 conciliatis
1169 2937 1337 3021 opinemur
1363 2939 1530 3004 materiam

171 3040 420 3126 suppeditasse?
450 3039 581 3104 ariolari
604 3039 697 3123 nolo,
720 3045 844 3104 tantum
872 3037 944 3102 dico
967 3037 1123 3120 pleraque
1145 3039 1284 3123 vestigia
1310 3039 1343 3104 in
1366 3040 1531 3108 Posidonii

172 3148 294 3210 sectam
317 3148 512 3208 etaetatem
536 3139 692 3207 eiusmodi
716 3141 924 3226 scriptionum
946 3137 1178 3206 feracissimam
1201 3142 1316 3208 redire.

257 3242 517 3329 Theophrasti
540 3242 686 3310 Senecae
709 3244 922 3323 Quaestiones
950 3260 992 3315 ex.
1012 3242 1187 3311 Posidonio
1211 3245 1325 3328 opinor
1347 3263 1445 3329 saepe
1468 3267 1532 3313 me·

173 3347 308 3412 moriam
324 3352 494 3412 servarunt
508 3351 545 3411 ut
558 3347 607 3412 ΠΙ
624 3348 662 3411 11
680 3356 749 3409 2-5
771 3348 811 3413 16
830 3357 845 3409 5
868 3345 910 3410 25
928 3353 983 3408 4.7
1010 3345 1051 3410 26
1072 3357 1084 3407 1
1106 3347 1151 3412 VI
1166 3349 1186 3412 2
1204 3358 1235 3410 16
1251 3349 1295 3413 VI
1312 3349 1352 3412 13
1373 3357 1384 3408 l
1407 3348 1529 3415 vllns.

174 3469 306 3534 possum
329 3469 369 3515 ex
392 3447 591 3514 Maerebio
614 3449 734 3515 addere
757 3451 938 3533 exemplum
962 3450 1072 3516 Somn.
1088 3448 1230 3532 Scipion.
1252 3448 1307 3514 lib.
1323 3451 1339 3514 Ι
1355 3451 1395 3514 15
1414 3460 1439 3515 3.

257 3554 295 3617 de
316 3555 375 3616 boc
397 3555 519 3616 lacteo
542 3554 630 3616 matti
649 3557 731 3617 iuter
752 3575 785 3616 se
808 3555 933 3616 diversa
952 3561 1114 3616 secacum
1135 3571 1307 3634 causasque
1322 3555 1388 3618 cius
1404 3557 1461 3618 alii
1477 3556 1530 3634 sa-

172 3657 308 3733 bulosas,
330 3657 491 3720 naturales
513 3656 570 3718 alti
590 3657 796 3735 protulerunt.
830 3657 886 3719 scd
907 3676 963 3720 aas
990 3656 1138 3735 fabulosa
1159 3659 1319 3719 reticentes
1346 3677 1385 3721 ea
1413 3666 1531 3721 tautam

174 3779 253 3842 quaa
274 3760 318 3823 att
339 3769 484 3822 caturam
506 3761 572 3822 etas
593 3761 663 3822 atra
683 3769 755 3822 suut
775 3760 928 3840 pertinere
951 3760 1095 3824 dicemus.

262 3861 537 3944 Theophrastus
567 3863 698 3926 lacteum
726 3865 805 3926 dicit
835 3883 901 3927 asse
928 3883 1103 3946 compapem
1131 3883 1193 3946 qua
1219 3864 1256 3925 de
1287 3863 1407 3926 duobus
1433 3864 1531 3926 bemi-

243 4053 252 4083 ¹
271 4055 399 4106 Homerus
417 4057 525 4106 tortam
543 4056 595 4104 iam
612 4054 644 4103 ab
657 4055 796 4104 Aristotele
810 4053 938 4104 adhibitus
957 4061 1020 4102 erat.
1039 4055 1069 4104 cl.
1088 4053 1168 4102 schol.
1187 4054 1264 4104 Hom.
1283 4050 1358 4104 bd'l'l
1373 4050 1474 4104 πολλῶν
1493 4052 1531 4104 λε-

172 4142 282 4209 γομένων
306 4141 360 4209 περὶ
384 4143 430 4208 τῆς
452 4143 497 4191 τοῦ
516 4136 607 4193 Νείλου
630 4139 772 4208 ἀναβάσεως
799 4145 898 4207 πρῶτος
911 4135 1022 4208 Ὅμηρος
1044 4137 1090 4205 τὴν
1114 4134 1285 4206 ἀληθεστάτην
1308 4137 1388 4190 αἰτίαν
1406 4138 1457 4190 εἰπε
1475 4138 1531 4190 διι-

172 4232 247 4297 πετη
271 4225 467 4298 προσαγορεύσας
489 4225 564 4280 αὐτὸν
587 4226 647 4279 διότι
670 4215 807 4296 πληροῖπαι
831 4225 878 4278 ἀπὸ
901 4233 953 4279 τῶν
975 4227 1000 4278 ἐν
1019 4223 1137 4293 Αἰθιοπίᾳ
1155 4226 1289 4293 γινομένων
1307 4224 1470 4277 ἀδιαλείπτων
1486 4231 1531 4278 τοῦ

172 4312 259 4385 θέρους
282 4315 326 4367 καί
344 4313 458 4384 σφοδρῶν
477 4313 557 4367 δετῶν
575 4315 610 4374 ὡς
628 4316 672 4366 ααί
694 4311 869 4384 Ἀριστοτέλης
893 4315 936 4365 aul
955 4309 1063 4373 Εὔδοξος
1085 4309 1207 4365 πεπύσθαι
1225 4316 1304 4365 ταῦτα
1326 4315 1461 4382 φάσκοντες
1483 4311 1531 4366 ἀπὸ

170 4409 222 4455 τῶν
240 4404 266 4456 ἐν
285 4399 403 4471 Αἰγίιπτιρ
422 4402 517 4471 ἰερέων.
547 4407 578 4454 af.
598 4405 689 4456 Aetius
708 4405 746 4454 IV
768 4403 779 4454 l
800 4413 819 4453 7.

242 4489 252 4524 ²
270 4499 472 4543 consentaneum
495 4499 534 4542 ast
556 4501 692 4555 auumque
711 4491 859 4541 Aristotelis
878 4491 1001 4540 iudicium
1025 4489 1056 4540 de
1075 4491 1136 4540 Nile
1161 4506 1234 4540 suum
1252 4491 1344 4540 lacere.
1369 4491 1470 4540 dixerat
1487 4491 1530 4540 ille

169 4597 195 4645 p.
213 4577 273 4641 639,
289 4575 338 4630 132
367 4578 489 4629 aidcalm·
513 4579 582 4628 caim
606 4593 692 4644 aquae
708 4577 801 4644 sactae
820 4592 869 4640 per
888 4575 1121 4643 temperaturae
1143 4591 1208 4627 aare
1230 4593 1311 4641 usqae
1334 4575 1371 4627 αά
1395 4585 1531 4626 arcturum

171 4666 269 4717 multae
282 4676 307 4717 et
320 4665 499 4716 abundanter:
524 4667 731 4730 Agatharchides
751 4666 829 4716 Diod.
843 4663 901 4715 141
917 4674 929 4713 4
947 4664 1008 4732 φησί
1026 4663 1071 4731 γὰρ
1090 4659 1149 4714 κατ’
1172 4661 1281 4714 ἐνιαυτὸν
1300 4663 1389 4720 ἐντοῖς
1408 4661 1473 4714 κατὰ
1484 4661 1531 4729 τὴν

171 4749 302 4806 Αἰθιοπίαν
320 4751 385 4822 ὄρεσι
403 4749 510 4820 γίνεσθαι
529 4757 671 4822 συνεχεῖς
689 4750 824 4820 ὄμβρους
843 4749 890 4802 ἀπὸ
909 4747 1013 4818 θερινῶν
1025 4756 1125 4819 τροπῶν
1138 4751 1212 4820 μέχρι
1225 4754 1270 4818 τῆς
1289 4753 1459 4818 μετοπωρινῆς
1478 4749 1530 4816 ἰση-

169 4841 259 4910 μηρίας
278 4845 389 4906 iamque
408 4843 533 4893 Paridon.
555 4842 623 4906 apud
643 4841 775 4891 Cleomed.
795 4842 853 4888 circ.
874 4840 980 4889 doctr.I
1000 4857 1023 4904 p.
1038 4839 1069 4890 41
1082 4840 1155 4889 Balsa
1175 4838 1227 4889 έπεί
1246 4838 1288 4888 tal
1308 4837 1362 4906 aspi
1380 4835 1426 4905 τὴν
1445 4833 1530 4887 Αἰθιο-

170 4927 228 4981 aiau
245 4927 356 4998 ὄμβροι
375 4933 516 4998 συνεχεῖς
534 4922 718 4995 καταφέρεσθαι
737 4925 889 4993 ἱστοροῦνται
908 4925 962 4993 περὶ
981 4923 1009 4976 τδ
1021 4921 1094 4992 θέρος
1107 4925 1150 4975 rai
1169 4922 1274 4991 priliaco
1287 4923 1333 4993 rip
1347 4922 1431 4992 ἀκμὴν
1444 4921 1530 4988 αὑτοῦ,

170 5017 216 5084 ἀρ’
237 5016 273 5068 ὧν
291 5015 335 5067 καί
353 5014 366 5066 δ
387 5011 476 5072 Νεῖλος
495 5009 627 5082 πληθύνειν
645 5015 689 5062 τοῦ
709 5009 795 5081 θέρους
814 5010 961 5062 ιἰπονοεῖται.
