3710 5730
661 431 934 484 PROLEGOMENA
1439 426 1479 488 4‘1

121 601 347 686 paragraphos
370 604 527 686 serravit,
549 603 595 666 illi
619 602 777 685 quinque,
800 607 971 684 praetcrea
994 601 1146 663 lemmata
1171 597 1348 678 integriora
1372 594 1453 659 istic.
1472 595 1478 625 ¹
1580 659 1588 680 γ

120 705 252 788 quintus
274 707 356 773 liber
378 727 444 771 non
466 707 632 789 inspectus
654 709 713 769 est.

203 809 350 892 Apparet
381 829 422 874 ex
448 809 510 872 hoc
533 812 723 890 conspectu,
756 803 868 886 quanti
895 803 959 869 sint
985 802 1079 868 uobis
1102 800 1297 866 Theodorcti
1328 807 1482 882 excerpta

115 911 187 976 sire
210 910 357 976 ordinem
380 910 450 976 sive
472 910 663 993 scripturam
690 908 758 973 sire
783 907 911 989 copiam
940 904 1122 988 grandioris
1146 904 1253 987 operis
1276 902 1482 967 restituturis·

114 1030 193 1076 nam
221 1014 361 1096 paucula
389 1011 509 1078 menda
540 1017 639 1092 atque
668 1009 829 1093 genuinae
858 1007 1081 1074 collocationis
1111 1005 1222 1071 turbae
1253 1023 1332 1088 prae
1359 1005 1483 1087 reliqna

114 1115 318 1198 praestantia
340 1113 477 1180 libenter
500 1113 728 1178 condonemus.

204 1216 376 1300 singulare
397 1221 506 1282 antem
529 1235 568 1280 ac
591 1215 753 1299 quantivis
776 1213 871 1298 pretii
894 1220 944 1279 est
959 1213 1155 1278 Theodoreti
1177 1211 1258 1276 illud
1280 1209 1479 1293 beneficium,

116 1320 205 1402 qnod
232 1317 388 1404 plenioris
416 1317 490 1382 libri
521 1323 687 1382 auctorem
719 1317 766 1382 ita
798 1315 991 1400 'significavit
1023 1321 1059 1379 ut
1091 1321 1164 1399 post
1197 1320 1245 1379 tot
1277 1313 1479 1376 sacculorum

115 1421 249 1486 exilium
273 1419 420 1487 revocari
449 1418 579 1484 andem
609 1419 785 1500 aliquando
814 1439 853 1484 ac
880 1417 1078 1502 postliminio
1106 1417 1230 1482 restitui
1254 1421 1374 1500 posset.
1419 1413 1480 1497 Cy-

113 1524 220 1589 rensis
256 1523 425 1608 episcopus
460 1520 685 1603 graecanicam
720 1527 844 1606 pestem
878 1525 1046 1584 curaturus
1078 1519 1210 1585 Euschii
1244 1519 1410 1600 exemplar
1439 1537 1478 1582 co

113 1645 246 1709 quoqne
269 1631 397 1691 secutus
420 1630 479 1707 est,
502 1629 537 1688 ut
561 1622 730 1706 gentilium
753 1622 992 1708 philosophiam
1009 1628 1041 1687 et
1056 1622 1251 1704 theologiam
1274 1620 1479 1703 exipsorum

113 1728 245 1812 scriptis
273 1727 428 1793 refutaret
451 1725 630 1808 animisque
653 1745 795 1791 errorem
817 1725 906 1810 prius
928 1723 1085 1789 evelleret
1107 1743 1203 1806 quam
1230 1739 1340 1788 reram
1364 1721 1479 1786 doctri-

113 1849 192 1894 nam
221 1829 402 1895 instillaret.
449 1846 526 1910 ergo
553 1846 594 1891 ue
624 1826 776 1892 fallaciae
803 1833 992 1910 argueretur
1019 1825 1230 1890 creberrimus
1257 1833 1307 1890 est
1333 1826 1367 1889 in
1392 1825 1479 1889 testi·

14 1999 19 2012 ,
113 1931 233 1997 moniis
260 1931 473 2012 Graecorum,
505 1929 712 2015 parcissimus
746 1929 779 1995 iu
807 1928 938 1995 Eusebii
965 1947 1004 1994 ac
1034 1927 1225 2011 Clementis,
1257 1927 1342 1992 unde
1369 1933 1478 1991 tamen
1551 1971 1558 1988 .

113 2036 274 2118 pleraque
308 2033 416 2098 omnia
447 2031 572 2097 furatus
607 2039 665 2098 est.
710 2052 771 2098 nec
796 2033 867 2118 ipsc
900 2029 1019 2097 celarit
1046 2030 1150 2094 istanc
1178 2029 1346 2095 rationem.
1379 2029 1410 2092 X
1436 2031 1478 2093 42

113 2135 266 2219 Οἰνομάου
295 2137 328 2198 δὲ
355 2136 401 2198 καί
429 2135 595 2220 Πορφυρίου
621 2137 669 2198 καὶ
700 2135 890 2220 Πλουτάρχου
922 2134 970 2197 καὶ
1000 2135 1181 2215 Διογενιανοῦ
1213 2133 1261 2194 καὶ
1291 2137 1349 2194 τῶν
1382 2132 1478 2194 ἀλλων

113 2241 213 2322 ὑμῶν
248 2239 351 2301 ἕνεκα
384 2238 585 2321 ἐπεμνήσθην,
619 2239 776 2322 ἐπειδήπερ
810 2239 891 2319 ὑμῖν
926 2238 966 2300 τὰ
1000 2236 1156 2320 ὑμέτερα
1196 2234 1359 2316 λέγοντές
1390 2236 1478 2298 εἰσιν

113 2340 315 2425 ἀξιόχρεοι,
357 2342 439 2424 ἡμῖν
477 2341 515 2402 δὲ
557 2342 662 2424 ἀρκεῖ
700 2344 767 2403 τῶν
807 2341 1021 2423 πραγμάτων
1058 2339 1077 2420 ἡ
1114 2335 1294 2420 μαρτυρία.
1347 2335 1479 2401 numina

113 2441 365 2507 existimationis
400 2441 487 2525 apud
517 2441 661 2507 Graecos
694 2439 799 2522 gratia
829 2441 1022 2524 afferuntur,
1059 2439 1150 2521 ipsae
1183 2457 1235 2502 res
1268 2457 1309 2502 cx
1338 2439 1477 2504 Eusebio

118 2543 276 2610 videlicet
297 2543 561 2609 transcribuntur.
600 2542 676 2608 hinc
698 2541 943 2627 Porphyrius
976 2542 1094 2607 totiens
1120 2540 1155 2604 in
1182 2539 1397 2604 testimonium
1425 2561 1479 2606 ro·

114 2656 209 2714 catus
232 2655 268 2712 ut
290 2647 321 2712 Il
343 2647 385 2711 43
408 2647 433 2709 εί
456 2644 477 2709 δ’
505 2645 547 2710 ἔτι
570 2649 618 2710 καλ
640 2651 689 2710 νῦν
712 2646 873 2718 ἑνδοιάξετε
894 2646 942 2708 καί
962 2646 1096 2707 πλάττειν
1118 2645 1197 2726 ἡμᾶς
1218 2642 1301 2706 τόνδε
1322 2645 1371 2706 τδν
1394 2643 1478 2726 λόγον

113 2751 351 2836 ὑπολαμβάνετε,
375 2749 571 2834 Πορφόριος
597 2755 665 2833 γοῦν
693 2751 759 2832 ὑμῖν
783 2749 890 2832 μάρτυς
912 2745 1072 2830 ἀξιόχρεως
1095 2744 1183 2809 ἔστω.
1215 2763 1276 2810 nec
1296 2747 1419 2810 ιθαιιεΙ
1438 2747 1479 2809 14

108 2855 160 2916 καὶ
183 2857 276 2916 ταῦτα
297 2854 425 2916 διδάσκει
449 2853 500 2934 μὲν
523 2851 753 2935 Πλούταρχος
776 2853 792 2914 ὁ
816 2849 971 2924 Βοιώτιος,
997 2849 1125 2912 διδάσκει
1148 2849 1180 2910 δὲ
1203 2847 1250 2910 καὶ
1274 2846 1478 2932 Πορφόριος

107 2960 124 3019 b
150 2957 226 3019 κατὰ
247 2959 300 3038 τῆς
322 2955 462 3038 ἀληθείας
484 2954 627 3036 λυπήσας
649 2953 697 3016 καὶ
725 2952 821 3034 μέντοι
846 2953 894 3014 καλ
917 2951 1122 3035 Νουμήνιος
1148 2951 1196 3013 καὶ
1224 2951 1315 3033 ἕτεροι
1338 2953 1476 3014 πλεῖστοι.

110 3058 189 3121 hinc
211 3056 310 3122 etiam
332 3076 372 3122 ea
395 3075 478 3140 qnae
501 3054 707 3140 appositurus
723 3075 792 3118 sum
809 3054 924 3119 melius
939 3053 1182 3138 perspicientur.
1206 3057 1377 3135 postquam
1393 3051 1477 3117 enim

107 3160 156 3224 lV
173 3160 282 3224 5-24
309 3159 435 3224 Placita
462 3157 572 3223 valide
598 3155 786 3240 compilavit
812 3155 1020 3240 Socratisque
1046 3161 1081 3219 ut
1112 3152 1355 3236 locupletissimi
1382 3154 1474 3218 testis

108 3260 303 3327 memoriam
326 3261 452 3344 citavit,
482 3259 586 3344 pergit
608 3259 699 3338 531:
726 3259 752 3321 εἰ
774 3259 807 3322 δέ
829 3283 871 3328 τις
893 3257 982 3322 οἴεται
1004 3259 1081 3341 κάμὲ
1105 3261 1321 3341 συκοφαντῆσαι
1343 3257 1409 3325 τοὺς
1431 3256 1477 3318 ἀν·

107 3368 181 3449 δρας
203 3367 257 3448 τὴν
280 3364 455 3447 παμπόλλην
477 3363 574 3427 αὐτῶν
597 3363 755 3445 διαφωνίαν
779 3361 966 3446 ἐξελέγχοντα
989 3362 1147 3444 ἀναγνώτω
1170 3359 1222 3442 μὲν

196 3466 330 3531 Ἀετίου
351 3469 414 3550 τὴν
436 3467 517 3550 περὶ
541 3464 764 3548 ἀρεσκόντων
787 3461 1003 3547 ξυναγωγήν,
1026 3463 1183 3544 ἀναγνώτω
1205 3461 1238 3523 δὲ

200 3569 429 3654 Πλουτάρχου
462 3569 523 3652 τὴν
559 3567 635 3650 περὶ
667 3567 736 3627 τῶν
765 3569 840 3634 τοῖς
869 3565 1078 3649 φιλοσόφοις
1104 3562 1279 3632 δοξάντων
1306 3561 1476 3644 ἐπιτομὴν

106 3673 158 3735 καλ
186 3671 390 3756 Πορφυρίου
412 3672 445 3733 δὲ
467 3673 486 3754 ἡ
509 3669 708 3755 φιλόσοφος
731 3668 869 3752 ἱστορία
890 3667 984 3730 πολλὰ
1005 3669 1123 3728 τοιαῦτα
1146 3666 1273 3728 διδάσκει

199 3773 318 3858 ἀπόχρη
340 3775 373 3836 δὲ
395 3773 443 3835 καὶ
466 3773 503 3836 cd
525 3771 759 3853 Ξενοφῶντος
782 3770 823 3833 ών
845 3769 951 3854 ἀρτίως
973 3769 1161 3852 ἐμνήσθημεν
1181 3763 1476 3852 [ἀπομνημονεύματα

108 3880 129 3957 ξ
147 3873 202 3962 30]
226 3879 407 3960 μαρτυρῆσαι
429 3879 490 3944 τοῖς
511 3871 574 3958 παρ’
603 3874 689 3956 ἡμῶν
711 3871 873 3955 εἰρημένοις
896 3873 1047 3956 ἀλήθειαν.

199 3977 323 4044 Ultima
344 3977 436 4043 rides
459 3983 591 4062 propter
614 3973 757 4039 Socratis
779 3993 820 4038 cx
835 3972 1053 4058 Xenophonte
1075 3973 1263 4038 memoriam
1285 3971 1373 4034 dicta
1394 3989 1476 4036 esse.

107 4103 189 4164 ergo
219 4080 427 4162 indagandus
456 4087 506 4146 est
528 4077 725 4145 Plaeitorum
748 4083 861 4140 auctor
882 4075 916 4140 in
939 4075 1001 4160 eis,
1029 4093 1113 4159 quac
1135 4079 1212 4138 ante
1235 4072 1401 4138 Socratem
1425 4091 1477 4136 ex-

107 4191 226 4267 cerpta
257 4189 342 4248 sunt.
387 4181 446 4248 scd
467 4187 533 4247 tres
555 4179 765 4246 nominantur
786 4177 899 4244 Aetius
932 4176 1124 4243 Plutarchus
1154 4173 1371 4258 Porphyrius,
1405 4193 1476 4238 cum

107 4294 224 4351 tamen
245 4305 329 4350 unus
351 4283 432 4352 liber
454 4284 523 4350 sine
545 4283 644 4350 dubio
667 4279 710 4348 ad
731 4299 847 4346 manns
869 4279 975 4346 fuerit.
1010 4279 1081 4364 quis
1102 4277 1200 4361 igitur
1222 4275 1304 4342 luit?
1333 4274 1478 4360 Porphy-

185 4504 192 4536 ¹
214 4521 280 4572 quae
306 4515 427 4558 secuntur
449 4508 531 4558 allect.
546 4523 599 4557 cur.
616 4503 734 4568 V25sq.
758 4497 850 4572 Ζήνων
868 4499 923 4552 κτλ.
946 4503 1051 4553 liberius
1073 4517 1106 4552 ex
1129 4501 1243 4552 Eusebio
1262 4501 1314 4550 XV
1326 4496 1361 4549 ab
1369 4513 1408 4562 sq.
1431 4513 1476 4548 ax·

108 4609 202 4658 pressa
221 4601 287 4644 sunt.
325 4596 395 4658 quod
412 4609 506 4646 moneo
524 4609 578 4645 non
597 4595 680 4644 solnm
698 4599 804 4658 propter
822 4591 1010 4652 (isisiordium,
1034 4605 1109 4653 quem
1128 4589 1234 4639 Eusebii
1252 4589 1376 4637 memoria
1394 4588 1476 4648 latuit,

108 4683 157 4732 sed
176 4691 314 4748 propterea
333 4681 402 4745 qnod
419 4684 470 4732 iam
483 4681 664 4732 Theodorems
683 4697 705 4731 c.
722 4676 824 4732 18-20
842 4679 907 4729 lalso
922 4679 1051 4728 Numenio
1064 4678 1234 4736 coadunavit,
1253 4677 1297 4738 qui
1315 4689 1335 4724 c.
1352 4673 1382 4724 ll
1401 4689 1476 4739 prae-

109 4772 197 4820 cessit.
225 4777 284 4820 sunt
307 4777 392 4818 autem
415 4783 505 4818 revera
527 4769 572 4819 illa
590 4769 674 4833 capita
693 4768 750 4816 Arii
768 4765 874 4831 Didymi
892 4767 922 4815 ir.
938 4762 980 4816 39.
1004 4765 1035 4814 cf.
1053 4763 1163 4814 Krische
1181 4762 1287 4812 Forsch.
1305 4779 1331 4826 p.
1344 4758 1404 4812 359.
1424 4756 1475 4810 483

108 4857 251 4919 'rhedinga
269 4857 301 4907 de
319 4857 451 4908 Nnmenio
470 4851 554 4905 Bonn.
576 4852 643 4907 1875
661 4871 687 4919 p.
700 4855 724 4905 9.
752 4869 824 4903 error
847 4861 933 4902 antem
952 4859 1036 4901 utrum
1055 4851 1112 4916 posi
1131 4849 1271 4901 Eusebium
1290 4850 1476 4900 insinceritas

109 4945 162 5007 ipsi
182 4945 297 4994 lluscbic
317 4943 453 4994 schedulas
471 4943 603 5006 colligenti
622 4942 745 4992 acciderit
764 4939 807 5003 [er.
827 4941 849 4990 l.
864 4939 1038 4991 Prandenthal
1058 4937 1306 4989 Hellenist.Stud.1
1324 4953 1348 5001 p.
1362 4932 1399 4998 5]‚
1417 4950 1475 4999 par·

110 5029 171 5078 iude
191 5040 237 5080 est
881 5041 884 5048 ’
