3648 5736
370 371 434 438 652
700 373 868 427 Ηυιιιιιαο
888 373 991 427 mms.
1011 373 1155 427 σαντα..
1173 373 1318 428 Panos.
1332 371 1402 430 3-6

422 544 450 607 οἱ
473 543 506 607 δὲ
527 544 587 629 τρὶς
608 545 839 628 ένσωματοῦσιν,
867 545 895 608 οί
916 545 950 608 δὲ
971 544 1138 630 τρισχιλίων
1160 543 1237 608 έτῦν
1258 543 1410 630 περιόδους
1430 543 1507 627 αὐτῇ
1532 545 1675 628 ὁρίζουσιν.

423 646 472 710 καί
502 647 557 732 γὰρ
586 649 613 711 οὑ
645 647 720 731 μηδὲ
751 647 855 712 ἑκατδν
890 645 942 732 ἔτη
977 649 1084 720 ζῶντες
1115 648 1181 732 περί
1213 647 1379 734 τρισχιλίων
1410 647 1483 710 ἑτῶν
1519 645 1676 730 μελλόντων

420 747 651 834 ἐπαγγέλλονται.

510 855 531 920 4
567 851 667 918 Ταῦτα
688 850 738 916 οῦν
760 852 789 915 τί
809 855 868 938 χρὴ
892 855 1005 938 καλεῖνγ
1032 856 1072 925 ὑις
1094 855 1147 938 μὲν
1170 851 1237 938 ἐμοὶ
1258 855 1349 932 δοκεῖ,
1371 851 1519 938 τερατείαν
1542 853 1564 936 ἢ
1586 849 1676 915 ἄνοιαν

392 955 442 1040 νή
466 955 569 1038 μανίαν
590 955 610 1039 ἢ
633 955 731 1020 στάσιν
754 954 774 1039 ή
798 957 873 1039 ὁμοῦ
894 957 997 1020 πάντα.
1041 956 1068 1020 εί
1091 958 1144 1040 μέν
1166 956 1295 1040 τάληθές
1323 955 1494 1041 εὑρήκασιν,
1524 957 1678 1038 δμονοησά·

423 1079 519 1124 τωσαν
541 1059 561 1143 ή
585 1057 908 1142 συγκατατιθέσθωσαν,
930 1060 1012 1142 κάγὼ
1034 1059 1101 1124 τότε
1121 1060 1246 1143 ἄσμενος
1267 1058 1366 1130 αδτοῖς
1380 1059 1594 1144 πεισθήσομαι,
1615 1055 1679 1120 είδὲ

421 1163 579 1228 ἀντισπῦσι
594 1162 646 1246 τήν
661 1162 759 1246 ψυχὴν
782 1161 830 1226 καὶ
853 1161 1041 1226 ἀνθέλκουσιν
1063 1159 1151 1232 ἄλλος
1172 1161 1213 1232 εἰς
1235 1160 1327 1245 ἄλλην
1350 1161 1447 1246 φύσιν,
1469 1161 1571 1246 έτερος
1590 1161 1625 1226 ’δὲ
1645 1161 1679 1231 εἰς

422 1265 522 1350 ἑτέραν
544 1263 654 1344 ούσίαν,
678 1264 748 1347 ύλην
771 1264 804 1328 δὲ
825 1262 856 1334 έξ
878 1264 948 1348 ῦλης
975 1265 1216 1350 μεταβαλλουσιν,
1239 1265 1374 1348 όμολογῦ
1401 1264 1678 1351 ὑπεράχθεσθαιτή

424 1367 578 1452 παλιρροία
599 1370 659 1431 τῶν
680 1367 867 1451 πραγμάτων.
910 1369 959 1430 νῦν
982 1367 1034 1450 μὲν
1056 1366 1203 1438 ἀθάνατός
1224 1366 1284 1450 εἰμι
1305 1366 1354 1432 καὶ
1375 1365 1499 1450 γέγηθα,
1520 1372 1574 1433 νῦν
1597 1365 1622 1432 δ’
1646 1367 1680 1432 αό

383 1489 407 1530 ιο
425 1469 531 1554 θνητός
552 1470 667 1554 γίνομαι
689 1469 738 1534 καί
759 1470 891 1557 δακρύω·
914 1471 978 1557 ἄρτι
1000 1471 1033 1533 δέ
1054 1469 1096 1540 είς
1117 1469 1244 1554 ἀτόμους
1266 1469 1436 1552 διολύομαι,
1460 1469 1540 1556 ύδωρ
1562 1472 1679 1556 γίνομαι,

426 1570 497 1662 [καί]
513 1574 571 1658 ἀήρ
585 1573 711 1657 γίνομαι,
733 1577 790 1660 πῦρ
805 1575 935 1659 γίνομαι·
958 1573 1021 1638 εἶτα
1036 1569 1094 1656 μετ)
1115 1571 1211 1656 ὀλίγον
1232 1569 1301 1636 οὔτε
1321 1571 1379 1656 ἀὴρ
1401 1571 1469 1638 οὕτε
1490 1577 1563 1658 πῦρ,
1584 1573 1679 1658 θηρίον

421 1700 458 1762 με
472 1681 560 1756 ποιεῖ,
576 1676 665 1762 ίχθύν
680 1700 717 1760 με
731 1683 817 1756 ποιεῖ,
840 1680 926 1743 πάλιν
941 1675 991 1741 ούν
1007 1676 1150 1762 ἀδελφοὺς
1166 1671 1231 1760 ἔχω
1245 1676 1391 1759 δελφῖνας.
1422 1674 1491 1738 όταν
1507 1675 1543 1740 δὲ
1561 1675 1679 1758 ἐμαυτὸν

421 1779 487 1858 ἴδω,
509 1781 657 1865 φοβοῦμαι
678 1781 712 1844 τδ
734 1784 821 1864 σῶμα
844 1781 892 1844 καὶ
915 1777 969 1844 οῦκ
991 1777 1057 1842 οίδα
1072 1777 1152 1848 όπως
1167 1776 1239 1842 αῦτδ
1254 1776 1382 1855 καλέσω,
1404 1775 1564 1862 ἄνθρωπον
1579 1778 1600 1862 ή
1615 1779 1679 1842 κύνα

420 1883 441 1966 ή
462 1883 550 1948 λύκον
572 1881 592 1965 ἢ
614 1883 720 1966 ταῦρον
742 1883 762 1968 ἢ
785 1882 861 1969 ὄρνιν
882 1883 904 1968 ἢ
927 1880 992 1967 όφιν
1015 1880 1035 1965 ή
1057 1881 1200 1964 δράκοντα
1222 1881 1242 1964 ή
1264 1879 1419 1966 χίμαιραν·
1449 1879 1491 1949 είς
1513 1881 1677 1965 πάνταγὰρ

382 2004 406 2044 ιι
423 1984 461 2050 τά
489 1985 579 2068 θηρία
607 1983 663 2050 ὑπδ
693 1989 752 2052 τῶν
781 1984 1017 2071 φιλοσοφούντων
1047 1983 1280 2069 μεταβαλλομαι,
1309 1985 1434 2068 χερσαῖα
1459 1980 1568 2068 ἔνυδρα
1593 1983 1679 2068 πτηνὰ

421 2087 595 2172 πολύμορφα
616 2087 702 2172 ἄγρια
723 2087 850 2154 τιθασσὰ
873 2087 977 2174 ἄφωνα
999 2085 1118 2172 εῦφωνοι
1139 2086 1232 2171 ἄλογα
1260 2085 1377 2168 λογικά·
1403 2087 1536 2170 νήχομαι
1564 2087 1678 2170 ἵσταμαι

421 2190 571 2274 [πέτομαι]
608 2189 690 2274 έρπω
727 2189 791 2256 θέω
827 2191 951 2264 καθίζω.
1001 2187 1044 2256 έτι
1080 2190 1114 2254 δὲ
1151 2190 1167 2254 ό
1204 2186 1451 2272 Ἐμπεδοκλῆς
1487 2189 1538 2254 καὶ
1576 2189 1678 2272 θάμνον

422 2315 459 2375 με
473 2315 558 2356 ποιει.

512 2397 531 2462 5
569 2389 660 2458 Ὁπου
682 2393 776 2460 τοίνυν
798 2395 851 2479 τήν
873 2395 1033 2480 ἀνθρώπου
1054 2394 1153 2480 ψυχήν
1176 2391 1390 2476 ὁμογνωμόνως
1416 2393 1509 2477 εὑρεῖν
1539 2393 1598 2480 ούχ
1625 2393 1678 2458 οἶόν

421 2520 453 2561 τε
474 2501 535 2567 τοῖς
556 2497 763 2583 φιλοσοφοῦσι,
785 2497 883 2583 σχολή
903 2495 925 2582 γ
953 2497 988 2561 ἀν
1009 2497 1075 2581 περὶ
1097 2499 1156 2560 τῶν
1178 2495 1257 2560 θεῦν
1280 2495 1300 2580 ή
1322 2496 1388 2581 περὶ
1415 2495 1529 2579 κόσμου
1557 2497 1678 2562 δύναιντο

382 2621 406 2660 το
423 2599 551 2684 τάληθὲς
573 2598 792 2684 ἀποφήνασθαι.
831 2601 879 2664 καὶ
901 2601 955 2686 γάρ
976 2599 1084 2684 ταύτην
1105 2597 1185 2683 (τήν)
1207 2597 1338 2682 ἀνδρείαν
1361 2596 1490 2685 ἔχουσιν,
1511 2600 1562 2664 ίνα
1579 2600 1619 2684 μή
1632 2599 1677 2682 τήν

425 2701 585 2788 ἐμπληξίαν
608 2700 693 2766 εἴπω.
730 2703 759 2765 οἱ
779 2701 834 2788 γὰρ
855 2703 908 2786 τήν
930 2701 1004 2767 ίδίαν
1026 2701 1124 2787 ψυχήν
1146 2700 1239 2785 εὑρεῖν
1254 2699 1289 2766 οῦ
1304 2702 1467 2785 δυνάμενοι,
1489 2703 1554 2788 [οὐ]
1570 2705 1678 2787 ζητοῦσι

424 2806 476 2889 τὴν
498 2808 558 2868 τῶν
585 2804 665 2870 θεῶν
692 2803 805 2885 αὐτῶν,
833 2806 881 2870 καί
909 2807 937 2869 οἱ
957 2806 991 2869 τδ
1014 2804 1086 2872 ἴδιον
1109 2807 1198 2886 στῦμα
1219 2801 1273 2868 ούκ
1295 2803 1404 2876 εἰδότες
1423 2806 1478 2890 τήν
1498 2811 1553 2872 τοῦ
1575 2807 1676 2889 κόσμου

422 2906 506 2992 φύσιν
529 2909 771 2993 περιεργάζονται.

508 3013 529 3076 θ
572 3009 653 3076 Πάνυ
674 3013 743 3094 γοῦν
758 3011 823 3095 περὶ
837 3011 890 3081 τὰς
905 3011 1000 3097 ἀρχὰς
1014 3015 1067 3095 τής
1084 3009 1201 3094 φύσεως
1223 3009 1411 3076 ἀνθίστανται
1432 3011 1584 3096 ἀλλήλοις.
1616 3011 1676 3074 όταν

382 3132 406 3171 τυ
426 3113 478 3196 μὲν
497 3109 735 3197 Ἀναξαγόρας
756 3114 914 3199 παραλάβη
937 3137 984 3198 με,
1006 3118 1099 3178 ταῦτα
1119 3111 1264 3176 παιδεύει·
1288 3113 1367 3198 ἀρχή
1390 3117 1505 3178 πάντων
1520 3117 1538 3180 ό
1554 3119 1620 3184 νοῦς
1639 3111 1679 3176 καί

423 3215 507 3285 οὖτος
534 3213 624 3286 αἴτιος
653 3215 701 3280 καὶ
730 3215 826 3300 κύριος
855 3219 914 3280 τῶν
945 3217 1021 3282 όλων
1049 3217 1098 3281 καὶ
1127 3215 1250 3302 παρέχει
1279 3213 1355 3285 τάξιν
1384 3219 1444 3286 τοῖς
1473 3216 1609 3289 ἀτάκτοις
1636 3215 1676 3278 καλ

423 3317 534 3403 κίνησιν
567 3323 628 3390 τοῖς
658 3319 805 3404 ἀκινήτοις
838 3319 888 3384 καὶ
919 3320 1058 3405 διάκρισιν
1091 3323 1150 3389 τοῖς
1183 3318 1367 3401 μεμιγμένοις
1400 3320 1449 3384 καὶ
1483 3320 1596 3406 κόσμον
1626 3321 1676 3387 τοῖς

421 3421 571 3505 ἀκόσμους.
615 3425 708 3486 ταῦτα
739 3422 832 3504 λέγων
861 3419 1092 3507 Ἀναξαγόρας
1125 3420 1187 3486 ἐστί
1219 3443 1268 3504 μοι
1302 3421 1385 3506 φίλος
1412 3422 1462 3486 καί
1490 3424 1535 3508 τῷ
1569 3424 1678 3506 δόγματι

423 3525 573 3607 πείθομαι.
611 3521 677 3590 ἀλλ’
697 3523 866 3588 ἀνθίσταται
889 3525 983 3611 τούτιρ
1000 3523 1181 3595 Μέλισσος
1202 3525 1251 3588 καὶ
1275 3523 1510 3608 Παρμενίδης.
1550 3525 1675 3610 ὅγεμήν

383 3647 407 3687 ου
425 3626 656 3712 Παρμενίδης
681 3627 730 3690 καὶ
758 3631 918 3713 ποιητικοῖς
947 3627 1046 3693 ἔπεσιν
1073 3626 1267 3712 ἀνακηρύσσει
1293 3627 1346 3710 τήν
1368 3623 1468 3690 οδσίαν
1491 3627 1522 3692 ἓν
1544 3628 1617 3694 εἶναι
1635 3626 1676 3692 καί

421 3731 512 3794 ἀίδιον
535 3731 583 3794 καὶ
606 3729 724 3815 ἄπειρον
747 3730 795 3794 καὶ
819 3731 953 3817 ἀκίνητον
976 3731 1025 3796 καὶ
1047 3731 1143 3814 πάντη
1167 3731 1278 3813 ὅμοιον.
1315 3731 1400 3792 παλιν
1421 3725 1473 3794 οὑν
1494 3729 1535 3801 είς
1558 3735 1638 3798 τοῦτο
1650 3729 1677 3790 τὸ

372 4041 384 4092 1
409 4042 656 4109 τριστνσωματοῦσιιν
680 4039 819 4110 VMO(L)!=
845 4059 912 4093 corr.
935 4041 1027 4094 Seiler.
1079 4037 1369 4107 p.558‚22T0rtu11.d.
1385 4041 1473 4090 κοίνου
1486 4055 1508 4090 ο.
1521 4037 1557 4092 32
1579 4043 1608 4094 εί
1621 4039 1707 4090 Καικίου

370 4130 529 4195 significatur
551 4130 627 4180 Plato
647 4130 759 4181 phaedr,
782 4147 807 4196 ρ.
822 4128 898 4184 2491
925 4125 939 4196 ΙΙ
964 4126 981 4180 θ
1004 4125 1027 4180 ολ
1079 4147 1104 4195 ρ.
1119 4126 1171 4180 274

370 4215 397 4270 δδ
414 4214 557 4286 τρισχιλίων
575 4216 643 4266 idom
661 4217 724 4268 ibid.
1116 4215 1148 4268 19
1167 4215 1212 4266 τοῦ
1229 4210 1326 4280 κόσμου
1340 4215 1431 4266 suadet
1443 4215 1506 4268 Otto
1528 4210 1542 4282 ΙΙ
1562 4213 1597 4269 20
1612 4213 1653 4282 τήν
1666 4207 1709 4260 τύδ-

407 4304 423 4358 5
446 4321 471 4356 τι
493 4300 586 4373 ἀληθὲς
609 4305 700 4368 vulgo:
723 4309 826 4356 correxi
854 4306 885 4356 cf.
905 4322 930 4355 ν.
949 4301 984 4356 20
1001 4311 1028 4354 ετ
1079 4303 1183 4354 λύεσκεΙ
1203 4298 1218 4371 ΙΙ
1237 4299 1269 4353 θ1
1290 4297 1311 4353 τί
1330 4299 1377 4370 γὰρ
1396 4303 1511 4354 codices:
1537 4319 1604 4355 εστι.
1619 4300 1687 4353 Seiler
1700 4285 1708 4356 ίί

370 4413 395 4462 ρ.
409 4391 469 4456 651,
482 4389 660 4460 16117ἀλλως
673 4393 786 4444 codices:
805 4409 871 4445 corr.
885 4393 968 4444 Seiler
982 4389 1027 4458 118
1079 4386 1108 4440 ού
1136 4391 1186 4441 δελ
1215 4390 1322 4441 Worth:
1351 4390 1435 4442 Seilor
1465 4386 1605 4459 έκζητοῦσι.
1630 4379 1709 4441 uwel

370 4477 573 4550 μεταβάλλουσαν
580 4480 694 4532 VMOL:
709 4495 775 4532 αοττ.
787 4482 862 4533 Wolf
869 4475 883 4546 ΙΙ
893 4477 940 4547 γὰρ
950 4473 1026 4547 ἀχθτ-
1080 4474 1229 4545 ἀναζητοῦσι

371 4565 428 4622 σθαι
449 4571 538 4622 οοδάα
557 4583 623 4619 corr.
637 4568 740 4618 Μοατεί
760 4561 775 4634 ΙΙ
798 4565 828 4618 11
845 4565 889 4618 καί
902 4574 962 4618 κοτε
980 4563 1029 4633 ἀήρ
1118 4563 1151 4618 25
1170 4567 1223 4616 τῶν
1241 4563 1342 4616 πάντων
1361 4568 1428 4616 coni.
1442 4566 1504 4618 Otto
1523 4565 1555 4616 σί.
1574 4547 1709 4631 p.653‚1⁰!l

371 4659 421 4710 δελ
440 4659 543 4729 Μειχρεί
563 4653 577 4724 ΙΙ
597 4650 685 4722 θηρίον
703 4671 735 4722 με
753 4658 818 4706 ποιεῖ
834 4651 890 4706 κτλ.
912 4655 943 4705 ef.
962 4655 1030 4704 Δειι.
1083 4651 1117 4706 29
1136 4647 1281 4704 ἀνθίσταται
1293 4653 1410 4706 VMOL:
1429 4649 1588 4704 ἀνθίστανται
1604 4649 1653 4702 σού.
1668 4645 1707 4694 M·

371 4746 434 4800 θρα.
454 4762 478 4811 ρ.
494 4743 534 4796 14.
551 4740 582 4795 15
601 4741 685 4806 [Ptol.
698 4759 723 4807 ρ.
737 4739 790 4795 262
798 4740 819 4807 ¹]
838 4738 853 4809 ΙΙ
875 4741 907 4793 17
925 4737 1032 4808 πέτομαι
1084 4743 1199 4806 ηίὶοεοαν
1218 4738 1233 4808 ΙΙ
1253 4737 1343 4792 τούτου
1362 4742 1477 4792 codices:
1497 4753 1562 4792 corr.
1581 4736 1648 4792 Wolf
1660 4721 1708 4798 1130

370 4835 447 4884 eiecit
458 4833 576 4894 Μεοτεί,
596 4827 797 4898 ὑπτρίπταμαι
810 4839 849 4882 est
862 4847 886 4895 ρ.
902 4826 1001 4890 656,12
1017 4824 1030 4894 ΙΙ
1084 4831 1222 4896 ποιητικοῖς
1246 4829 1384 4880 inducebat
1407 4830 1509 4880 worth.
1539 4830 1597 4880 huie
1617 4813 1707 4886 νυτίρίθύ
1763 4835 1764 4892 ζ

369 4919 423 4971 ἔστι
443 4917 470 4972 δὲ
489 4915 502 4970 ό
522 4920 638 4970 codicem
662 4934 727 4970 corr.
747 4918 858 4968 ΜεαεεΙ.
877 4914 929 4968 ίστι
947 4913 973 4966 δὲ
992 4911 1033 4965 ότι
1086 4916 1286 4968 condonandum
1303 4912 1318 4984 ΙΙ
1338 4913 1564 4969 31παντ1οοι1ι1.ι
1586 4929 1643 4968 corr.
1657 4898 1709 4958 W⁰¹l
1763 4935 1764 4980 γ

321 5009 325 5022 ’
371 5009 446 5060 Wolf
461 5001 475 5074 ΙΙ
495 5005 526 5058 17
540 5000 711 5074 Ἐμπεδοκλῆς
731 5023 753 5055 ν.
766 5001 818 5058 380
829 5007 863 5058 Κ.
881 5003 933 5058 384
943 5005 979 5056 St.
1000 5004 1033 5054 σί.
