3710 5730
686 395 962 444 PROLEGOMENA
1456 385 1496 448 27

226 565 380 630 Extremo
401 566 473 628 loco
495 563 710 628 nominandus
726 571 776 628 ost
792 562 1057 628 Plutarcheorum
1080 558 1231 625 librorum
1256 560 1382 640 index,
1404 575 1498 639 quem

137 688 158 732 a
185 667 250 732 lilio
275 666 440 732 Plutarchi
463 666 689 732 concinnatum
713 665 824 750 pingui
846 665 981 730 artilicio
1003 663 1166 729 simulavit
1192 663 1234 744 is,
1265 662 1318 744 qui
1348 658 1499 726 ebiblio-

136 770 253 836 thecae
275 771 443 836 cuiusdam
466 771 616 850 catalogo
640 775 673 833 et
695 768 835 850 genuina
851 775 883 834 et
897 768 983 832 falsa
998 767 1119 850 scripta
1134 765 1289 831 enotavit.
1328 761 1498 845 lrampriae

136 892 256 937 nomen
277 872 366 938 solus
383 871 501 938 Snidas
517 871 675 955 praefixit.
703 871 833 953 qnando
848 870 947 936 index
961 870 1018 934 ille
1034 867 1234 950 conscriptus
1250 867 1301 948 sit,
1325 865 1498 930 dubitatur.

136 975 234 1040 lertio
249 981 406 1058 quartove
421 995 451 1057 p.
469 973 545 1038 Chr.
560 973 702 1056 saeculo,
725 971 880 1038 iudicavit
899 973 939 1036 bl.
957 973 1042 1036 Trou
1063 969 1133 1056 [der
1148 990 1214 1052 sog.
1234 966 1498 1052 lrampriascatal.

136 1075 310 1142 Waldenh.
333 1077 416 1141 1873
445 1073 677 1161 pertarith
706 1075 885 1159 Byzantina
913 1094 994 1139 aevo
1023 1073 1150 1154 dignior
1178 1073 1249 1136 visa
1278 1077 1328 1135 est
1355 1067 1499 1133 inventio

136 1175 192 1262 [de
215 1177 331 1243 Galeni
355 1177 429 1242 hist.
453 1176 568 1259 philos.
594 1199 623 1260 p.
639 1179 681 1242 52
695 1175 753 1263 vul,
780 1179 857 1261 quia
883 1199 942 1260 pro
969 1175 1110 1258 genuino
1134 1174 1278 1238 Vitarum
1307 1171 1420 1236 ordine
1449 1167 1499 1253 [cl-

137 1277 175 1342 C.
188 1279 248 1343 Tb.
261 1279 431 1344 Michaelis
445 1280 486 1344 de
502 1279 615 1344 ordine
629 1279 769 1344 vilarum
785 1281 900 1364 parali.
917 1279 1078 1344 Plutarch.
1095 1276 1235 1342 Berolin.
1251 1276 1332 1338 leto
1348 1295 1377 1355 p.
1390 1273 1429 1336 15
1442 1267 1500 1352 sq.l

138 1381 336 1447 scholastica
358 1381 402 1446 ad
423 1381 640 1446 Romanorum
656 1381 896 1448 Graecorumve
917 1387 1044 1446 aetates
1069 1381 1219 1444 ordinata
1241 1374 1409 1442 collocatio
1429 1371 1502 1437 sub-

136 1481 252 1548 stituta
273 1491 333 1548 est.
367 1489 539 1566 praetcrea
554 1481 724 1548 Moralium
745 1483 892 1566 singulae
914 1484 1130 1566 ortlleotiones,
1152 1481 1238 1546 unde
1261 1485 1375 1562 postea
1398 1481 1498 1540 totum

138 1605 258 1668 corpus
280 1585 453 1667 concrevit,
475 1584 597 1650 similes
620 1605 640 1650 a
662 1587 778 1651 Trevio
801 1587 873 1669 ipso
896 1585 1027 1668 agnitae
1049 1591 1123 1648 sunt
1146 1605 1175 1667 p.
1192 1585 1244 1646 46.
1282 1581 1340 1646 sed
1361 1579 1402 1642 de
1424 1583 1501 1642 tern-

138 1686 271 1769 poribus
293 1687 420 1770 integra
441 1693 492 1752 est
513 1687 671 1768 quaestio.
688 1689 694 1717 ¹
729 1689 924 1754 Placilorum
942 1687 975 1751 in
991 1687 1187 1752 bibliotheca
1201 1687 1259 1750 illa
1274 1684 1336 1749 tria
1352 1681 1501 1762 exempla

135 1789 278 1872 luerunt,
299 1809 384 1872 quae
405 1808 477 1854 cum
499 1788 599 1854 variis
621 1791 722 1856 titulis
745 1793 777 1855 in
800 1792 949 1872 catalogo
973 1790 1163 1872 consignata
1185 1793 1308 1869 essent,
1337 1791 1499 1865 tamquam

140 1890 214 1956 libri
236 1891 357 1957 diversi
380 1891 557 1955 enumerati
575 1901 664 1958 sunl:
692 1915 722 1958 n.
739 1895 777 1957 li]
812 1895 955 1976 περὶτῶν
984 1893 1163 1976 ἀρεσκόντων
1187 1891 1355 1976 φιλοσόφως
1378 1891 1501 1970 φυσικῆς

139 1996 280 2078 ἐπιτομῆς
305 1995 399 2078 βιβλία
416 1981 452 2068 ἶ,
481 1994 618 2059 alierum
641 1997 752 2060 n.1rl3
780 1999 886 2080 φυσικὴ
915 1997 1054 2079 ἐπιτομή,
1084 1994 1212 2059 tertium
1238 2012 1269 2054 11.
1290 1991 1350 2053 196
1371 1995 1501 2074 φυσικῶν
1568 2069 1572 2076 1

138 2097 333 2180 ἀρεσκόντων.
383 2095 457 2160 hine
491 2103 620 2178 praeter
654 2097 753 2164 libelli
786 2098 999 2181 frequentiam
1031 2097 1111 2161 illud
1142 2113 1269 2178 quoque
1296 2091 1502 2156 confirmatur

139 2198 329 2280 singillatim
354 2217 426 2262 eum
449 2197 626 2280 antiquitus
654 2199 875 2266 circumlatum
900 2221 982 2266 esse.
1017 2220 1091 2264 nam
1115 2197 1150 2277 si!
1161 2196 1260 2262 variis
1276 2193 1411 2278 syllogis
1426 2192 1500 2256 olim

138 2301 281 2366 insertus
308 2297 437 2380 inisset,
472 2299 526 2362 vix
555 2289 621 2366 lam
648 2302 765 2384 exigno
795 2303 968 2368 intervallo
996 2303 1177 2386 posteriora
1206 2299 1356 2382 exempla
1386 2319 1418 2362 n.
1440 2298 1501 2361 183

139 2409 173 2466 et
198 2401 260 2466 196
282 2401 316 2464 in
343 2401 492 2483 catalogo
515 2402 682 2470 distarent.

226 2501 371 2586 Exposui
383 2503 568 2570 Plutarchei
583 2505 683 2572 libelli
695 2508 861 2590 antiquam
875 2507 1072 2590 memoriam,
1087 2507 1215 2588 qualem
1232 2504 1387 2569 exhibent
1398 2505 1501 2568 altero

141 2605 275 2671 saeculo
304 2611 459 2686 vergente
487 2604 714 2690 Athenagoras
745 2616 777 2674 et
807 2607 945 2673 sortasse
977 2609 1269 2674 Pseudo-lustinus
1296 2606 1503 2688 Achillaeque

140 2707 274 2774 liberius
302 2727 506 2794 expressam,
542 2717 657 2792 quarto
686 2711 845 2776 Eusebius
873 2711 983 2793 quinto
1013 2711 1153 2795 (tyrillus
1188 2717 1280 2774 sexto
1311 2707 1502 2772 laurentius

139 2809 252 2895 Lydus
274 2817 426 2876 accurate
449 2821 647 2899 excerptam3
674 2815 818 2880 incertae
840 2814 956 2878 aetatis
977 2814 1121 2879 Galenus
1141 2816 1333 2896 personatus
1356 2817 1388 2874 ot
1408 2809 1501 2874 Philo

140 2913 358 2996 interpolatus
380 2932 496 2995 agmen
513 2917 758 3002 compilatorum
776 2917 938 2980 claudunt.
973 2917 1087 2982 eodem
1104 2915 1256 2997 temporis
1272 2912 1421 2995 vestigio,
1438 2932 1502 2994 quo

142 3015 311 3081 Laurentii
334 3016 481 3080 doctrina
504 3037 594 3083 seros
614 3017 699 3082 letus
722 3017 833 3102 edidit,
860 3018 1066 3102 philosophia
1088 3037 1206 3102 graeca
1228 3023 1260 3081 et
1282 3036 1352 3078 cum
1375 3015 1433 3078 illa
1455 3033 1503 3079 ce·

141 3125 234 3183 torae
267 3117 423 3201 deinceps
457 3125 545 3184 artes
578 3119 799 3186 obmutescere
832 3141 978 3204 coepere.
1029 3121 1229 3203 ingeniorum
1263 3117 1416 3183 sterilitas
1448 3117 1502 3182 diu

136 3217 330 3285 Iustinianei
353 3219 480 3304 imperii
502 3221 675 3304 splendore
697 3223 837 3304 quodam
860 3225 966 3288 colata
988 3231 1078 3287 tanto
1103 3223 1191 3287 ocius
1216 3220 1307 3284 irruit
1333 3226 1432 3302 atque
1458 3219 1502 3284 in·

137 3327 277 3405 gruenle
293 3321 435 3404 undique
450 3321 599 3388 barbarie
615 3344 685 3387 cum
702 3325 822 3388 ultimis
839 3325 1040 3410 philosophis
1055 3321 1281 3408 philosophiae
1295 3329 1503 3386 monumenta

136 3425 182 3490 ad
203 3425 294 3509 ipsos
317 3423 473 3490 barbaros
496 3424 716 3507 migraverunt
738 3427 860 3492 tamdiu
880 3449 920 3493 ea
935 3429 1058 3494 loturos
1073 3428 1178 3492 ‹lonec
1193 3425 1226 3490 in
1242 3423 1380 3508 patriam
1397 3424 1502 3488 redire

136 3527 238 3592 licuit.
273 3525 348 3592 hino
371 3525 405 3590 lit
428 3535 463 3592 ut
484 3529 573 3612 apud
588 3529 733 3594 Graecos
748 3549 808 3612 per
823 3531 1040 3612 proximorum
1057 3530 1258 3594 saeculorum
1274 3525 1501 3590 obscuritatem

137 3629 230 3693 nulla
258 3627 417 3695 enitescat
445 3630 630 3724 Plutarchei
656 3630 728 3695 libri
751 3633 920 3715 memoria,
951 3639 985 3698 at
1011 3631 1152 3697 Arabum
1182 3627 1332 3694 litteratis
1361 3627 1438 3692 viris
1469 3632 1502 3692 et

136 3731 290 3814 cognitus
314 3731 357 3796 sit
380 3739 413 3796 et
434 3734 555 3818 passim
578 3739 784 3800 memoratus.

224 3833 310 3898 Nam
336 3853 407 3898 cum
428 3842 559 3918 praeter
573 3835 743 3902 Armenios
758 3837 903 3922 inprimis
920 3837 994 3922 Syri
1010 3839 1172 3920 egregiam
1190 3854 1322 3918 operam
1337 3831 1503 3898 dedissent

137 3935 266 4016 graecis
281 3934 383 4019 libris,
406 3942 438 4000 et
452 3937 595 4002 Arabum
610 3937 833 4024 imperatores,
855 3941 1001 4024 inprimis
1016 3941 1159 4023 Mansur,
1183 3935 1338 4002 laudabili
1354 3935 1502 4016 exemplo

137 4035 222 4101 haec
244 4036 353 4101 studia
375 4037 615 4124 excitavissent,
639 4039 836 4106 incredibilis
859 4043 964 4108 extitit
983 4043 1195 4125 interpretum
1211 4036 1369 4104 industria
1384 4055 1503 4118 graeca

135 4137 342 4222 exemplaria
369 4139 495 4224 syriace
526 4148 593 4206 tum
619 4141 749 4208 arabice
771 4144 929 4210 vertendi.
973 4143 1059 4209 inter
1086 4165 1167 4226 quos
1196 4159 1291 4206 nemo
1321 4138 1443 4202 maiore
1471 4143 1503 4202 et

136 4239 334 4305 auctoritate
357 4248 390 4306 et
405 4242 558 4328 doctrina
580 4243 704 4328 floruit,
735 4265 830 4327 quam
853 4245 1022 4310 Hunainus
1044 4246 1126 4310 lsaci
1151 4245 1234 4308 lilius
1257 4242 1388 4306 scholae
1410 4240 1505 4304 inter·

137 4349 267 4425 prelum
296 4343 447 4428 princeps
473 4345 692 4428 gravissimus.
748 4348 838 4412 ouius
872 4346 1048 4430 discipulus
1077 4354 1109 4412 et
1138 4345 1284 4413 aemulus
1312 4343 1504 4407 Constans

135 4444 207 4508 sive
247 4445 479 4511 Constantinus
506 4448 615 4513 Lucae
648 4447 669 4512 f.
699 4447 981 4532 Heliopolitanus²
1016 4449 1180 4514 Plutarchi
1214 4445 1341 4512 Placita
1375 4444 1505 4509 arabice

144 4577 310 4584 *φ*-

211 4634 217 4664 ¹
236 4637 300 4686 nihil
320 4637 370 4686 huo
388 4639 487 4688 iaciunt
505 4641 531 4690 X
549 4647 681 4688 oratorum
702 4641 768 4690 ritae
788 4656 813 4688 u.
829 4639 861 4690 41
883 4649 1056 4700 errumeratae,
1078 4639 1200 4700 quoniam
1219 4636 1327 4686 l'hotius¹
1347 4636 1502 4685 Plutarcheo

135 4724 279 4787 exemplari
298 4741 359 4774 usus
383 4741 439 4776 esse
469 4743 522 4776 uon
549 4727 657 4776 videtur.
686 4727 717 4775 rs.
738 4728 768 4778 lt.
793 4727 951 4776 Ballhelmsr
974 4729 1006 4776 de
1030 4727 1107 4777 Phoci
1129 4725 1185 4772 ritis
1205 4725 1230 4772 X
1255 4741 1291 4772 or.
1319 4724 1404 4774 Bouu.
1428 4721 1502 4772 1877.

136 4813 171 4860 A.
189 4810 290 4860 senene
309 4811 402 4861 Jahrb.
421 4814 439 4862 s.
458 4815 489 4862 cl.
509 4813 568 4863 Phil
591 4811 666 4862 1871.
687 4830 711 4876 p.
725 4813 783 4864 784.

208 4891 322 4956 'Qosta
344 4899 390 4949 ibn
413 4897 489 4962 buqt
511 4900 636 4950 oriundus
663 4897 782 4948 Balbeuk
801 4899 916 4964 floruisse
939 4899 1038 4948 videtur
1057 4898 1103 4948 sub
1127 4899 1260 4948 hiostaiuo
1280 4895 1343 4957 [altr
1370 4895 1502 4956 μ11661σί

136 4983 240 5046 quidem
263 4963 318 5034 eihs
341 4987 472 5054 Hypsiclis
492 4990 637 5038 versionem
664 5001 679 5036 a
698 4987 795 5036 Kindia
814 4988 977 5038 emerrdalam
997 5003 1052 5036 asse
1073 4993 1185 5044 currerat,
1208 4986 1252 5050 qul
1275 4985 1340 5032 obiit
1358 4980 1418 5032 813.
1455 4983 1502 5034 lbu
