3756 5736
686 473 688 478 ¹
738 411 1013 464 ruonuoouuuo
1487 420 1550 485 253

190 577 417 660 corrumpendi
445 577 610 660 prurigine
637 576 708 660 ipse
735 584 901 662 correptus
928 587 998 646 erat
1025 581 1094 647 sive
1115 581 1382 668 interpolatorum
1404 587 1493 652 natio
1516 589 1551 652 li-

190 677 311 743 bellum
344 679 387 744 ad
421 699 549 744 omnem
583 677 731 743 inscitiae
764 679 952 747 foeditatem
986 683 1138 769 detorsit,
1170 684 1251 750 illud
1281 687 1422 752 omnium
1451 691 1551 756 oculis

189 787 337 864 apertum
365 785 414 845 est
446 780 501 844 rix
534 781 671 847 alterum
705 779 906 863 antiquitatis
940 791 1180 852 monumentum
1214 793 1305 853 tanta
1337 789 1488 873 vitiorum
1519 802 1552 858 et

190 881 395 947 multitudine
418 887 451 948 et
472 881 678 948 deformitate
701 883 954 950 contaminatum
981 908 1063 954 esse.
1096 894 1240 952 nostrum
1267 897 1376 956 tamen
1404 900 1488 976 erat,
1517 895 1550 958 111

190 983 238 1049 111
261 990 348 1050 certe
370 983 424 1048 uhi
447 983 678 1050 sententiarum
701 983 806 1051 forma
829 1005 867 1051 ac
886 988 1007 1053 veritas
1021 989 1153 1054 aliunde
1168 997 1238 1055 erat
1252 999 1340 1078 nota,
1364 1014 1458 1076 quarn
1476 1017 1551 1080 pau-

189 1085 320 1150 cissima
346 1087 465 1153 menda
492 1087 671 1169 detergere.
711 1107 811 1170 quare
833 1109 898 1154 nou
925 1089 958 1154 id
985 1091 1124 1174 egimus,
1151 1093 1236 1174 quod
1262 1095 1441 1160 Martianus
1466 1099 1551 1164 Rota

189 1187 276 1272 iecit,
299 1193 334 1254 ut
356 1189 445 1254 saris
467 1188 668 1271 salubrisque
690 1188 822 1254 remotis
845 1190 988 1256 libellum
1014 1193 1116 1258 invite
1145 1194 1302 1278 scriptore
1323 1199 1549 1283 levigaremus,

189 1291 249 1356 sed
272 1297 307 1356 ut
329 1311 401 1358 earn
423 1289 560 1356 formam
583 1310 859 1374 recuperaremus,
883 1313 978 1374 quam
1002 1296 1178 1378 exemplari
1194 1317 1252 1362 suo
1268 1300 1479 1366 mediastinus
1494 1303 1550 1368 ille

190 1392 334 1459 induisse
355 1393 529 1459 videretur.
565 1413 642 1475 ergo
665 1392 862 1458 foedioribus
879 1395 1130 1479 Byzantiuorum
1153 1399 1352 1466 soloecismis
1373 1404 1550 1487 amputatis

190 1495 275 1562 hanc
309 1502 434 1580 partem
468 1495 512 1560 ad
545 1495 691 1562 codicum
719 1493 813 1561 fidem
844 1495 1089 1581 desumpsimus,
1121 1519 1187 1564 uon
1212 1503 1309 1568 nullis
1335 1506 1549 1572 Plutarcheae

191 1598 427 1666 emendationis
453 1597 623 1682 auxilium,
651 1597 796 1680 pluribus
822 1596 961 1665 fortasse
987 1599 1149 1667 humanae
1176 1606 1400 1686 perversitatis
1423 1607 1549 1690 insigne

189 1700 419 1766 testimonium.

269 1801 360 1882 Quae
375 1807 524 1888 superest
538 1801 580 1867 de
595 1801 760 1884 scriptoris
779 1811 912 1870 aetate
927 1807 1085 1892 quaestio,
1110 1807 1292 1875 haesitante
1307 1828 1404 1874 mauu
1420 1829 1441 1874 a
1455 1809 1549 1876 nobis

189 1913 316 1974 tentata
345 1913 416 1972 erat
445 1905 487 1972 de
515 1904 588 1970 Gal.
610 1904 650 1970 H.
672 1903 726 1988 ph.
752 1926 783 1988 p.
800 1907 855 1972 23:
892 1909 932 1972 ah
960 1911 1062 1974 ultera
1088 1921 1181 1992 parte
1209 1933 1277 1974 eum
1302 1922 1432 1994 propter
1460 1914 1549 1976 Sesti

190 2021 320 2075 aetutem
343 2019 458 2074 eertum
478 2011 520 2072 sit
539 2019 610 2090 post
632 2009 763 2071 alterum
782 2030 814 2090 p.
840 2011 910 2074 Chr.
933 2015 1091 2076 soeculum
1117 2015 1288 2094 confectum
1316 2034 1382 2077 esse
1404 2016 1548 2091 libellum,

190 2115 269 2177 siler
292 2124 393 2176 tamea
423 2115 516 2176 latius
541 2119 675 2193 supatru
701 2113 858 2175 terminus.
891 2115 948 2177 sed
974 2135 1043 2178 eum
1069 2137 1167 2198 oeque
1193 2119 1295 2179 oratio
1322 2129 1468 2198 querolum
1488 2139 1548 2200 pro

189 2235 291 2298 porea
306 2237 374 2280 mee
389 2219 563 2297 copuitioae
577 2217 756 2296 insolitique
774 2221 942 2280 memoriae
957 2220 1139 2281 condicione
1154 2219 1308 2300 dispicere
1322 2239 1399 2301 queo
1413 2223 1550 2302 infimam

189 2321 304 2401 produt
325 2322 523 2401 antiquorum
545 2321 718 2382 litterarum
741 2325 881 2395 aetutem,
904 2321 1200 2401 h'eopietoaioorum
1221 2323 1333 2384 deiude
1352 2323 1548 2386 Christiano-

190 2442 318 2504 rumque
338 2423 553 2503 philosophiae
575 2431 677 2484 eateut
695 2421 816 2483 iudicia
829 2423 897 2502 fere
912 2424 1010 2498 nulle,
1031 2424 1087 2485 sed
1102 2426 1272 2504 conspicua
1285 2427 1325 2486 sit
1339 2426 1548 2505 sophistarum

189 2526 500 2607 philosophorumque
519 2523 721 2602 superborum
742 2525 855 2586 imisio
878 2544 941 2605 qua
954 2525 1131 2590 1111111111
1151 2547 1252 2608 paene
1267 2530 1378 2590 aetatis
1393 2547 1549 2592 commone

189 2631 263 2709 lies,
294 2649 356 2692 aaa
381 2631 466 2692 ultra
494 2635 636 2708 quartum
662 2627 836 2706 quintumse
861 2645 892 2706 p.
918 2628 988 2691 Chr.
1011 2631 1169 2692 soeculum
1190 2630 1409 2692 descenderim.
1447 2630 1548 2694 multo

192 2729 330 2796 certiora
345 2751 387 2797 ue
402 2749 488 2794 nune
503 2725 631 2811 quidem
646 2723 791 2810 prolerre
813 2747 985 2810 possumus
998 2729 1128 2796 iudicia.
1160 2731 1257 2796 immo
1280 2737 1433 2797 1111111111
1454 2750 1549 2813 quae

190 2829 265 2896 dam
280 2831 323 2898 de
337 2831 388 2898 his
402 2850 536 2898 11111111
551 2833 610 2896 esi.
645 2827 863 2896 memorabilis
879 2837 928 2897 esi
950 2833 1040 2898 locus
1060 2834 1123 2898 c.·2
1145 2833 1179 2897 οίι
1201 2834 1256 2918 γὰρ
1278 2833 1441 2904 ἐπιδείξεως
1464 2834 1548 2897 ἕνεκα

189 2934 438 3020 προύστφσάμεθα
463 2935 516 3018 rhu
541 2931 607 3016 aspi
631 2930 735 2994 τούτου
757 2935 901 3018 σπουδήν,
929 2935 1004 2999 ἀλλὰ
1026 2936 1141 3021 χρηστὰ
1162 2936 1199 3000 τὰ
1219 2935 1282 3020 epp,
1304 2941 1424 3020 ποιῆσαι
1447 2937 1548 3022 βουλη-

189 3035 289 3107 θέντες
310 3042 370 3107 τοῖς
392 3038 426 3102 ἐκ
448 3035 619 3122 φιλοσοφίας
640 3033 738 3118 λαβεῖν
753 3057 781 3097 τι
796 3038 941 3122 χρήσιμον
956 3038 1178 3122 προεγνωκόσιν,
1200 3039 1366 3122 νομίσαντες
1380 3040 1548 3124 φιλοσοφεῖν

189 3137 224 3204 air
247 3139 334 3222 μόνον
355 3140 423 3210 τοὺς
444 3139 481 3202 τὰ
502 3139 639 3223 τριβώνια
660 3137 890 3220 περιημμένους,
913 3141 988 3204 ἀλλὰ
1012 3141 1060 3204 καὶ
1087 3142 1154 3210 τοὺς
1181 3142 1234 3225 τὴν
1261 3141 1384 3225 πρόοδον
1412 3141 1464 3222 μὲν
1489 3145 1549 3211 τοῖς

189 3243 307 3312 πολλοῖς
329 3241 432 3325 ὁμοίαν
454 3239 692 3324 ermemirum,
714 3238 767 3322 rhu
782 3240 815 3302 δὲ
830 3243 956 3306 διάνοιαν
973 3244 1210 3330 φιλοσοφωτέραν
1226 3241 1305 3329 ἔχειν
1321 3243 1548 3312 σπουδάσαντας.

189 3343 248 3410 sed
281 3361 382 3427 quare
414 3349 482 3408 11111
514 3338 661 3422 augustis
693 3337 810 3406 finibus
844 3343 1062 3427 sophistarum
1096 3344 1331 3430 palliorumque
1367 3343 1548 3408 irrisionem

189 3444 440 3530 circumscribes,
462 3461 546 3526 quae
568 3441 660 3506 nulla
681 3446 791 3507 aetate
812 3441 978 3510 decantari
999 3445 1106 3511 desita
1121 3445 1193 3512 est‘?
1220 3444 1377 3511 recitandi
1391 3465 1461 3510 mos
1476 3465 1549 3510 cum

189 3547 325 3630 primum
353 3566 375 3611 a
397 3545 531 3613 Graecis
557 3543 661 3629 primo
684 3549 762 3610 ante
785 3543 860 3610 (1111.
883 3547 1014 3612 saeculo
1037 3545 1081 3612 ad
1103 3547 1267 3612 Romanos
1290 3552 1340 3612 est
1361 3547 1548 3631 translatus,

188 3669 254 3714 nou
277 3649 363 3714 intra
384 3649 552 3732 vulgatam
575 3645 793 3732 sophistarum
816 3647 985 3714 materiam
1008 3667 1044 3715 se
1067 3647 1234 3734 continuit,
1256 3648 1315 3715 sed
1334 3647 1431 3714 etiam
1446 3648 1549 3733 philo-

188 3749 337 3835 sophiam
352 3749 482 3835 invasit,
497 3748 584 3832 quod
599 3747 726 3815 Seneca
746 3767 797 3832 ep.
813 3749 865 3835 52,
881 3751 901 3815 9
924 3749 1067 3834 queritur
1077 3751 1097 3834 ¹,
1112 3749 1199 3816 unde
1213 3749 1379 3816 Musonius
1393 3751 1548 3835 graphice

187 3853 272 3919 tales
292 3873 359 3919 uon
380 3855 579 3935 philosophos
593 3851 652 3918 sed
667 3853 808 3916 tihieioer
822 3851 968 3936 depinxit
983 3853 1081 3936 [Geli.
1097 3853 1125 3918 V
1142 3854 1159 3918 1
1182 3853 1220 3935 1].
1251 3853 1310 3918 sed
1332 3851 1428 3918 etiam
1451 3859 1548 3920 antea
1592 3917 1594 3922 .

188 3953 406 4039 sophistarum
429 3961 462 4022 et
482 3973 602 4020 nomen
629 3959 662 4021 et
684 3953 893 4020 ambitionem
920 3953 1158 4039 deprehendas.
1202 3960 1316 4021 contra
1337 3975 1419 4037 quos
1441 3953 1548 4020 Philo-

187 4056 301 4124 demus
321 4056 461 4126 11111111
475 4055 651 4122 Metrodori
673 4073 790 4121 novem
805 4055 906 4122 libros
921 4057 993 4141 πρὸς
1007 4056 1074 4126 τοὺς
1089 4057 1227 4142 σοφιστὰς
1242 4062 1372 4122 secutus
1387 4055 1548 4122 rhetorica

188 4178 247 4225 sua
274 4159 418 4245 scripsit,
445 4159 480 4225 111
508 4157 623 4243 quibus
650 4156 869 4244 sophistarum
895 4158 1069 4242 praecipue
1096 4158 1250 4225 Isocratis
1277 4157 1471 4225 creberrima
1497 4165 1548 4224 est

188 4262 366 4347 cavillatio,
390 4262 581 4348 praesertim
604 4281 677 4327 enm
703 4259 965 4326 adulescentulos
987 4260 1030 4326 ad
1052 4259 1346 4346 philosophandum
1372 4279 1409 4326 11
1430 4279 1548 4326 acuere

188 4365 341 4431 affectent
370 4362 501 4452 [rhetor.
517 4364 563 4430 IV
585 4363 637 4430 ed.
660 4363 781 4448 Speng.
803 4359 910 4449 1421.
944 4364 1002 4430 sed
1025 4363 1107 4429 haec
1128 4363 1236 4430 studia
1261 4383 1337 4429 mor
1358 4359 1547 4428 incredibile

189 4485 305 4551 cepere
327 4467 570 4556 incrementum.
603 4463 669 4530 iam
684 4463 985 4548 philosophantium
1000 4463 1219 4548 sophistarum
1233 4469 1370 4547 augetur
1384 4483 1547 4544 numerus,

188 4568 293 4651 qualis
320 4567 381 4635 luit
402 4571 465 4636 Dio
489 4571 751 4658 chrysostomus.
785 4567 839 4651 qui
862 4574 972 4634 tamen
994 4566 1065 4650 ipse
1088 4566 1416 4652 philosophosnotat
1438 4566 1546 4630 1132

186 4689 589 4710 -—7-—-———-

258 4738 265 4770 ¹
285 4753 334 4790 uec
352 4738 409 4790 ideo
433 4747 457 4790 te
472 4739 653 4803 prohibuerim
671 4739 717 4792 hes
736 4755 837 4807 queque
855 4739 950 4792 audin
968 4741 1061 4805 quihus
1080 4739 1218 4792 admittere
1227 4741 1357 4810 populum
1368 4757 1400 4791 aa
1418 4739 1547 4790 disserere

187 4825 342 4877 cousuetudo
361 4833 412 4889 est,
432 4827 457 4877 ai
474 4827 548 4877 murlo
571 4827 616 4880 hoe
636 4828 770 4894 preposito
793 4826 822 4876 ia
846 4825 950 4878 torrium
970 4827 1104 4891 prorieuut
1122 4837 1151 4879 ut
1169 4829 1290 4881 meliores
1301 4832 1375 4898 fiant
1387 4827 1546 4894 sociantque

184 4912 314 4977 meliores,
333 4911 358 4964 si
375 4929 429 4964 aaa
448 4913 600 4966 sorbitionis
619 4913 667 4966 heo
687 4930 768 4964 cauea
788 4923 915 4966 remeent.
942 4913 1095 4982 quidecim
1114 4917 1218 4983 turpius
1235 4915 1406 4983 philosophia
1426 4923 1546 4978 raptante

186 4997 335 5052 clamores?
