3648 5736
341 375 405 440 616
738 377 876 428 σοουοι
895 377 1037 430 πιοτοιι.
1057 377 1196 428 mutos.
1209 373 1312 428 27-31

391 548 425 611 τὸ
458 551 518 617 τοῖς
550 547 650 631 πόροις
686 551 738 630 τῆς
776 542 871 629 ὄψεως
898 566 919 608 κ
941 567 962 608 ε
984 569 1005 608 ιν
1027 569 1048 610 ιι
1069 568 1091 610 ιι
1113 567 1135 610 ιι
1161 544 1211 610 ἀπ’
1250 545 1348 610 αὐτῶν
1381 545 1532 630 σύμμετρα
1567 545 1644 630 μόρια

393 647 520 734 ἔχουσαν
546 649 618 732 πρὸς
646 649 698 732 τὴν
727 645 803 732 ὄψιν.
846 645 969 730 Ζήνων
997 647 1031 712 δὲ
1057 649 1073 712 θ
1103 647 1233 718 Στωικὸς
1259 648 1296 712 τὰ
1323 651 1469 734 χρώματα
1496 648 1645 735 έπίχρωσιν
1746 606 1747 692 ί

390 755 443 835 τῆς
465 751 535 835 θλης
557 749 761 836 θπέλαβεν.οί
784 751 817 814 δὲ
838 749 897 814 tat
921 749 1134 834 Πυθαγόρου
1156 750 1193 814 τὰ
1214 751 1283 834 γένη
1298 754 1357 814 τῶν
1372 750 1538 836 χρωμάτων
1553 753 1646 816 λευκόν

391 854 493 918 τεκαὶ
522 853 612 936 μέλαν
641 853 690 916 καὶ
717 851 840 937 ἐρυθρὸν
868 851 1049 934 νομίζουσιν,
1075 853 1127 924 τὰς
1153 851 1181 916 θ’
1209 853 1300 924 άλλας
1329 853 1470 938 διαφορὰς
1496 853 1575 938 παρὰ
1603 853 1647 924 τὰς
1749 884 1750 954 χ

392 957 476 1026 ποιὰς
498 955 587 1040 μίξεις
608 959 666 1019 τῶν
690 955 858 1040 στοιχείων,
887 954 939 1025 τὰς
960 955 994 1020 tt
1014 959 1073 1020 τῶν
1101 953 1188 1040 ζῴων
1215 955 1295 1040 παρὰ
1321 955 1372 1025 τὰς
1398 959 1458 1020 τῶν
1484 957 1581 1020 τόπων
1607 954 1672 1020 καλε
1750 978 1751 1040 γ

393 1063 452 1124 τῶν
474 1059 579 1144 ἀέρων.

723 1317 766 1382 28
802 1313 889 1400 Περὶ
911 1315 1114 1400 σχημάτων.
1150 1323 1340 1394 [Plutllti]

472 1472 584 1560 Σχῆμά
605 1472 682 1536 ἐστιν
703 1470 856 1558 ἐπιφάνεια
878 1470 927 1535 καλ
948 1471 1110 1556 περιγραφὴ
1133 1471 1182 1536 καί
1202 1471 1293 1557 πέρας
1314 1474 1459 1555 σώματος.

702 1729 745 1794 29
782 1725 866 1810 Περὶ
890 1725 1026 1810 μίξεως.
1063 1735 1344 1804 [Plut.1171.i.a.⁴]

480 1884 518 1952 ot
541 1887 593 1970 μὲν
615 1884 848 1968 παλαιότεροι
869 1883 920 1953 τὰς
942 1885 1001 1946 τῶν
1024 1883 1176 1969 στοιχείων
1198 1881 1314 1968 (μίξεις)
1337 1883 1400 1948 κατ’
1421 1885 1578 1950 ἀλλοίωσιν
1591 1883 1651 1967 ἤτοι
1665 1900 1684 1938 υ
1760 1906 1761 1928 ι

397 1993 499 2074 κρᾶσιν
526 1986 671 2074 ᾠήθησαν
698 1985 859 2070 γίγνεσθαι,
887 1987 915 2048 οί
943 1985 977 2048 δὲ
1005 1985 1071 2069 περὶ
1094 1983 1329 2070 Ἀναξαγόραν
1357 1987 1406 2050 καὶ
1434 1986 1654 2070 Δημόκριτον
1761 1998 1762 2038 ι

396 2091 471 2156 κατὰ
505 2092 677 2176 παράθεσιν.
724 2087 964 2173 Ἐμπεδοκλῆς
995 2087 1029 2150 δὲ
1058 2087 1092 2152 ἐκ
1125 2089 1304 2172 μικροτάτων
1337 2088 1427 2152 οἴεται
1459 2089 1496 2152 τὰ
1528 2091 1655 2173 στοιχεῖα
1762 2090 1763 2114 ¹

397 2192 565 2277 συγκρίνειν.
609 2193 757 2259 Πλάτων
779 2192 813 2256 δὲ
833 2190 871 2256 τὰ
892 2191 945 2274 μὶν
967 2189 1033 2274 τρία
1054 2187 1158 2256 εἶναι*
1169 2191 1211 2262 εἰς
1232 2191 1347 2276 ἄλληλα
1367 2190 1455 2274 λέγει,
1475 2192 1529 2274 τ“ην
1551 2191 1586 2255 tt
1605 2194 1653 2272 γῆν
1763 2184 1764 2196 ’

398 2297 598 2382 ἀμετάβλητον
621 2294 721 2379 μόνην.
1764 2276 1765 2288 ’

346 2573 382 2614 ωε
711 2552 753 2616 θθ
789 2547 872 2632 Περὶ
894 2551 1010 2612 κενοῦ.
1047 2559 1332 2624 [mutilatam]
1669 2567 1688 2604 tt
1767 2554 1768 2572 ¹

1768 2648 1769 2682 ί

482 2706 520 2774 θί
542 2707 601 2772 ἀπὸ
624 2704 838 2789 Πυθαγόρου
860 2705 908 2770 καὶ
930 2704 958 2768 οἱ
980 2704 1096 2787 φυσικοὶ
1118 2706 1222 2775 πάντες
1244 2703 1331 2791 μέχρι
1346 2705 1542 2775 Πλάτωνος
1565 2707 1655 2788 ἐντῷ
1769 2740 1770 2788 i

403 2812 508 2896 κόσμιρ
530 2810 612 2874 κενὸν
634 2807 707 2872 εἶναι
728 2807 869 2890 λέγουσιν.
906 2805 1110 2876 Λεύκιππος
1132 2807 1235 2872 δὲκαὶ
1257 2807 1483 2892 Δημόκριτος
1506 2805 1657 2874 καὶἘπί-
1770 2834 1771 2874 ι

398 2937 529 2998 κουρος
551 2912 588 2976 τὰ
609 2912 661 2994 μὲν
684 2909 779 2992 ἄτομα
801 2909 907 2993 ἄπειρα
928 2914 970 2994 τῷ
993 2909 1112 2993 πλήθει,
1134 2909 1168 2972 τὸ
1191 2911 1224 2974 tt
1246 2912 1327 2974 κενὸν
1343 2911 1461 2995 ἄπειρον
1475 2916 1519 2996 τῷ
1534 2911 1657 2994 μεγέθει.

401 3015 438 3083 Οί
461 3014 620 3079 Στωικοὶ
642 3013 675 3076 δὲ
697 3012 777 3082 ἐντὸς
799 3013 852 3094 μέν
874 3016 925 3074 τοῦ
948 3011 1059 3094 κόσμου
1075 3011 1156 3076 κενὸν
1172 3012 1256 3076 οὐδὲν
1272 3011 1344 3077 εἶναι
1359 3013 1534 3097 νομίζουσιν,
1557 3012 1660 3084 ἔξωθεν

401 3115 427 3182 θ’
456 3117 545 3182 αὐτοῦ
568 3117 695 3200 ἄπειρον.
735 3113 991 3200 Ἀριστοτέλης
1021 3114 1054 3178 δέ
1082 3119 1218 3179 τοσοῦτον
1245 3114 1318 3180 εἶναι
1346 3119 1428 3181 κενὸν
1458 3115 1515 3188 ἔξω
1541 3122 1595 3182 τοῦ
1616 3117 1657 3180 οίν
1672 3132 1693 3171 tt

401 3225 499 3306 ρανοῦ,
515 3217 585 3284 ὥστ’
603 3219 737 3284 ἀναπνεῖν
752 3217 793 3288 εἰς
815 3215 887 3282 αὐτὸ
909 3217 958 3282 τὸν
981 3217 1113 3301 οὐρανόν.
1143 3215 1262 3284 ἔνδοθεν
1276 3219 1331 3306 γὰρ
1346 3219 1419 3286 εἶναι
1433 3220 1522 3286 τόπον
1537 3220 1659 3306 πόρινον.

346 3497 383 3536 ω
756 3476 796 3542 31
832 3472 919 3559 Περὶ
941 3477 1072 3560 χώρας.
1109 3485 1298 3555 [mamm]

487 3645 525 3714 Οί
554 3646 709 3712 Στωικοί
737 3645 785 3710 καί
814 3643 1049 3731 Ἐπικούρειοι
1078 3647 1255 3711 διαλλάττειν
1284 3647 1334 3713 τὸν
1363 3649 1453 3715 τόπον
1481 3654 1534 3734 τῆς
1564 3652 1661 3735 χώρας

402 3751 549 3833 ἐνόμισαν.
585 3750 634 3812 τὸν
657 3748 786 3832 μὲνγὰρ
808 3749 896 3814 τόπον
918 3749 976 3814 ὑπὸ
997 3751 1134 3834 σώματος
1157 3749 1232 3814 κατὰ
1253 3749 1307 3833 μέν
1328 3775 1355 3816 τι
1377 3751 1568 3837 κατέχεσθαι,
1591 3748 1660 3816 κατὰ

399 3852 432 3916 δέ
452 3875 479 3915 τι
501 3851 649 3934 οὐδαμῶς.
1508 3875 1514 3892 ,
1676 3869 1695 3907 χ

349 4053 549 4062 *Μ

350 4184 363 4238 l
382 4181 412 4236 τὸ
429 4182 487 4242 τοὺς
504 4181 594 4252 πόρους
611 4183 657 4252 τῆς
675 4179 758 4250 ὄψεως
776 4179 880 4232 ἀπατῶν
898 4183 933 4234 B:
953 4185 1005 4240 τοῖς
1059 4183 1091 4236 13
1110 4182 1233 4252 συγκρίνει
1251 4186 1319 4236 Plut
1341 4179 1354 4252 ΙΙ
1374 4181 1431 4252 τρία
1446 4185 1484 4237 Βι
1503 4183 1562 4236 ποιὰ
1580 4187 1606 4235 A
1624 4181 1638 4250 ΙΙ
1655 4186 1703 4246 poti

347 4271 446 4340 τρόποις
470 4273 517 4340 τῆς
541 4268 624 4339 ὄψεως
641 4264 686 4320 ἀπ’
707 4266 792 4320 αιἰτῶν
812 4270 851 4319 A:
875 4271 1006 4322 intercidit
1058 4267 1119 4322 εἶναι
1142 4271 1272 4322 intercidit
1289 4272 1383 4339 τρεπτά
1402 4273 1416 4336 Η
1436 4270 1483 4340 τἠν
1500 4269 1526 4322 tt
1544 4270 1665 4340 τρίτηνθ

348 4377 436 4412 versut
465 4377 532 4411 unus
560 4375 617 4410 cum
644 4359 762 4410 Plutonis
789 4357 908 4408 lemmate
943 4351 957 4424 ΙΙ
989 4355 1004 4409 θ
1095 4357 1127 4411 16
1152 4354 1175 4408 ολ
1199 4355 1248 4408 ἀπὸ
1272 4352 1419 4426 Πυθαγόρου
1447 4361 1478 4410 οἱ.
1501 4360 1574 4412 Ptol.
1598 4377 1622 4425 ρ.
1641 4353 1670 4408 13
1690 4349 1701 4419 ΙΙ

348 4445 441 4516 ἔχουσα
458 4449 497 4498 A:
516 4444 614 4516 ίχονΒ
634 4441 648 4514 ΙΙ
668 4442 700 4496 τά
725 4442 843 4513 τρήματα
861 4443 901 4496 ἐπὶ
924 4458 1005 4513 χρωσι
1170 4477 1185 4511 t

346 4538 390 4587 A:
414 4533 446 4588 τό
468 4532 595 4604 τρίμματα
617 4531 751 4602 έπίχρωσιν
773 4533 796 4584 Β
820 4528 834 4598 ΙΙ
859 4531 876 4586 3
894 4529 1004 4600 ὑπέλαβε
1058 4531 1091 4584 18
1110 4529 1189 4599 ἀπερά
1208 4527 1299 4600 πληθει
1317 4535 1355 4584 A:
1374 4529 1464 4602 άπειρα
1481 4539 1514 4603 τῇ
1533 4529 1618 4603 ὖληΒ
1636 4535 1703 4596 (πτοία

346 4625 383 4674 Βι
402 4619 534 4691 ὑπολαβεῖν
553 4623 579 4673 A
599 4617 612 4689 ΙΙ
632 4619 648 4673 5
667 4618 738 4677 ποιός
757 4619 843 4672 om.B
1054 4619 1089 4681 N)
1109 4613 1123 4686 Ιγ
1143 4617 1176 4670 21
1195 4615 1271 4670 αθτόν
1290 4621 1314 4671 A

382 4709 399 4764 8
416 4706 567 4779 παραγραφὴ
586 4709 611 4758 A
631 4704 645 4774 Η
665 4707 791 4775 σωμάτων
809 4709 835 4758 A
1095 4705 1129 4758 23
1144 4703 1280 4774 ἐπικαίριοι
1298 4716 1324 4758 ut
1342 4711 1409 4760 solet
1423 4711 1461 4759 A:
1479 4706 1606 4778 ίπίκουροι
1618 4709 1639 4760 Β
1651 4701 1664 4772 ΙΙ
1675 4702 1702 4755 tt

385 4796 417 4850 10
434 4794 510 4866 μίξεις
538 4811 588 4848 σοι.
617 4796 681 4847 AB:
714 4795 793 4846 habet
819 4797 844 4847 N
872 4797 903 4846 ef.
930 4797 1002 4848 Prot.
1059 4793 1186 4862 σωμάτων
1203 4795 1228 4846 A
1248 4791 1263 4860 ΙΙ
1282 4793 1316 4847 25
1335 4792 1452 4862 οὐδαμῶς
1474 4793 1521 4846 είεν
1543 4793 1573 4846 τὸ
1592 4799 1639 4847 πᾶν
1659 4807 1702 4843 om.

347 4903 372 4950 p.
388 4882 439 4939 236
459 4881 474 4952 ΙΙ
494 4881 527 4936 12
546 4882 698 4952 μικροτάτου
716 4884 738 4934 Β
758 4878 771 4950 ΙΙ
792 4879 869 4934 οίεται
886 4897 919 4933 επ
931 4883 1001 4934 Plut.
1059 4899 1080 4932 ο.
1094 4880 1128 4932 32
1151 4884 1226 4933 titulo
1248 4884 1288 4932 Az
1310 4879 1427 4949 οὐθαμῶς
1446 4881 1505 4934 εἶναι
1524 4885 1628 4950 (comp.)
1645 4874 1702 4932 ίνθ

348 4969 433 5040 όγκων
456 4973 497 5023 vel
522 4973 636 5024 Galenus
655 4973 695 5024 vel
714 4971 834 5022 librarius
853 4971 968 5036 corrupit
987 4963 1001 5036 ΙΙ
1058 4967 1087 5020 τό
1098 4972 1159 5020 πᾶνι
1178 4969 1239 5021 fleto
1253 4985 1322 5020 πονο
1341 4967 1407 5022 c.3t
1424 4971 1499 5022 titulo
1517 4970 1574 5040 περὶ
1585 4964 1701 5036 κόσμουθ
