3756 5736
338 407 399 472 186
607 411 672 462 xvl
708 413 758 460 DE
778 411 879 462 elenu
897 409 1135 461 FLAGITORUM
1154 367 1427 462 conroslnlortn

335 575 537 665 Alexandro,
558 579 793 664 incompertum
810 573 912 644 nobis.
947 577 1004 644 sed
1020 575 1198 643 Alexandri
1213 576 1406 643 Philalethis
1420 576 1537 642 librum
1553 572 1699 656 qnintnm

336 679 401 762 cepi
423 683 482 742 τῶν
507 682 689 768 ἀρεσκόντων
713 679 808 745 affert
830 679 976 747 Galenus
996 679 1073 745 VIII
1093 681 1165 746 lue.
1210 699 1273 763 qno
1299 678 1484 746 testimonio
1506 681 1637 760 amepto
1660 675 1697 741 V.

335 779 461 848 Roseus
477 781 640 850 Theodori
655 781 842 848 memoriam
859 801 899 848 ex
916 781 1032 848 eodem
1047 781 1159 865 quinto
1174 782 1240 866 περὶ
1261 785 1320 846 τῶν
1343 782 1524 867 ἀρεσκόντων
1546 777 1629 844 libro
1644 777 1698 844 de

335 881 465 950 ductam
481 892 571 952 ratus
586 903 652 951 non
667 885 771 950 solnm
786 883 922 964 medica,
946 883 1004 948 sed
1019 883 1118 950 etiam
1132 882 1330 968 philosopha
1351 883 1492 968 deniqne
1512 881 1699 948 universam

336 984 530 1052 Plaeitomm
554 985 723 1053 materiam
744 984 787 1050 ab
801 985 987 1053 Alexandro
1010 985 1179 1052 collectam
1203 985 1354 1069 opinatus
1376 992 1434 1051 est
1468 985 1515 1052 sie
1537 983 1623 1051 enim
1643 982 1700 1048 ille

335 1087 356 1152 l.
373 1107 398 1153 e.
423 1099 555 1154 cetcnrm
577 1089 791 1154 adnotandum
816 1101 860 1153 est
881 1089 1116 1170 fundamentum
1131 1089 1204 1152 libri
1218 1089 1304 1152 illias
1327 1089 1366 1152 de
1383 1091 1513 1170 placitis
1535 1097 1699 1152 ueterani

317 1173 428 1272 ¹(qsccs
444 1195 580 1258 oannes
595 1194 756 1274 appellare
770 1193 847 1256 solet
862 1203 890 1254 et
905 1192 1063 1262 Soranus)
1085 1193 1274 1255 medicorum
1289 1200 1318 1254 et
1331 1193 1584 1274 pbilosophorum
1606 1197 1699 1270 οιριιε

335 1303 460 1372 practer
479 1315 532 1358 eos
546 1299 679 1360 recentis
693 1296 786 1356 unius
800 1292 996 1375 Asclepiadis
1015 1293 1139 1376 Biibpni
1160 1294 1269 1370 (semel
1286 1297 1429 1376 esnpiriei
1449 1297 1586 1358 σόιιιιιιιιι·
1605 1290 1699 1366 Vis)

334 1397 432 1476 panio
454 1407 524 1477 post
538 1399 754 1480 Asclepiadem
777 1398 797 1458 i.
816 1417 841 1459 e.
857 1397 1013 1478 Ακρωειοο
1028 1398 1133 1460 seculo
1148 1399 1265 1460 iactum
1285 1397 1386 1461 videri
1402 1398 1442 1462 ab
1459 1405 1589 1461 auctore
1601 1413 1700 1476 necne

335 1497 474 1561 Platonis
495 1503 596 1564 amico
620 1502 694 1578 (15.
720 1502 737 1563 1
754 1503 787 1575 7)
809 1519 907 1582 neque
921 1501 1096 1562 Stoicorum
1119 1511 1147 1562 et
1162 1509 1272 1564 contra
1289 1501 1462 1581 Epicureos
1477 1501 1569 1563 etiam
1584 1497 1698 1577 dispu-

336 1609 419 1664 tunte
437 1601 503 1676 (ll'
514 1602 576 1680 19),
600 1603 710 1686 quibas
738 1611 839 1666 tomen
861 1603 928 1683 fere
950 1604 1133 1665 comedis-et
1156 1605 1230 1678 (17.
1255 1605 1316 1666 ld
1343 1603 1396 1666 ubi
1418 1605 1459 1684 cf.
1483 1601 1568 1666 Unel.
1591 1600 1697 1662 Aurei.

336 1704 391 1766 ccl.
408 1703 473 1767 114
486 1706 524 1768 de
540 1707 736 1788 Asclepiade,
759 1705 797 1768 dc
812 1723 872 1786 quo
887 1713 1006 1768 vetem
1021 1691 1125 1769 ornnes
1140 1707 1327 1785 corripiente
1342 1703 1564 1781 0111111113),
1580 1703 1700 1767 seilicet

335 1805 381 1868 cb
396 1809 478 1888 ipso
492 1809 662 1886 fortusse
677 1808 894 1872 Alexandro
909 1809 1117 1871 Pbilolcibc
1132 1807 1386 1889 Asclepiaden
1401 1811 1511 1872 enine
1526 1808 1699 1888 ριιόιιιιιιιι

334 1913 402 1972 τῶν
418 1911 638 1995 ἀρεσκόντων
650 1911 807 1989 (medico
822 1919 855 1973 ct
868 1911 1131 1992 physiologica
1145 1911 1391 1972 continentem
1407 1919 1445 1972 ιιι
1460 1912 1610 1992 quintas
1624 1912 1700 1990 epi-

336 2019 466 2089 tomae)
482 2017 576 2078 citat
592 2013 758 2078 Galenus
778 2012 868 2075 Vlll
883 2013 962 2076 726.
993 2023 1026 2076 οι
1040 2015 1117 2076 boec
1131 2015 1251 2076 incerto
1265 2021 1344 2074 sunt.
1375 2010 1488 2094 immo,
1514 2009 1601 2094 quod
1615 2027 1698 2094 pace

334 2113 396 2178 viri
417 2112 593 2182 doctissimi
615 2115 751 2198 dicatur,
773 2111 958 2180 salsissima.
992 2113 1110 2181 suffieit
1131 2120 1167 2180 ut
1188 2112 1266 2197 quid
1280 2111 1407 2179 intersit
1421 2113 1506 2179 inter
1518 2111 1697 2180 Alexandri

335 2215 450 2282 libmm
473 2225 506 2284 et
528 2223 658 2284 vetusta
676 2215 802 2283 Placita
824 2215 934 2299 qualia
949 2216 1043 2282 Aetio
1065 2215 1109 2282 ad
1131 2235 1261 2282 manum
1283 2213 1374 2280 inere
1394 2213 1576 2298 intellegas,
1591 2213 1698 2298 ipsum

336 2315 453 2385 Galeni
470 2319 574 2385 looum
591 2319 765 2386 subnotare
781 2318 799 2384 ¹.
834 2317 958 2384 scilieet
972 2327 1196 2402 argumentum
1212 2339 1252 2385 ex
1275 2316 1456 2384 medicinae
1477 2315 1699 2401 penetralibus

335 2419 470 2502 petitum
492 2422 579 2504 quod
595 2420 677 2486 nihil
692 2419 833 2504 pertinet
846 2419 890 2484 ad
904 2421 1117 2487 animantium
1132 2428 1281 2488 naturam
1297 2419 1386 2486 velut
1406 2419 1427 2484 l.
1444 2419 1473 2483 V
1488 2418 1696 2502 Plaoitorum,

335 2527 403 2586 tum
432 2521 605 2590 deliniendi
635 2521 799 2588 adcuratio
827 2541 960 2605 prorsus
981 2523 1178 2608 discrepant.
1221 2523 1320 2607 paulo
1343 2520 1450 2605 aptior
1472 2526 1522 2587 eet
1543 2521 1634 2587 loeus
1654 2520 1697 2587 de

335 2623 458 2691 semine
481 2645 521 2692 ex
537 2625 709 2692 Theodoro
724 2623 852 2709 citatum,
876 2625 984 2692 sedis
1007 2645 1047 2692 ex
1069 2625 1172 2690 libro
1195 2625 1317 2709 primo
1340 2624 1389 2690 de
1411 2622 1556 2690 semine
1577 2621 1697 2707 petitus

334 2725 460 2812 dieitur,
483 2747 578 2811 qnam
608 2747 673 2793 non
699 2744 815 2792 vereor
840 2745 884 2793 ne
911 2728 983 2811 qnis
1004 2729 1144 2794 Boeoum
1166 2727 1310 2794 imitatus
1332 2746 1405 2792 oum
1427 2726 1486 2791 illo
1509 2724 1695 2792 confundat.

335 2829 394 2894 sed
416 2829 450 2894 in
472 2829 534 2896 lnoc
555 2827 758 2896 eonieetandi
781 2847 900 2911 genere
921 2827 1042 2896 diutius
1063 2828 1182 2895 morari
1203 2829 1289 2896 nolo.
1327 2847 1403 2895 nam
1423 2831 1495 2910 plau
1515 2831 1598 2892 scire
1619 2829 1697 2892 celle

335 2929 382 2995 ait
411 2931 537 2999 Sennea
559 2933 715 3013 quamsit
741 2933 835 3008 solis,
861 2933 1116 3014 interponendae
1142 2951 1217 2995 esse.
1252 2949 1441 3014 noquevego
1463 2929 1496 2995 in
1518 2935 1612 2996 tanta
1633 2949 1697 2998 mu

336 3033 458 3100 moriae
487 3032 682 3100 obscuritate
713 3033 832 3099 vetusti
859 3033 1055 3100 Placitorum
1082 3033 1265 3102 oolleatoris
1291 3051 1411 3098 nomen
1440 3051 1527 3099 rano
1556 3031 1696 3117 aucupio

336 3134 493 3202 sectabor.
538 3141 574 3202 at
595 3134 724 3218 quando
748 3136 884 3202 collecta
904 3135 970 3202 sint
991 3142 1024 3202 et
1045 3155 1066 3201 a
1087 3135 1176 3220 quali
1198 3133 1329 3200 homine
1349 3133 1487 3219 primum
1509 3134 1696 3220 compilata,

335 3235 398 3301 hoo
418 3236 599 3302 accuratius
621 3235 844 3304 demonstrare
864 3257 1051 3323 possumne,
1073 3237 1171 3304 immo
1194 3235 1360 3303 debemus.

428 3335 499 3417 uuo
525 3340 560 3406 in
585 3340 718 3424 negotio
749 3340 922 3407 severioris
948 3339 1148 3424 quaestionis
1175 3338 1320 3406 laborem
1346 3357 1389 3404 ne
1415 3337 1697 3424 subterfugiamus,

336 3459 399 3521 quo
422 3441 620 3524 longioribus
642 3441 842 3508 anfractibus
864 3441 996 3508 tandem
1017 3441 1051 3506 in
1073 3449 1195 3508 recum
1216 3440 1304 3506 viam
1321 3440 1558 3524 perveniemus.
1590 3439 1698 3525 dispu-

335 3547 460 3608 taturus
482 3565 552 3609 sum
574 3545 616 3611 de
630 3544 816 3611 Varronis
838 3543 1054 3627 loghiston'eis
1069 3551 1103 3611 et
1117 3545 1255 3628 primum
1270 3542 1399 3626 quidem
1418 3542 1460 3609 de
1476 3541 1696 3610 Censorino.

335 3665 397 3709 non
424 3659 524 3728 potest
552 3649 678 3712 dubim
710 3667 792 3724 esse,
821 3645 925 3729 inquit
954 3644 992 3711 O.
1014 3645 1147 3711 Iahnius
1173 3645 1223 3710 vir
1249 3643 1454 3710 cautissimus
1483 3649 1516 3710 et
1538 3663 1559 3709 a
1579 3643 1698 3710 frivola

334 3747 470 3813 fontium
491 3751 666 3816 venatione
688 3747 919 3815 remotissimus
951 3745 1062 3834 [praef.
1086 3767 1117 3831 p.
1136 3744 1218 3833 vuill,
1252 3750 1325 3829 quin
1354 3748 1454 3811 Varro
1475 3750 1503 3811 is
1525 3756 1636 3811 auctor
1657 3749 1697 3810 sit

337 3869 424 3932 quen
444 3853 556 3936 ubique
577 3855 645 3935 fere
665 3861 789 3916 εεοκιιιε
811 3859 855 3914 est
873 3851 1071 3929 Camerinus,
1093 3853 1183 3914 cuius
1198 3869 1267 3914 cum
1280 3852 1462 3932 scepbsinte
1483 3851 1551 3930 ipsc
1565 3854 1697 3914 nemin-

336 3973 404 4016 nem
424 3955 526 4033 facim
548 3965 610 4018 tum
632 3957 705 4018 aliis
729 3957 806 4018 locis
827 3953 978 4036 hodieque
997 3956 1129 4036 probari
1140 3961 1242 4035 polest
1258 3972 1326 4015 enm
1346 3953 1498 4016 Varronis
1511 3953 1698 4016 anctoritate

335 4073 424 4118 nsum
446 4077 513 4120 csse
534 4067 562 4120 et
584 4077 623 4120 ec
646 4059 816 4121 doctissimi
836 4057 898 4120 oiri
919 4057 1092 4138 ingentibus
1115 4057 1232 4119 diuitiis
1260 4055 1401 4136 copiolas
1425 4073 1501 4117 snos
1528 4054 1697 4117 dcciccese.

335 4211 456 4219 —·--—.....
657 4215 737 4222 ..—

408 4293 416 4324 ¹
437 4297 494 4347 Gal.
514 4298 545 4346 de
564 4298 630 4362 puls.
648 4298 687 4348 IV
707 4298 724 4348 4
752 4297 820 4346 vm
838 4292 890 4348 725
909 4291 924 4344 ὅ
941 4309 968 4361 γε
986 4293 1037 4362 μὴν
1051 4289 1209 4362 Ἡροφίλειος
1226 4291 1381 4363 menapos
1399 4292 1413 4346 ὁ
1431 4289 1578 4362 Φιλαλήθεις
1597 4291 1699 4364 έπικλη·

335 4376 387 4437 θεὶς
409 4378 490 4432 διττὸν
512 4381 647 4451 incubuere
670 4381 710 4436 διὰ
732 4381 776 4440 τὰς
801 4379 917 4439 τοιαύτας
940 4381 1055 4450 tarpeiae
1072 4380 1115 4434 σὸν
1134 4381 1234 4452 ὁρισμόν
1251 4383 1297 4434 τοῦ
1315 4381 1429 4449 separauit
1446 4378 1489 4431 τόν
1507 4378 1553 4445 pla
1571 4377 1653 4447 Ιτερον
1671 4378 1698 4439 ie

336 4465 413 4519 obruit
431 4471 476 4519 τοῦ
494 4470 638 4537 πράγματος
656 4468 682 4530 ἐξ
701 4469 793 4527 οἰκείοις
810 4466 907 4537 uicem:
925 4465 953 4520 ὃν
971 4467 1007 4527 ὡς
1024 4470 1050 4522 έν
1069 4467 1240 4538 ὑποκειμένοις
1258 4466 1385 4537 ὀνομάζει,
1407 4463 1450 4518 τὸν
1473 4465 1499 4518 ii
1517 4465 1600 4536 έπερον
1618 4466 1654 4524 ὡς
1672 4465 1698 4518 έν

336 4554 471 4623 ἐπισκέψει.
490 4554 533 4608 τὸν
552 4556 597 4623 μὲν
616 4554 659 4608 οὖν
678 4555 713 4614 ὡς
731 4556 757 4608 όν
776 4555 948 4622 ὑποκειμένοις
966 4554 1077 4624 σφυγμὸν
1094 4556 1155 4610 εἶναί
1172 4571 1233 4627 φησι
1251 4553 1352 4625 καρδίας
1371 4555 1415 4606 καὶ
1433 4553 1558 4623 ἀρτηριῶν
1577 4549 1699 4622 συστολὴν

335 4643 379 4694 καὶ
397 4641 520 4695 διάστασιν
538 4643 708 4712 ἀπροαιρέτως
725 4643 779 4696 οἵαν
796 4661 824 4696 τε
842 4638 980 4712 φαίνεσθαι.
1002 4639 1045 4694 τὸν
1068 4641 1095 4696 bi
1114 4643 1149 4702 ὡς
1172 4645 1198 4698 όν
1221 4641 1349 4710 ἐπισκέψει
1370 4640 1417 4710 τὴν
1440 4641 1470 4693 ia
1487 4643 1534 4709 τῆς
1551 4645 1604 4694 τῶν
1622 4641 1697 4709 ἀρτη-

336 4735 396 4798 ριῶν
414 4728 453 4782 διὰ
471 4729 562 4788 παντὸς
580 4729 744 4799 ἀπροοιρότοο
763 4729 885 4797 κινήσεως
907 4726 968 4797 πρὸς
991 4728 1037 4797 τὴν
1060 4729 1127 4800 ἁφὴν
1148 4729 1247 4801 πληγὴν
1265 4729 1309 4782 καὶ
1326 4727 1356 4780 τὸ
1373 4727 1437 4795 μετὰ
1453 4727 1500 4796 τὴν
1518 4726 1617 4796 πληγὴν
1635 4726 1698 4795 γινό-

336 4835 409 4884 μενον
427 4816 558 4886 όιῶιειμμα
577 4818 620 4870 καὶ
638 4815 703 4884 birse
720 4817 748 4883 γό
766 4833 833 4874 τινας
852 4813 983 4882 λογισμοὺς
1001 4813 1043 4868 όιι’
1065 4815 1149 4876 αὺτοῖς
1167 4817 1203 4876 ὼς
1222 4817 1298 4870 οἴεται
1311 4813 1429 4874 πιθανοὺς
1442 4816 1468 4867 έν
1481 4810 1548 4884 τῷῐ
1572 4819 1625 4866 τῶν
1642 4812 1697 4882 dpe-

336 4905 447 4958 σκόνιιον
470 4903 554 4975 ὥσπερ
577 4905 621 4956 ael
643 4903 656 4955 ὁ
679 4899 829 4972 Ταραντῖνος
843 4897 1006 4974 Ἡρακλείδης
1028 4904 1054 4956 iu
1077 4904 1113 4962 ο1ς
1136 4904 1256 4974 ἀντιλέγει
1279 4901 1340 4970 πρὸς
1361 4902 1390 4954 τό
1413 4903 1468 4972 περὶ
1491 4905 1613 4971 σφυγμῶν
1626 4895 1698 4970 Ἡρο-

335 4989 416 5061 cuca.
480 5027 486 5036 -
