3708 5732
323 407 385 472 174
689 407 755 456 xrv
790 407 839 456 nu
859 405 1075 456 consummo
1093 405 1301 456 ausnnmuo

320 582 418 639 ator-ct
446 575 598 636 similibus
618 576 699 635 iuter
720 591 754 634 tc
773 573 939 652 particulis
958 591 1064 634 rerum
1090 577 1224 636 omnium
1252 575 1362 655 quihus
1387 576 1454 636 ouis
1483 583 1512 636 at
1540 577 1679 658 propriis

319 677 444 758 stapulo
463 677 533 756 tisri
554 676 610 738 red
632 677 736 738 auimo
757 674 892 753 faciente
914 675 1028 737 dioiuo.

406 781 588 860 Diogenes
611 796 730 859 quoquc
752 778 955 840 Anooimauir
976 777 1056 838 oltcr
1078 778 1204 841 auditor
1226 797 1328 841 acram
1344 779 1466 859 quidem
1480 779 1562 842 dicit
1575 801 1680 844 rorum

321 903 387 948 orsa
408 883 570 946 materiam
593 881 715 962 dequo
736 881 843 942 omnio
863 881 989 960 terrun
1016 879 1081 942 aad
1108 899 1184 942 eum
1207 900 1286 944 csso
1309 889 1506 961 compotem
1527 883 1680 948 dioiuoc

320 986 488 1050 rationis
508 985 588 1046 sinc
611 1001 685 1064 quo
706 982 804 1043 nihil
824 1001 872 1043 aa
894 999 934 1044 co
956 983 1047 1060 fieri
1068 993 1204 1062 posset.

408 1089 658 1166 Aaaaoyoraa
678 1085 826 1146 succutit
848 1084 974 1146 auditor
995 1085 1062 1146 aiut
1084 1086 1303 1173 Archelaus.
1338 1089 1428 1149 ctiam
1450 1087 1518 1166 ipra
1539 1088 1577 1152 da
1597 1108 1680 1168 por-

323 1191 426 1254 ticulir
448 1191 529 1252 iuter
550 1208 583 1250 so
604 1187 757 1250 similibus
780 1185 888 1267 quihus
910 1187 1035 1266 singulo
1058 1205 1196 1268 quaeque
1217 1190 1323 1268 tierent
1344 1192 1389 1252 ito
1402 1193 1523 1270 putavit
1538 1199 1683 1256 colatura

323 1295 427 1357 omnia
441 1302 474 1355 ut
488 1291 589 1354 iacrrc
602 1291 695 1353 ctiam
708 1299 835 1352 moutam
851 1289 966 1352 diceret
981 1309 1060 1370 quoe
1082 1307 1219 1370 corporo
1241 1297 1368 1354 octauo
1390 1291 1425 1352 id
1446 1301 1491 1354 art
1512 1293 1587 1357 illos
1599 1315 1681 1376 por-

321 1397 433 1460 ticulus
448 1393 660 1474 coniungendo
676 1402 704 1454 at
719 1391 903 1471 dissipando
919 1401 1022 1473 operat
1045 1394 1158 1456 omnio.
1193 1391 1375 1456 Socrates
1394 1395 1486 1456 liuius
1508 1395 1682 1477 discipulus

319 1501 417 1580 fusim
428 1497 605 1579 perhibetur
619 1498 765 1576 mopiam
780 1495 950 1557 Platonis
963 1505 1090 1575 proptor
1106 1515 1194 1577 quam
1209 1495 1340 1558 lorcoitar
1356 1505 1467 1558 cuncto
1481 1498 1537 1560 istc
1552 1501 1680 1563 recolui.

405 1599 476 1665 Etsi
498 1617 538 1664 eu
561 1596 741 1681 biographo
764 1596 847 1662 haee
869 1595 1050 1661 lonicorum
1073 1595 1233 1661 successio
1256 1595 1400 1662 delibata
1421 1603 1481 1681 est,
1504 1597 1680 1680 quodcum

321 1701 476 1767 aliatum
498 1699 555 1764 illa
577 1698 619 1764 de
641 1698 789 1782 Diogene
811 1699 1015 1762 Aaooimcuir
1037 1700 1117 1762 olto
1140 1699 1267 1762 ouditor
1288 1695 1338 1784 [cf.
1356 1697 1493 1764 Kirsche
1514 1699 1588 1788 167]
1610 1721 1683 1768 sua-

322 1803 411 1886 dent,
434 1807 543 1867 tamen
565 1821 632 1866 non
653 1800 714 1866 fuit
734 1800 790 1866 ille
812 1799 955 1882 vulgaris
976 1799 1177 1866 eruditionis.
1210 1801 1299 1867 velut
1320 1798 1361 1864 de
1377 1799 1619 1870 Anaximandro
1636 1805 1682 1871 sic

323 1905 465 1988 loquitur
487 1909 522 1968 ut
536 1902 754 1986 Anaxagorea
775 1900 870 1967 simul
893 1900 1058 1968 obversari
1079 1900 1261 1967 videantur.
1294 1921 1370 1966 nam
1390 1906 1550 1986 principio
1571 1909 1683 1989 σι’πριι-

322 2010 422 2072 tuum
447 2007 583 2086 iutuitu,
612 2025 679 2070 non
703 2007 856 2086 infinitum
887 2001 1012 2088 posuit,
1039 2003 1124 2086 quod
1155 2002 1414 2086 Theophrastum
1444 2005 1682 2087 quodammodo

321 2107 499 2194 praeivisse
521 2107 612 2174 dieas
634 2105 674 2172 ei.
696 2105 773 2171 inl
799 2106 919 2188 [Zellcr
940 2104 975 2170 Ι*
997 2106 1059 2172 193
1070 2103 1102 2188 ¹].
1134 2109 1231 2187 atquc
1263 2103 1411 2187 proxima
1443 2109 1684 2176 iuuumorohilcr

322 2213 453 2276 modat
480 2213 605 2292 ρι’ριισιο
631 2209 729 2291 [Plut.
753 2205 869 2272 Strcm.
893 2208 913 2272 2
939 2209 1007 2278 τοὺς
1041 2207 1169 2276 ἅπαντας
1196 2205 1332 2290 ἀπείρους
1363 2204 1447 2278 ὄντας
1483 2210 1624 2295 κόσμους]
1653 2223 1684 2276 et

323 2331 530 2398 quoecumque
555 2313 589 2374 iu
618 2313 663 2373 eir
690 2311 833 2372 oriuntur
860 2307 1036 2392 [Theophr.
1058 2308 1133 2374 Aa
1155 2307 1355 2390 Hippcl.61
1378 2309 1446 2379 τοὺς
1473 2310 1612 2396 οὐρανοὺς
1634 2317 1683 2379 καὶ

321 2416 389 2486 τοὺς
416 2415 447 2479 ἐν
477 2412 575 2482 αὐτοῖς
600 2411 740 2494 κόσμους]
767 2430 879 2492 coequo
908 2412 1038 2474 mundos
1068 2412 1160 2474 modo
1187 2411 1317 2474 dissolvi
1343 2411 1435 2476 modo
1461 2415 1572 2478 iturum
1598 2419 1684 2498 pipui

324 2517 408 2600 [Aet.
428 2517 444 2581 Ι
464 2517 483 2582 3
502 2525 518 2577 3
540 2516 585 2579 διὸ
612 2512 836 2597 tripertiatur
863 2513 998 2597 ἀπείρους
1026 2514 1153 2597 κόσμους
1178 2513 1226 2576 καί
1249 2514 1333 2576 πολιν
1356 2513 1543 2598 φθείρεσθαι]
1566 2529 1684 2600 quanta

322 2623 450 2702 quiaque
469 2625 644 2682 canterma
657 2635 782 2678 mcum
794 2617 929 2695 potuerit
947 2613 1123 2699 [Theophr.
1139 2613 1210 2680 suu
1225 2614 1300 2678 κατὰ
1314 2615 1366 2699 τὴν
1381 2621 1433 2678 τοῦ
1448 2617 1555 2701 χρόνου
1570 2621 1681 2705 caiisa]¹

322 2718 568 2806 Thmphrasteo
601 2717 710 2783 colore
735 2715 782 2782 ita
810 2715 912 2782 tincta
938 2721 1026 2801 sunt,
1062 2723 1098 2780 ut
1124 2715 1215 2798 origo
1241 2715 1331 2781 nullo
1358 2717 1454 2782 modo
1483 2719 1582 2788 dubia
1611 2743 1683 2790 esse

321 2822 434 2907 possit
478 2817 728 2885 Anaximenis
749 2817 929 2884 doctrinam
952 2839 1013 2883 noo
1036 2829 1136 2882 tomos
1162 2819 1203 2882 oh
1224 2820 1301 2900 ipris
1323 2818 1419 2901 [deis]
1442 2837 1545 2886 ocrem
1564 2825 1683 2906 lactum

321 2925 485 3006 oedipum
507 2943 547 2984 co
568 2941 642 2985 ocra
663 2929 749 2984 ortor
772 2921 904 2984 credidit
927 2937 1116 3004 comparare
1142 2919 1218 2987 licet
1239 2939 1311 2984 cum
1333 2920 1463 3004 Hippoi.
1483 2924 1500 2988 l
1520 2927 1538 2990 l
1560 2939 1572 2984 1
1596 2927 1627 2997 ἐξ
1648 2927 1682 2991 oh

323 3026 425 3108 [acre]
440 3025 477 3089 τὰ
489 3025 624 3107 γινόμενα
638 3023 686 3087 καὶ
701 3023 739 3086 τὰ
752 3023 888 3106 γεγονότα
903 3023 952 3086 καί
971 3023 1008 3086 τὰ
1022 3023 1147 3107 ἐσόμενα
1166 3023 1215 3086 καί
1232 3023 1319 3093 θεοὺς
1334 3025 1383 3088 καί
1399 3025 1466 3088 θεῖα
1480 3025 1620 3107 γίνεσθαι.
1642 3025 1684 3092 de

324 3127 386 3193 deo
401 3147 422 3192 a
437 3127 615 3208 Diogene
630 3123 797 3210 proposito
813 3123 879 3188 dixi
895 3124 969 3189 len.
981 3124 1170 3190 Literaturu.
1187 3124 1271 3190 1878
1286 3126 1347 3209 pit
1362 3124 1400 3191 ol.
1413 3126 1551 3192 Krische
1565 3147 1598 3210 p.
1611 3128 1683 3193 175.

321 3229 417 3296 deum
433 3233 612 3294 creatorem
628 3227 726 3292 etiam
738 3226 954 3308 Anaxagorae
970 3233 1002 3292 et
1016 3227 1177 3294 Archelao
1192 3226 1304 3292 tribuit
1318 3247 1390 3292 cum
1405 3247 1539 3310 quorum
1555 3227 1684 3312 placitis

322 3329 536 3397 conferendus
559 3333 609 3394 est
623 3328 811 3394 Alexander
833 3327 874 3394 de
896 3327 985 3393 mixt.
1008 3350 1040 3413 p.
1057 3331 1138 3394 14οῡ
1154 3329 1196 3394 19
1218 3329 1244 3392 ol
1268 3330 1301 3392 δὲ
1322 3329 1419 3394 αὐτῶν
1442 3329 1476 3393 οὐ
1499 3327 1558 3393 καί
1579 3329 1685 3400 ἄλλους

322 3433 356 3516 [l.
379 3433 433 3498 οὐκ
454 3431 605 3516 ότόμους],
628 3432 825 3515 ὁμοιομερῆ
848 3429 882 3493 δέ
902 3433 965 3494 τινά
986 3453 1072 3517 φασιν
1095 3431 1201 3516 ἄπειρα
1223 3430 1295 3496 εἶναι
1318 3434 1451 3514 σώματα,
1473 3431 1503 3500 ἐξ
1526 3433 1567 3494 ὧν
1590 3433 1684 3515 ἡτῶν

320 3535 470 3620 αίσθκγιῶν
496 3535 604 3618 γένεσις
631 3533 777 3614 σωμάτιον
803 3532 938 3616 γινομένη
966 3535 1041 3598 κατὰ
1070 3535 1213 3618 σύγκρισιν
1236 3533 1284 3596 καί
1307 3533 1453 3598 σύνθεσιν.
1491 3531 1568 3597 inde
1593 3539 1685 3616 patet

320 3635 535 3718 Augustinum
556 3635 606 3701 bis
627 3636 664 3699 τὰ
687 3637 847 3718 ὁμοιομερῆ
870 3633 953 3699 false
976 3637 1142 3715 particulis
1162 3639 1244 3698 iuter
1264 3654 1298 3698 ιι
1318 3635 1471 3698 similibus
1493 3631 1684 3720 reddidisse,

320 3759 393 3804 cum
415 3745 502 3804 recte
524 3739 706 3820 ἀνορογινσῖς
728 3735 780 3804 τὰς
802 3735 896 3820 ἀρχὰς
917 3735 1046 3800 illorum
1069 3735 1156 3800 dicat
1178 3734 1319 3819 Simplic.
1337 3735 1430 3822 phys.
1446 3733 1469 3800 f.
1486 3735 1525 3799 l·
1540 3736 1570 3800 2.
1597 3733 1685 3800 unde
1730 3775 1733 3779 -

320 3839 447 3906 Zellero
469 3839 504 3904 Ι*
522 3839 587 3904 880
612 3837 830 3912 dissimilibus,
863 3855 947 3918 quac
975 3843 1025 3902 est
1051 3837 1193 3904 deterior
1222 3838 1334 3922 lectio,
1367 3835 1498 3922 placuit.
1548 3841 1583 3900 at
1613 3855 1684 3900 cum

320 3940 455 4008 iteretur
476 3961 566 4008 error
588 3947 621 4006 ct
636 3935 802 4004 ciceronis
823 3957 944 4019 magna
965 3939 1052 4022 apud
1067 3939 1282 4022 Augustinum
1304 3939 1497 4006 austeritate
1513 3943 1686 4004 excusetur

321 4040 374 4124 [of.
397 4063 429 4125 p.
447 4044 510 4108 120
519 4043 541 4124 ¹]
565 4041 585 4126 ²,
615 4061 658 4106 ne
679 4039 800 4104 trmtra
824 4038 880 4104 ille
906 4039 1002 4105 fuerit
1028 4059 1152 4106 vereor.
1196 4047 1321 4106 tantum
1348 4042 1390 4108 de
1412 4041 1501 4106 hisce
1523 4039 1686 4123 excerptis

321 4143 582 4228 compendiariis,
613 4161 697 4226 quae
725 4146 761 4205 ut
788 4146 862 4206 sunt
890 4141 1082 4224 scriptorum
1109 4143 1271 4210 erroribus
1300 4142 1550 4226 haudquaquam
1581 4140 1701 4228 liberi,

320 4231 429 4310 tamen
453 4244 669 4328 Theophrasti
692 4243 919 4309 auctoritatem
942 4262 984 4308 ne
1005 4243 1063 4308 illa
1084 4243 1214 4328 quidem
1235 4243 1440 4312 dissimulare
1463 4249 1593 4327 queunt.

394 4449 402 4480 ¹
421 4453 503 4502 latina
520 4453 680 4502 subobscura
697 4459 765 4500 suna
802 4465 862 4500 nam
881 4465 939 4498 rua
962 4449 1001 4511 <ut
1018 4451 1086 4500 infin
1103 4448 1158 4498 uuir
1177 4456 1203 4500 st
1217 4448 1344 4512 propriis)
1363 4447 1532 4513 premendum
1554 4457 1593 4500 ast
1611 4452 1685 4513 quasi

320 4551 441 4602 maecum
463 4534 599 4606 ὡρισμένον
617 4535 706 4604 χρόνον
725 4539 838 4586 verterit.
866 4552 913 4586 nee
931 4552 1036 4602 possum
1054 4537 1155 4588 Zallero
1173 4533 1206 4586 1⁴
1220 4531 1286 4586 215¹
1305 4550 1359 4586 non
1378 4535 1498 4600 obloqui,
1525 4539 1568 4601 qui
1586 4535 1685 4589 Demo-

321 4627 412 4675 criteas
430 4627 584 4676 mundorum
606 4623 746 4674 infinitates
769 4622 910 4686 significari
933 4625 1022 4674 credit.
1058 4624 1103 4674 aad
1126 4625 1281 4686 interpreter
1305 4621 1406 4688 infiniti
1429 4630 1492 4672 suut
1514 4620 1609 4671 muudi
1632 4619 1686 4672 alio

320 4709 411 4774 οίίκιπι,
430 4719 531 4776 quanta
549 4709 642 4776 cuique
660 4717 735 4760 octar
754 4723 875 4760 οοιιοσιιιι
894 4717 941 4770 cst,
959 4707 1112 4772 σποίρίσπισ.
1137 4709 1201 4758 haec
1219 4710 1288 4758 enim
1307 4715 1345 4759 cst
1363 4707 1576 4758 Anaximandraa
1595 4711 1684 4774 opinio

179 4785 183 4790 ¹
319 4795 359 4848 ἵνα
377 4797 394 4867 ἡ
413 4798 504 4867 γένεσις
522 4795 558 4865 μὴ
577 4793 690 4864 ίπιλιίπγγ
710 4797 742 4846 ci.
761 4797 845 4846 Zellcr
863 4797 880 4846 1.
899 4811 921 4845 c.
941 4791 1017 4847 214⁸.

390 4881 551 4936 ’Ciceronis
578 4885 689 4935 studium
712 4898 768 4931 cum
792 4883 844 4932 alia
871 4883 939 4932 illius
969 4884 1059 4932 indicia
1085 4889 1139 4930 tum
1164 4882 1331 4946 Pythagorea
1354 4881 1465 4944 probant
1489 4897 1556 4945 quac
1579 4883 1684 4932 Tuscul.

321 4969 397 5020 V3t
415 4975 539 5022 nituntur.
