3708 5738
479 411 737 464 THEOPHRASTI
753 409 894 462 PHYSIC.
914 409 1075 461 OPINION.
1093 409 1146 459 ΕΒ.
1161 407 1185 460 5.
1199 407 1235 460 5η
1473 407 1535 472 481

174 582 214 664 μῆ
239 578 283 644 όν·
308 578 450 663 οὔτεγὰρ
474 579 508 642 ἀν
537 579 577 649 είς
607 579 678 643 αὐτὸ
702 579 798 662 ἕτερον
828 577 895 642 οὔτε
916 577 987 641 αὐτὸ
1014 578 1086 663 πρὸς
1107 577 1178 640 άλλο
1201 577 1311 642 ἐλθεῖν·
1341 576 1482 640 κινεῖσθαι
1505 579 1538 644 δὲ

172 683 208 745 τά
239 681 332 746 πλείω
365 685 417 744 τοῦ
447 681 528 750 ἑνός·
558 683 655 766 ἕτερον
681 682 736 765 γὰρ
763 681 804 750 εἰς
839 681 936 764 ἕτερον
969 683 1173 767 μεταβάλλειν,
1211 681 1287 744 ὥστε
1320 681 1368 743 καὶ
1399 680 1467 745 όταν
1502 685 1536 747 έν

173 786 290 870 ταύτῷ
314 785 433 867 μένειν
455 784 544 868 λέγη
567 786 629 848 καὶ
652 785 697 867 μὴ
720 783 896 847 κινεῖσθαι

418 888 475 950 ἀεὶ
498 885 526 949 δ’
555 888 590 950 έν
611 887 726 971 ταύτῷ
751 885 870 968 μίμνει
892 885 1106 968 κινούμενον
1129 883 1232 948 οὐδέν

417 989 500 1052 οίιδδ
522 989 767 1075 μετέρχεσθαί
789 1012 844 1070 μιν
866 987 1057 1072 ἐπιπρέπει
1079 986 1206 1050 ἄλλοτε
1227 986 1333 1070 ἄλλη,
1553 1021 1565 1057 ⁶

173 1093 208 1156 οὐ
230 1093 305 1156 κατὰ
331 1094 383 1175 τἠν
406 1092 528 1177 ἠρεμίαν
550 1093 602 1176 τῆν
625 1091 821 1174 ἀντικειμένην
843 1096 881 1173 τῆ
904 1091 1014 1174 κινήσει
1037 1088 1131 1172 μένειν
1154 1089 1225 1153 αότό
1247 1111 1345 1174 φησιν,
1367 1091 1442 1154 ἀλλά
1463 1093 1537 1156 κατὰ

173 1193 225 1277 τῆν
255 1195 313 1257 ἀπδ
345 1197 485 1280 κινήσεως
515 1196 562 1258 καὶ
594 1194 714 1280 ἠρεμίας
737 1191 916 1277 έέηρημένην
940 1195 1039 1277 μονήν.
1086 1192 1230 1262 Νικόλαος
1252 1192 1284 1255 δὲ
1307 1193 1323 1254 ό
1346 1193 1537 1278 Δαμασκηνὸς

175 1299 216 1366 ὡς
246 1295 363 1382 ἄπειρον
392 1298 440 1360 καὶ
473 1297 607 1380 ἀκίνητον
628 1295 760 1380 λέγοντος
783 1296 872 1359 αὐτοῦ
901 1297 953 1379 τῆν
982 1296 1077 1380 ἀρχὴν
1101 1295 1131 1358 ἐν
1153 1299 1190 1377 τῆ
1214 1295 1283 1380 Περὶ
1307 1293 1386 1357 θεῶν
1409 1296 1537 1380 ἀπομνη-

175 1399 299 1481 μονεύει.
341 1398 524 1484 Ἀλέξανδρος
556 1401 589 1462 δὲ
618 1403 659 1469 ὥς
689 1399 957 1484 πεπερασμένον
986 1398 1070 1462 αὐτὸ
1097 1399 1157 1462 καὶ
1188 1398 1422 1482 σφαιροειδές.
1467 1399 1531 1463 ἀλλ’

174 1503 217 1565 ότι
247 1504 298 1586 μέν
327 1503 393 1566 οὔτε
420 1502 537 1585 ἀπειρον
561 1501 628 1564 οὔτε
655 1501 870 1586 πεπερασμένον
899 1500 970 1564 αὐτὸ
994 1501 1150 1578 δείκνυσιν,
1176 1501 1209 1563 ἐκ
1236 1505 1294 1563 τῶν
1321 1503 1536 1586 προειρημένων
1556 1531 1579 1568 ιο

175 1606 281 1689 δῆλον,
308 1605 579 1690 πεπερασμένον
607 1605 644 1668 δέ
672 1605 729 1668 καί
763 1603 990 1689 σφαιροειδὲς
1020 1603 1110 1666 αὐτὸ
1145 1604 1202 1666 δεά
1234 1605 1270 1666 τδ
1304 1606 1536 1690 πανταχόθεν

174 1709 297 1790 όμοιον
320 1707 433 1792 λέγει·
458 1707 514 1770 καὶ
537 1709 650 1770 πάντα
674 1713 767 1770 νοεῖν
790 1707 828 1769 δέ
850 1727 956 1791 φησιν
979 1707 1067 1770 αὐτὸ
1089 1707 1197 1789 λέγων

375 1807 455 1874 ἀλλ’
484 1809 661 1873 ἀπάνευθε
682 1809 805 1873 πόνοιο
828 1807 912 1872 νόου
936 1809 1033 1894 φρενὶ
1056 1812 1167 1873 πάντα
1190 1811 1383 1893 κραδαίνει.

831 2199 881 2263 5a

235 2308 344 2359 Galen.
362 2308 389 2356 in
409 2307 532 2371 Hippoor.
551 2307 576 2355 d.
596 2315 648 2357 nat.
668 2307 737 2356 hom.
750 2303 802 2354 XV
815 2301 888 2356 2511,

186 2455 188 2460 -
258 2405 367 2476 Κακῶς
397 2409 429 2471 δὲ
458 2409 505 2472 καὶ
536 2413 594 2471 τῶν
625 2405 772 2490 ἐξηγητῶν
795 2403 864 2468 ἔνιοι
886 2403 1099 2489 κατεψεόσαντο
1122 2403 1345 2489 Ξενοφάνους
1366 2407 1465 2492 ὥσπερ
1487 2409 1534 2470 καὶ

174 2509 295 2594 Σαβῖνος
329 2507 384 2572 όιδί
413 2533 476 2578 ποις
504 2513 614 2596 γράψας
642 2510 740 2578 αὐτοῖς
764 2509 917 2589 ὀνόμασιν·
957 2505 1040 2570 (οὔτε
1065 2506 1119 2590 γὰρ
1146 2509 1266 2589 πάμπαν
1295 2508 1367 2592 ἀέρα
1388 2509 1465 2592 λέγω
1486 2512 1535 2572 τδν
1556 2537 1578 2574 n

174 2613 331 2697 ἄνθρωπον
354 2613 453 2696 ὥσπερ
474 2611 670 2694 Ἀναξιμένης,
699 2610 766 2674 οὔτε
793 2611 871 2694 ὕδωρ
893 2614 934 2680 ὥς
957 2609 1074 2692 Θαλῆς,
1101 2607 1168 2672 οὔτε
1189 2615 1242 2694 γῆν
1266 2613 1306 2679 ὡς
1326 2609 1357 2674 έν
1379 2635 1431 2676 τινι
1454 2612 1537 2676 Ξενο-

172 2713 294 2799 φάνης’·
324 2713 488 2796 οὐδαμόθεν
510 2715 564 2798 γὰρ
586 2715 747 2798 εὑρίσκεται
771 2715 787 2776 ό
815 2713 981 2798 Ξενοφάνης
1008 2713 1230 2795 ἀποφηνάμενος
1253 2713 1354 2783 οότιυς.
1392 2715 1537 2778 ἀλλὰκαὶ

172 2819 187 2880 ό
212 2817 333 2902 Σαβῖνος
355 2816 442 2884 αίιτδς
464 2815 585 2899 εόδηλός
607 2818 683 2880 ἐστιν
706 2818 818 2880 ἐκτῶν
841 2817 931 2879 αὑτοῦ
958 2814 1221 2898 καταψευδόμενος,
1254 2815 1311 2902 οὐχ
1339 2815 1387 2880 ὑπ’
1420 2817 1535 2900 ἀγνοίας

172 2920 361 3004 ἐσφαλμένος.
397 2919 416 3001 ἢ
432 2921 546 2987 πάντως
562 2916 597 2980 ἀν
613 2919 750 3002 ὀνομαστὶ
773 2919 955 3003 προσέγραψε
968 2918 1002 2979 τὸ
1019 2916 1138 3001 βιβλίον,
1160 2918 1190 2980 έν
1207 2915 1232 3002 ᾧ
1248 2921 1339 2982 ταῦτα
1355 2920 1533 3005 ἀπεφήνατο.

172 3027 221 3085 νῦν
248 3021 273 3084 δ’
307 3023 399 3090 οὕτως
426 3018 547 3104 ἔγραψεν
573 3021 656 3085 ‘nr'irs
685 3028 739 3106 γῆν
762 3025 802 3090 ὡς
825 3019 855 3084 ἔν
878 3043 931 3084 τινι
954 3017 1146 3104 Ξενοφάνης’.
1184 3020 1232 3082 καὶ
1255 3019 1479 3106 Θεόφραστος
1500 3022 1525 3086 δ’
1549 3049 1573 3086 ιο

194 3195 371 3204 --.φ-..-
897 3200 913 3204 -
921 3197 1018 3204 ....-.-
1052 3197 1072 3202 --

171 3297 205 3356 είς
228 3295 289 3349 αίιτδ
314 3297 395 3366 ἕτερον
418 3293 471 3348 οὔτ’
498 3295 577 3348 έκεῖνο
600 3297 634 3354 είς
655 3294 715 3348 ἀλλο
738 3293 826 3350 ἐλθεῖν.
879 3314 949 3349 εσσε
972 3298 1061 3348 deum
1086 3313 1188 3361 nequa
1214 3305 1321 3347 natum
1339 3312 1485 3361 umquam
1503 3307 1535 3348 et

172 3381 292 3435 uestitior
312 3382 338 3435 ii
360 3385 392 3436 τὰ
410 3383 488 3436 πλείω
507 3381 566 3436 όντα
589 3383 653 3442 ἑνός·
676 3383 758 3454 ἕτερον
782 3386 828 3454 γὰρ
878 3387 1105 3450 sempiternum
1125 3385 1324 3449 conglobata
1341 3385 1455 3450 figura.
1474 3387 1534 3437 Pla-

171 3471 205 3528 είς
221 3469 303 3540 ἕτερον
316 3469 365 3523 δεῖν
378 3468 498 3522 κινεῖσθαι
512 3467 525 3540 'i
540 3471 556 3524 3
574 3469 723 3539 μεταβάλλει
741 3475 829 3523 oodd.:
882 3475 924 3522 cit.
938 3473 951 3521 1
965 3469 1152 3532 312(Theod.)
1170 3469 1197 3521 δν
1209 3468 1269 3522 εἶναι
1281 3469 1309 3522 τό
1322 3477 1371 3522 πᾶν
1384 3509 1391 3522 .
1405 3511 1411 3524 .
1426 3510 1432 3523 .
1445 3487 1532 3540 σφαι-

172 3557 829 3628 corr.UsenerpostliarsteniumiiiXenoph.ini
881 3555 997 3628 ροειδδς
1028 3557 1072 3608 καὶ
1104 3557 1349 3626 πεπερασμένον,
1378 3559 1407 3610 oh
1434 3559 1535 3630 γενητόν

173 3665 198 3712 p.
215 3645 250 3697 3ss
268 3647 355 3697 Karst.
376 3643 389 3713 Ιψ
410 3645 492 3714 μίμνει
510 3647 636 3702 Boua„
660 3645 726 3714 μένει
750 3647 792 3696 ar
814 3643 827 3710 Η
879 3642 931 3696 ἀλλ’
947 3641 1023 3696 ἀίδιον
1036 3644 1079 3696 καὶ
1092 3644 1195 3712 πάμπαν
1208 3644 1364 3714 ἀκίνητον.
1383 3649 1414 3699 ei.
1429 3651 1460 3700 ds
1471 3651 1534 3700 Par·

169 3730 312 3800 κινοίιρενος
327 3735 385 3785 E⁸F
402 3733 445 3802 115
464 3749 505 3800 μιν
524 3733 652 3802 ἐπιπρέπει
665 3735 765 3784 BDE¹2
786 3749 827 3799 μιν
878 3750 945 3784 men.
964 3733 1095 3798 Theophr.
1118 3733 1148 3783 ir.
1167 3733 1182 3786 6
1203 3731 1216 3798 ΙΙ
1238 3731 1270 3782 12
1289 3729 1366 3800 λέγειν
1384 3737 1534 3787 Dran-Fu:

169 3819 825 3889 ἐπιτρέπηΕιμῆνέπελπρίπειαβΙψὸαθτόΒΒΕι
878 3823 989 3872 correxit
1024 3837 1040 3869 α
1071 3821 1101 3870 oi.
1133 3821 1204 3872 Prol.
1236 3835 1261 3884 p.
1288 3817 1336 3871 112
1370 3815 1384 3888 ss
1417 3827 1479 3872 νοεῖν
1509 3819 1535 3873 δὲ

170 3906 245 3958 αυτόν
260 3907 334 3958 affl*
347 3911 359 3972 γγ
378 3907 393 3959 7
409 3907 488 3976 μονῆν
502 3911 606 3960 Dana:
620 3907 694 3976 μόνον
706 3911 730 3959 D
744 3909 825 3959 Bran·
876 3909 1026 3960 DEEaFH:
1036 3905 1061 3958 δὲ
1074 3911 1137 3957 νοεῖν
1148 3924 1165 3955 a
1178 3903 1191 3973 ΙΙ
1202 3901 1263 3957 αθτδ
1274 3909 1335 3958 DE:
1347 3906 1421 3960 αότδν
1432 3911 1508 3960 anuli
1520 3907 1533 3976 Η

171 3997 244 4046 disii:
269 4011 310 4046 om
331 3997 378 4045 oF.
407 3990 418 4060 Ιψ
454 3995 469 4047 9
499 3997 645 4047 Alexandri
677 3998 825 4061 opinionem
880 3996 912 4049 13
925 3995 1025 4048 ΗΚ.
1044 3999 1075 4046 of.
1089 4005 1189 4060 praeter
1204 3997 1276 4046 Ιοαοε
1289 4005 1444 4047 memoratos
1456 3999 1535 4062 Diog.

171 4099 247 4147 qusm
267 4085 328 4134 dicit
340 4082 376 4144 S.‚
394 4084 589 4148 Theophrastus
603 4087 690 4135 sinon
704 4085 826 4150 probasse
879 4087 919 4135 lx
930 4085 962 4137 19
981 4081 1111 4150 σόμπαντά
1129 4080 1149 4133 τ’
1165 4081 1225 4133 εἶναι
1237 4083 1295 4132 νοῦν
1307 4081 1351 4133 καὶ
1363 4081 1480 4153 φρόνησιν
1493 4083 1536 4134 καὶ

170 4181 237 4222 corte
264 4173 379 4222 attulisse
399 4171 500 4222 videtur
517 4171 600 4235 [Proi.
620 4189 645 4236 p.
666 4170 736 4235 112],
759 4173 827 4222 uude
883 4171 958 4224 ἀίδιον
977 4181 1003 4222 et
1020 4174 1137 4223 Timonis
1157 4173 1187 4222 ir.
1200 4169 1235 4222 40
1244 4171 1286 4222 W.

169 4261 325 4326 Hippolytus
358 4259 457 4309 Philos.
484 4259 546 4310 142
577 4259 637 4327 φησὶ
664 4257 690 4310 δέ
718 4259 761 4315 καλ
788 4256 830 4309 τδν
907 4261 939 4311 14
952 4261 1065 4312 Galenus
1075 4261 1213 4324 captiosius
1224 4257 1356 4322 Sabinum,
1367 4263 1411 4322 qni
1421 4261 1536 4326 sophista

168 4344 226 4399 θεὸν
251 4343 311 4396 εἶναι
335 4343 411 4396 ἀίδιον
434 4346 478 4398 καὶ
505 4343 548 4397 ἕνα
573 4348 616 4398 καὶ
639 4343 723 4413 όμοιον
748 4347 829 4412 πάντη
881 4351 929 4400 iuit
947 4349 993 4398 sub
1007 4349 1150 4408 Hadriano,
1170 4345 1289 4396 vellicare
1310 4347 1417 4396 ridetur.
1440 4349 1537 4397 scilieet

171 4431 215 4483 καὶ
247 4433 430 4501 πεπερασμένον
463 4433 507 4484 καὶ
539 4432 680 4504 σφαιροειδῆ
709 4435 766 4487 Gal.
795 4435 829 4484 li.
882 4445 1078 4486 consteraax
1092 4443 1160 4484 terra
1174 4433 1536 4498 hominesneqnoXenophs·

170 4523 232 4588 phil.
252 4522 302 4572 αἵ
326 4519 387 4571 εἶναι
410 4521 490 4572 πάντα
509 4520 535 4572 δν
553 4521 597 4574 καὶ
615 4525 689 4572 τοῦτο
712 4519 830 4590 ὑπάρχειν
881 4539 927 4574 nes
946 4539 1029 4587 nequa
1042 4523 1238 4586 Theophrastus
1257 4521 1288 4571 da
1307 4523 1352 4570 ilio
1372 4523 1471 4572 locutus
1490 4523 1536 4571 ad·

169 4605 227 4661 θεόν
253 4609 437 4677 πεπερασμένον
456 4607 555 4678 λογικὸν
583 4607 769 4678 ἀμετάβλητον,
797 4625 829 4660 ex
882 4627 1013 4661 severasse
1034 4611 1145 4672 videtur,
1170 4610 1216 4658 sed
1240 4619 1311 4658 ortos
1329 4625 1362 4659 ex
1381 4619 1450 4660 terra
1468 4609 1538 4659 haud

170 4699 263 4747 eodem
286 4697 352 4747 libro
377 4699 448 4749 Sext.
472 4701 502 4750 Ρ.
519 4697 646 4750 ultus
669 4695 695 4747 έν
718 4695 778 4747 εἶναι
800 4693 829 4747 τό
880 4699 958 4748 dubie
982 4701 1100 4748 innuerat
1128 4697 1159 4746 oi.
1183 4696 1304 4760 Xenoph.
1323 4697 1353 4746 ir.
1374 4695 1390 4748 8
1413 4695 1442 4746 έιι
1465 4695 1537 4765 γαίης

171 4788 222 4834 πᾶν
240 4783 283 4832 καὶ
299 4783 341 4833 τδν
354 4781 411 4836 θεόν
430 4787 531 4854 συμφυῆ
550 4789 601 4841 τοῖς
624 4787 706 4848 πᾶσιν,
725 4782 785 4836 εἶναι
804 4781 829 4834 δέ
883 4785 929 4852 γὰρ
948 4785 1028 4836 πάντα
1046 4783 1090 4834 καὶ
1109 4781 1143 4840 είς
1154 4785 1201 4850 γῆν
1214 4781 1295 4833 πάντα
1313 4779 1415 4851 τελευτᾷ
1433 4793 1459 4834 et
1476 4783 1536 4834 fua

173 4867 316 4939 σφαιροειδῆ
340 4871 384 4922 καὶ
409 4869 494 4940 ἀπαθῆ
520 4871 564 4922 καὶ
589 4871 761 4940 ἀμετάβλητον
788 4871 831 4922 καὶ
883 4873 972 4931 πάντες
989 4872 1035 4940 γὰρ
1053 4869 1124 4938 γαίης
1146 4887 1173 4920 τε
1192 4869 1236 4920 καὶ
1254 4865 1343 4925 ὓδατος
1361 4866 1535 4936 ἐκγενόμεσθα.

172 4956 289 5025 λογικόν,
316 4959 371 5007 Οἰο.
399 4960 498 5008 Luouil.
521 4959 554 5010 37
577 4971 612 5006 118
644 4977 735 5011 unum
763 4975 832 5010 esso
885 4977 968 5023 usqua
992 4961 1185 5023 Theophrastus
1211 4959 1274 5007 haee
1302 4971 1355 5006 non
1378 4961 1537 5018 memoravit,

171 5051 281 5098 omnis
304 5062 409 5110 nequa
429 5048 459 5096 id
483 5045 553 5097 osso
576 5050 731 5099 mutabile
750 5060 780 5098 et
803 5049 833 5098 id
885 5049 952 5098 unda
970 5049 1075 5111 Hippoi.
1095 5047 1193 5096 Phiios.
1209 5043 1266 5094 lto
1285 5057 1310 5093 et
1328 5044 1481 5097 Aetliiln

222 5159 313 5208 Diels,
337 5160 482 5212 Dexograpni
499 5159 582 5210 graeei.
1294 5129 1334 5194 31
