3708 5738
357 385 421 450 506
743 387 999 438 THFOPHRASTI
1017 387 1156 438 PHYSIO.
1175 387 1337 439 OPINION.

409 555 463 619 οὐκ
485 557 596 639 ἀληθὲς
616 553 766 640 <idonei
715 554 821 619 όδδτδ
844 557 968 636 μαλιστα
990 556 1198 640 ὀσφραίνεσθαι
1219 560 1278 620 τῶν
1301 557 1434 642 κοόφων,
1457 558 1533 622 ἀλλὰ
1554 559 1604 622 δεῖ
1625 558 1674 622 καί

413 658 507 741 ὀσμὴν
529 659 637 743 ίνυπάρ
622 681 711 744 ρχειν.
757 657 848 741 όγάρ
875 659 933 742 ἀὴρ
956 658 1004 722 καί
1025 659 1058 721 τδ
1080 663 1138 742 πῦρ
1159 659 1325 744 κουφότατα
1348 659 1417 742 μέν,
1443 659 1477 723 οό
1500 663 1621 724 ποιοῦσι
1643 661 1676 724 δί

359 763 393 817 23
410 757 547 843 αἴσθησιν
572 761 675 884 ὁρμῆς
827 760 968 829 δσαυτιυς
990 758 1078 824 δαν
1105 784 1147 830 τις
1168 761 1216 824 καὶ
1239 762 1303 844 περὶ
1323 762 1377 845 τὴν
1399 761 1537 846 φρόνησιν
1560 762 1675 846 ἀποράγ

410 881 494 939 σειεν,
516 862 542 924 εἰ
565 863 619 945 γὰρ
640 865 698 924 τιῖιν
721 861 818 924 αἰντιῖιν
840 865 919 924 ποιεῖ
939 862 1039 926 καί
1011 885 1063 946 την
1085 861 1233 946 αἴσθησιν.
1269 865 1318 926 καί
1340 863 1394 946 γάρ
1417 863 1530 928 ἅπαντα
1553 863 1674 946 μεθέξει

408 967 459 1026 τοῦ
482 967 607 1048 φρονεῖν.
649 963 698 1026 καί
721 964 783 1046 άμα
805 969 869 1034 πῶς
892 964 1040 1050 ἐνδέχεται
1063 965 1112 1028 καί
1134 964 1165 1028 ἐν
1187 965 1342 1030 ἀλλοιώσει
1363 964 1412 1028 καί
1428 965 1484 1028 ὑπὸ
1499 969 1551 1027 τοῦ
1569 966 1705 1048 όμοίυυι

411 1064 540 1145 γίνεσθαι
562 1067 595 1128 τδ
617 1070 745 1150 φρονεῖνγ
771 1067 804 1129 τὸ
832 1066 886 1150 γὰρ
914 1066 1014 1148 ὅμοιον
1040 1065 1094 1130 οὐκ
1120 1066 1350 1150 ἀλλοιοῦταιτῷ
1373 1067 1477 1151 ὁμοίῳ.
1521 1067 1555 1130 τδ
1581 1068 1617 1132 δὲ
1640 1070 1678 1152 δὴ

413 1167 458 1250 τῷ
484 1168 583 1248 οιίματι
611 1173 725 1251 φρονεῖν
752 1168 801 1230 καὶ
828 1170 976 1238 παντελῶς
1001 1168 1121 1232 ἄτοπον·
1152 1167 1246 1232 πολλὰ
1273 1167 1327 1250 γὰρ
1353 1171 1411 1232 τῶν
1441 1167 1527 1253 ζῴων
1551 1169 1677 1252 ἄναιμα,

410 1272 468 1330 τῶν
491 1270 524 1331 δὲ
546 1269 672 1350 ἐναίμων
702 1271 739 1332 τολ
766 1271 831 1353 περὶ
858 1269 910 1339 τὰς
935 1270 1087 1354 αἰσθήσεις
1113 1269 1292 1352 ἀναιμότατα
1317 1273 1376 1333 τῶν
1405 1273 1511 1354 μερῶν.
1556 1269 1603 1336 ἔτι
1627 1272 1678 1336 καί

409 1371 511 1434 ὀστοῦν
533 1372 582 1434 καὶ
607 1370 671 1455 θρίξ
699 1369 858 1434 αἰσθάνοιτ’
886 1370 937 1449 ἀν,
968 1373 1030 1436 ἐπεὶ
1054 1371 1104 1436 οόν
1131 1371 1161 1442 ἐξ
1188 1374 1323 1436 ἁπάντων
1346 1372 1407 1436 ἐστὶ
1428 1375 1487 1436 τῶν
1509 1375 1679 1458 στοιχείων.

411 1473 460 1536 καὶ
484 1474 632 1558 συμβαίνει
653 1473 742 1536 ταότδ
765 1472 837 1536 εἶναι
859 1475 892 1536 τὸ
915 1477 1029 1558 φρονεῖν
1052 1474 1101 1539 καί
1124 1473 1316 1538 αἰσθάνεσθαι
1338 1473 1387 1538 καί
1406 1475 1531 1558 ἥδεσθαι
1546 1476 1597 1540 καί
1614 1473 1676 1558 (rh)
1693 1503 1715 1542 ιο

411 1575 564 1639 λυπεῖσθαι
595 1577 644 1638 καί
671 1575 731 1658 [τὸ]
759 1575 884 1656 ἀγνοεῖν·
914 1575 1005 1660 ἄμφω
1030 1577 1085 1659 γάρ
1110 1581 1189 1641 ποιεῖ
1212 1580 1272 1645 τοῖς
1298 1576 1454 1658 ἀνομοίοις.
1497 1575 1575 1642 ὥσθ’
1613 1578 1678 1659 ἅμα

359 1687 394 1739 24
410 1679 455 1764 τῷ
478 1679 530 1759 μὲν
553 1679 664 1760 ἀγνοεῖν
686 1675 744 1740 ἔδει
765 1675 895 1758 γίνεσθαι
916 1677 1020 1760 λόπην,
1043 1679 1087 1762 τῷ
1108 1678 1140 1741 δὲ
1161 1682 1275 1763 φρονεῖν
1294 1679 1413 1762 ἡδονήν.
1564 1677 1678 1744 ἄτοπον

410 1781 444 1844 δὲ
470 1781 519 1844 καὶ
545 1780 578 1842 τδ
604 1779 656 1848 τάς
683 1780 817 1859 δυνάμεις
845 1778 976 1847 ἑκάστοις
1004 1779 1166 1862 ἐγγίνεσθαι
1193 1779 1242 1842 διὰ
1267 1781 1320 1862 τὴν
1340 1779 1370 1842 ἐν
1392 1784 1452 1850 τοῖς
1481 1783 1594 1864 μυρίοις
1624 1784 1677 1844 τοῦ

413 1883 533 1964 αἵματος
555 1881 727 1965 σύγκρασιν,
759 1881 799 1948 ὡς
821 1880 841 1962 ἢ
863 1880 915 1962 τὴν
938 1884 1067 1962 γλῶτταν
1089 1880 1181 1944 αἰτίαν
1204 1884 1255 1945 τοῦ
1277 1879 1310 1944 εὖ
1332 1882 1424 1963 λέγειν
1445 1880 1547 1964 (οὖσαν
1567 1882 1605 1967 ἢ>
1627 1883 1679 1952 τὰς

412 1989 512 2068 χεῖρας
526 1988 578 2047 τοῦ
594 1985 785 2066 δημιουργεῖν,
808 1979 871 2044 ἀλλ’
893 1981 946 2046 οόκ
968 1983 1090 2066 ὀργάνου
1112 1981 1188 2051 τάξιν
1211 1979 1328 2068 ἔχοντα.
1362 1985 1407 2048 διδ
1430 1984 1478 2047 καί
1501 1986 1614 2066 μᾶλλον
1637 1983 1672 2048 ἀν
1692 2011 1714 2050 ιι

411 2109 452 2154 τις
472 2087 596 2169 ἀποδοίη
610 2091 648 2168 τῇ
666 2090 765 2169 μορφῇ
780 2083 833 2167 τὴν
849 2082 941 2147 αἰτίαν
956 2085 976 2169 ἡ
991 2091 1029 2168 τῇ
1045 2086 1145 2170 κράσει
1159 2088 1211 2148 τοῦ
1234 2085 1365 2166 αἵματος,
1387 2086 1407 2170 ἢ
1430 2086 1521 2170 χωρίς
1543 2087 1675 2156 διανοίας

411 2187 502 2251 ἐστίν·
526 2188 619 2256 οὕτως
640 2187 694 2270 γὰρ
717 2184 851 2271 ἔχεικαὶ
874 2186 921 2248 ἐπὶ
944 2189 1003 2250 τῶν
1024 2185 1120 2250 ἀλλων
1143 2185 1240 2272 ζῴων.
1279 2183 1522 2272 Ἐμπεδοκλῆς
1545 2189 1600 2271 μὲν
1623 2185 1675 2252 οὖν

412 2287 505 2352 ἔοικεν
528 2290 557 2352 ἐν
579 2291 697 2357 πολλοῖς
719 2288 930 2378 διαμαρτάνειν.

244 2365 264 2393 ⁸
359 2399 393 2453 25
508 2389 574 2454 Τιῖιν
596 2390 629 2453 δὲ
651 2390 692 2473 μὴ
715 2393 757 2474 τῷ
775 2389 869 2474 ὁμοίῳ
883 2390 1041 2454 ποιούντων
1055 2393 1108 2475 τὴν
1123 2390 1259 2474 αἴσθησιν
1278 2389 1472 2474 Ἀλκμαίων
1489 2392 1541 2475 μὶν
1556 2395 1675 2476 πρῶτον

410 2493 540 2577 ἀφορίζει
562 2493 615 2576 τὴν
637 2493 708 2575 πρὸς
729 2493 766 2556 τὰ
788 2492 852 2578 ζῷα
875 2493 1025 2577 διαφοράν.
1067 2492 1222 2577 ἄνθρωπον
1244 2493 1298 2576 γάρ
1320 2515 1393 2578 φησι
1413 2499 1471 2560 τιῖιν
1493 2493 1593 2560 ἀλλων
1616 2495 1674 2556 δια·
1690 2515 1713 2554 τι

408 2595 504 2680 φέρειν
535 2595 579 2657 ότι
610 2593 696 2675 μόνος
727 2593 850 2677 ξυνίησι,
880 2595 917 2658 τὰ
944 2592 968 2658 δ’
996 2595 1071 2658 ἀλλα
1098 2595 1266 2660 αἰσθάνεται
1296 2594 1348 2676 μὲν
1376 2595 1411 2658 οἰι
1434 2595 1542 2679 ξυνίησι
1565 2595 1610 2673 δέ,
1633 2595 1674 2662 ὡς

409 2697 505 2780 ἕτερον
534 2695 566 2759 δν
593 2696 626 2759 τδ
655 2699 768 2780 φρονεῖν
792 2697 840 2760 καί
867 2697 1074 2776 αἰσθάνεσθαι,
1109 2696 1158 2760 καὶ
1180 2693 1231 2774 οὔ,
1258 2696 1392 2781 καθάπερ
1416 2695 1673 2781 Ἐμπεδοκλῆς,

409 2797 523 2862 ταύτόν.
560 2795 660 2861 ἔπειτα
681 2797 748 2880 περὶ
773 2797 898 2883 ἑκάστης
919 2799 1005 2882 λέγει.
1043 2799 1158 2864 ἀκούειν
1182 2798 1235 2881 μὲν
1257 2796 1307 2862 οὖν
1328 2819 1400 2883 φησι
1421 2802 1481 2869 τοῖς
1496 2798 1579 2878 ὠσίν,
1601 2797 1674 2862 διότι

410 2901 492 2964 κενδν
507 2901 537 2964 ἐν
553 2901 650 2969 αὐτοῖς
666 2899 836 2984 ἐνυπάρχει·
859 2905 944 2965 τοῦτο
965 2901 1020 2984 γὰρ
1042 2903 1137 2987 ἠχεῖν.
1172 2899 1353 2985 φθέγγεσθαι
1377 2901 1410 2964 δὲ
1430 2901 1474 2986 τῷ
1496 2900 1601 2985 κυίλιρ,
1624 2901 1673 2962 τὸν

409 3002 484 3087 ἀέρα
506 3001 531 3065 δ’
559 3004 706 3087 ἀντηχεῖν.
750 3001 957 3087 ὀσφραίνεσθαι
984 3005 1016 3067 δὲ
1043 3004 1115 3089 ῥισίν
1144 3003 1206 3086 ἅμα
1232 3003 1277 3086 τιγῖ
1304 3004 1439 3068 ἀναπνεῖν
1468 3003 1612 3086 ἀνάγοντα
1637 3001 1671 3064 τὸ
1688 3025 1711 3064 ιι

409 3109 522 3187 πνεῦμα
543 3104 615 3188 πρὸς
637 3104 686 3168 τὸν
708 3104 878 3190 ἐγκέφαλον.
921 3108 1037 3190 γλώττῃ
1060 3107 1093 3170 δὲ
1114 3107 1181 3174 τοὺς
1203 3105 1316 3189 χυμοὺς
1338 3104 1456 3188 κρίνειν·
1480 3106 1604 3190 χλιαράν
1620 3105 1674 3186 γὰρ

410 3205 499 3270 οὖσαν
521 3206 569 3269 καί
592 3207 726 3290 μαλακὴν
748 3210 845 3292 τήκειν
871 3208 911 3291 τῇ
937 3208 1107 3294 θερμότητι·
1136 3207 1277 3291 δέχεσθαι
1306 3207 1339 3269 δὲ
1364 3207 1412 3270 καὶ
1439 3207 1598 3272 διαδιδόναι
1625 3205 1673 3269 διὰ

359 3317 392 3372 26
406 3309 457 3392 τἠν
485 3309 633 3391 μανότητα
661 3309 709 3372 καί
738 3311 916 3395 ἁπαλότητα.
1068 3309 1240 3394 ὀφθαλμοὺς
1270 3309 1303 3372 δὲ
1329 3310 1399 3392 όράν
1427 3309 1475 3372 διὰ
1508 3313 1561 3372 τοῦ
1595 3305 1674 3391 πέριξ

360 3483 559 3496 ....----.-
1065 3484 1265 3492 ...ἡ-η...-

360 3588 375 3639 1
406 3581 506 3654 ἀληθίς.
540 3584 596 3638 οὐδὲ
628 3588 684 3638 PF:
722 3603 788 3638 οοπ.
825 3587 967 3640 Sehneider
998 3584 1011 3656 ΙΙ
1065 3589 1161 3638 delevit
1178 3589 1305 3640 Wimmer
1329 3584 1342 3653 11
1367 3580 1428 3636 ὥσθ’
1454 3587 1488 3636 P.
1515 3581 1579 3635 ὥστ
1606 3587 1627 3637 F
1653 3575 1719 3650 1111

1065 3673 1093 3725 τὸ
1111 3673 1137 3725 δὲ
1154 3678 1250 3744 φρονεῖν
1268 3691 1306 3741 pr.
1323 3669 1374 3740 1111
1395 3672 1427 3724 14
1444 3669 1592 3740 ἀιτήΡΙίι
1612 3665 1720 3726 neren

358 3761 465 3830 μάλιστα
496 3758 539 3822 (τό
578 3769 604 3811 ει
640 3757 691 3826 μαλ
717 3761 852 3826 rescripte)
887 3763 910 3813 F
941 3759 954 3830 ΙΙ
978 3759 1016 3813 δεῖ
1066 3763 1174 3814 Usener.
1201 3759 1261 3812 ὡσεί
1273 3761 1419 3827 Stephanus
1439 3756 1452 3827 ΙΙ
1473 3755 1679 3826 ουσανῆεάδιάι
1691 3753 1719 3802 τί

357 3847 451 3916 Pedi)
479 3849 501 3899 F
527 3844 540 3914 ΙΙ
567 3845 584 3898 3
613 3846 759 3915 φρόνησις·
751 3865 779 3898 ιο
797 3863 861 3912 mrg
888 3865 938 3900 see.
958 3845 1014 3917 ΡΙΙ
1067 3845 1162 3914 p.‚502
1173 3847 1208 3900 23
1228 3845 1242 3916 ΙΙ
1265 3847 1328 3902 16δ
1345 3832 1718 3917 χωρὶςεοιεθοίιοοίδοτυωίί

357 3933 465 4004 4τ1περ
490 3939 543 3985 τῶν
571 3931 655 3984 αὐτῶν
683 3937 745 3986 olim
774 3936 887 3997 conieci,
916 3937 1015 4000 geneti-
1069 3934 1101 3988 18
1120 3933 1146 3986 ἰν
1164 3932 1264 3992 πολλοῖς
1280 3951 1317 3988 ιιο
1329 3935 1374 3986 PF
1396 3929 1408 4001 ΙΙ
1430 3933 1462 3987 19
1476 3931 1718 4001 ἀλκμαίωνίοωῐῖ·

358 4041 418 4075 vum
437 4031 465 4072 nt
482 4019 558 4089 πυρός
583 4039 608 4086 ρ.
621 4017 708 4084 500,9
732 4023 872 4086 explicans.
903 4038 971 4072 nune
995 4020 1017 4074 εἰ
1068 4039 1117 4074 een
1141 4025 1162 4074 P
1194 4019 1207 4088 Ιί
1237 4019 1271 4074 20
1293 4019 1411 4090 ἀφωρίζει
1438 4037 1475 4086 pr.
1498 4021 1520 4071 1⁴*
1546 4015 1560 4086 ΙΙ
1589 4019 1623 4072 91
1650 4013 1718 4085 116101

358 4111 404 4180 γὰρ
419 4122 494 4161 teneo
508 4109 619 4158 Vnhleni
635 4109 668 4158 nd
680 4109 727 4158 Ar.
740 4115 808 4174 poet.
822 4105 920 4170 [Beroi.
937 4107 1016 4173 leid]
1068 4111 1124 4163 Pin
1153 4125 1217 4160 οοπ.
1240 4117 1300 4176 ροσε
1321 4110 1448 4160 Zeilerum
1476 4109 1499 4157 1.
1522 4107 1601 4158 Klein
1625 4109 1715 4170 quaestu

360 4195 452 4264 p.115
475 4197 598 4260 exemplis
622 4203 714 4245 metue.
743 4191 767 4244 εἰ
782 4190 807 4262 γ’
829 4192 877 4244 ἀπὸ
900 4198 953 4245 τῶν
971 4191 1015 4245 αδ·
1067 4197 1156 4261 Nigid.
1175 4195 1318 4262 pidem
1346 4190 1361 4261 Η
1388 4191 1422 4244 24
1440 4191 1571 4262 ἰπιπάρχιι
1592 4193 1627 4245 F:
1645 4186 1716 4252 δπᾰρ·

358 4290 411 4336 τῶν
433 4286 545 4342 Ueener,
565 4280 595 4332 ἐκ
622 4280 669 4349 γὰρ
691 4285 743 4332 τῶν
766 4279 852 4332 adrev
874 4284 916 4334 vel
939 4281 960 4332 εἰ
977 4280 1017 4333 διὰ
1068 4299 1107 4352 χει
1125 4287 1147 4336 Ρ
1162 4280 1175 4350 ΙΙ
1188 4283 1309 4334 τοῦτοθι
1328 4277 1411 4332 τοίιτω
1422 4283 1454 4333 Ρ.
1474 4282 1573 4331 conicio
1591 4270 1718 4340 τοῦτογᾶρ

358 4375 410 4423 τῶν
429 4367 514 4420 αἰτῶν
538 4368 580 4432 [οἰ.
599 4367 673 4433 UO]
696 4369 851 4430 Schneider,
877 4366 900 4420 εἰ
920 4383 947 4436 γι
969 4367 1016 4437 τὴν
1068 4369 1148 4439 ηχοῖιν
1173 4368 1217 4432 [ei.
1236 4369 1308 4420 Piae.
1324 4369 1362 4419 1v
1378 4367 1446 4432 172]
1468 4361 1623 4436 φδίγγεσθαι
1639 4361 1676 4414 ne
1691 4353 1717 4407 τὸ

359 4457 438 4528 αὐτὴν
461 4459 547 4522 Cerey
566 4451 581 4524 ΙΙ
600 4455 618 4507 4
637 4452 734 4507 ἅπαντα
752 4452 849 4524 μεθίξει
867 4456 923 4510 κτλ.
941 4460 1015 4510 dubi·
1067 4453 1160 4518 κοῖλον,
1172 4459 1247 4508 aliter
1257 4457 1330 4506 Proi.
1343 4473 1367 4521 p.
1378 4453 1430 4508 223
1441 4451 1455 4521 ΙΙ
1467 4453 1501 4508 25
1513 4453 1647 4522 ἀνάγοντας
1656 4447 1716 4500 mni·

360 4557 416 4598 tent
433 4547 575 4598 Schneider
596 4553 622 4595 et
644 4545 807 4609 Philippeon·
835 4553 862 4596 nt
885 4547 916 4596 ei.
935 4547 1015 4596 Arist.
1068 4548 1169 4597 Usener
1182 4547 1248 4596 noni.
1263 4541 1323 4606 §38
1336 4539 1350 4611 ίΙ
1365 4541 1398 4595 27
1411 4539 1527 4611 δεδόχθαι
1539 4540 1566 4594 δί
1578 4542 1622 4594 καί
1634 4531 1718 4591 διδόναι

360 4636 385 4684 d.
410 4629 570 4684 anim.lH3
594 4647 619 4697 p.
637 4628 733 4684 427116
763 4626 776 4697 11
806 4631 823 4684 δ
850 4628 876 4682 δί
904 4631 1016 4698 ἀναίμων
1068 4633 1124 4684 PF:
1145 4648 1210 4683 εστι.
1224 4631 1367 4684 Schneider
1377 4627 1391 4698 Η
1402 4629 1436 4684 ’28
1448 4631 1492 4682 καί
1501 4627 1647 4699 δπαλάτιγτσ
1657 4634 1716 4674 0011·

360 4723 417 4774 PF:
438 4737 503 4771 cerr.
523 4719 664 4772 Schneider
683 4713 697 4782 ΙΙ
717 4715 799 4769 91πεί
811 4719 870 4786 γοῦν
882 4721 1015 4769 Wimmer.
1068 4721 1192 4772 Wirnmer
1211 4719 1243 4769 ei.
1261 4716 1332 4782 540.
1345 4715 1393 4770 43·
1413 4721 1460 4786 τῆς
1477 4709 1685 4786 ἁπαλότητοςΡΓ
1702 4701 1714 4772 Ιί

358 4811 459 4860 Usener
472 4806 525 4858 ἐπεὶ
542 4801 778 4874 ὁμοίωςεσαίματι
793 4808 825 4856 cf.
843 4823 868 4871 p.
882 4803 986 4866 50113
1001 4801 1015 4871 ΙΙ
1067 4809 1115 4858 init
1143 4808 1186 4871 qni
1213 4801 1352 4874 ὀφθαλμοῖς
1379 4807 1473 4858 mallen
1501 4807 1546 4856 eed
1572 4805 1604 4856 ni.
1626 4804 1670 4853 Ar
1692 4791 1714 4842 d·

361 4893 394 4946 10
407 4910 481 4944 τουτο
493 4895 549 4946 PF
567 4891 658 4944 ταυτὸν
671 4893 816 4958 Stephanus
832 4889 889 4961 ΙΙτδ
901 4900 961 4944 anie
974 4889 1016 4942 λυ-
1067 4909 1135 4945 sene.
1170 4911 1195 4959 p.
1215 4890 1312 4945 43814
1335 4893 1395 4942 hiet.
1418 4906 1460 4942 εο.
1478 4892 1537 4944 xl
1564 4909 1589 4956 p.
1602 4877 1712 4944 63an-

359 4977 457 5036 πεῖσθαι
470 4983 569 5034 eddidit
581 4981 724 5036 Schneider
734 4975 748 5048 Η
761 4977 831 5032 11
806 4997 835 5032 το
849 4988 908 5032 ante
921 4978 1016 5048 ἀγνοεῖν
1068 4995 1116 5045 ego
1139 4987 1244 5046 propter
1262 4982 1397 5043 sequentia
1414 4975 1546 5048 ὀφθαλμὸν
1567 4983 1683 5044 exspecto
1699 4959 1712 5032 ίί
