3708 5732
329 371 390 437 166
477 373 544 424 xm
580 373 630 422 DE
649 369 905 423 THEOPHRASTI
924 371 962 420 IN
982 369 1140 420 LAERTIO
1158 337 1322 420 DlOGllNE
1341 367 1544 420 EXCERPTIS

327 539 498 624 excerptis,
521 538 652 622 quaein
668 543 843 622 conspectu
859 539 878 604 3
900 559 932 621 p.
951 537 1011 602 137
1025 557 1093 621 sqq.
1116 537 1312 622 comparavi.
1345 537 1422 603 hinc
1439 535 1535 602 simul
1549 543 1691 620 apparet

327 640 426 707 etiam
455 660 496 706 ea
522 659 607 723 quae
634 640 669 705 in
697 639 846 707 breuiore
873 639 1046 706 summario
1073 639 1115 706 de
1144 639 1213 706 sole
1243 645 1277 705 et
1305 640 1383 704 luna
1413 637 1588 722 compilata
1612 645 1691 704 sunt

328 741 464 829 (omissa
480 741 599 809 deinde
614 761 635 808 a
648 742 779 810 Laertio
802 740 900 826 infra)
922 741 965 806 ad
981 740 1240 825 Theophrastum
1260 740 1408 824 quamvis
1422 740 1489 805 alia
1502 741 1557 806 via
1570 741 1691 807 redire.

328 843 467 910 sortasse
489 843 587 910 etiam
610 843 801 928 principium
816 841 984 908 Laertiani
1005 841 1121 926 capitis
1143 841 1286 908 eiusdem
1302 841 1478 908 memoriae
1492 862 1557 908 non
1571 862 1693 927 expers

328 951 388 1012 est.
432 963 508 1010 nam
535 945 622 1029 quod
648 953 681 1012 et
706 946 758 1010 hio
786 952 819 1011 et
846 942 923 1010 alibi
950 944 1072 1027 passim
1099 950 1264 1027 tamquam
1293 943 1467 1027 genuinum
1495 942 1691 1028 principium

328 1048 534 1130 Anaxagorei
563 1048 636 1114 libri
663 1049 791 1116 citatur:
825 1049 919 1110 πάντα
948 1049 1087 1130 χρήματα
1109 1047 1145 1132 ἦν
1168 1049 1259 1128 ὁμοῦ,
1281 1046 1343 1112 εἶτα
1366 1049 1382 1112 h
1403 1051 1470 1118 νοῦς
1495 1047 1591 1112 ἐλδιδν
1612 1047 1691 1112 αὐτὰ

328 1150 521 1234 διεκόσμησε,
553 1171 574 1216 a
603 1150 829 1236 Theophrasto
857 1147 960 1232 primo
987 1149 1045 1215 tali
1072 1148 1168 1214 modo
1196 1147 1230 1214 in
1255 1147 1388 1214 brevem
1415 1147 1586 1214 termulam
1615 1168 1692 1214 σου·

329 1258 467 1318 tractum
489 1253 616 1320 videtur
639 1251 688 1339 [cf.
712 1249 904 1318 Schauhach
928 1273 959 1336 p.
976 1254 1026 1318 67.
1051 1251 1147 1334 1284,
1176 1249 1226 1315 cui
1240 1249 1424 1317 Aristotelis
1446 1247 1555 1336 [Phys
1573 1249 1653 1316 VIII
1670 1252 1687 1316 1

328 1377 359 1440 p.
377 1356 459 1421 nect
474 1353 527 1442 24]
551 1355 701 1439 exemplo
724 1353 770 1418 uti
792 1351 891 1417 licuit.
924 1353 983 1418 sed
1004 1354 1067 1420 hoc
1088 1373 1147 1438 pro
1170 1357 1258 1418 certo
1279 1351 1442 1418 affirmare
1463 1353 1549 1418 nolo.

415 1456 539 1522 Eadem
574 1457 690 1522 divisio
725 1456 822 1522 etiam
860 1455 891 1518 in
926 1455 1114 1520 Archelao
1147 1455 1298 1538 pellucet.
1351 1473 1390 1518 ac
1411 1453 1444 1518 H
1466 1455 1507 1519 16
1536 1451 1691 1536 qnoniam

329 1557 473 1643 physicis
496 1559 604 1626 ethica
627 1559 790 1624 adduntur
812 1556 856 1622 ad
877 1555 1017 1638 priorem
1037 1555 1158 1622 fontem
1181 1555 1372 1622 reducimur.
1411 1561 1583 1638 praeterea
1605 1573 1692 1638 quae

329 1659 381 1724 hic
403 1660 521 1744 pressit
543 1664 590 1726 καὶ
613 1663 649 1725 τὰ
673 1666 736 1746 ζῷα
758 1661 816 1724 ἀπὸ
839 1665 891 1743 τῆς
913 1657 990 1726 ἰλύος
1005 1658 1178 1742 γεννηθῆναι
1200 1657 1284 1724 infra
1306 1655 1444 1722 dilatata
1466 1663 1549 1722 sunt.
1584 1657 1692 1722 altera

329 1761 510 1828 accuratior
524 1765 650 1848 sylloge
665 1762 802 1846 physica
818 1761 889 1826 sola
903 1758 1136 1844 complectitur,
1152 1759 1211 1825 sed
1226 1759 1305 1825 ordo
1320 1779 1492 1844 perversus
1507 1765 1566 1824 est.
1590 1757 1692 1822 maris

331 1863 421 1946 origo
443 1869 520 1928 ante
542 1863 730 1930 animalium
757 1860 999 1945 generationem
1026 1860 1178 1943 ponenda
1204 1868 1275 1926 erat
1300 1866 1333 1926 et
1358 1859 1471 1926 ultima
1497 1862 1604 1924 καὶτὸ
1631 1865 1692 1924 πᾶν

329 1965 446 2050 ἄπειρον
468 1965 512 2031 ad
534 1965 660 2031 initium
682 1963 876 2031 revocanda.
911 1962 969 2027 sed
990 1962 1195 2044 quantumvis
1210 1962 1454 2047 compilatorum
1470 1962 1566 2046 culpe
1580 1962 1693 2046 genui-

330 2087 391 2132 nus
414 2067 493 2134 ordo
515 2067 663 2134 turbatus
685 2065 736 2150 sit,
758 2065 800 2130 de
820 2063 1046 2147 Theophrasto
1068 2071 1201 2130 auctore
1223 2084 1265 2129 ne
1286 2069 1439 2148 punctum
1460 2063 1590 2147 quidem
1612 2068 1693 2130 tern-

330 2167 419 2252 poris
446 2167 600 2252 ambiges.
631 2167 670 2234 cl.
694 2167 842 2250 consp4
869 2187 901 2249 p.
920 2166 990 2232 139.
1034 2165 1232 2251 Hippolytus
1262 2173 1350 2232 certe
1376 2167 1534 2250 pleraque
1560 2165 1693 2250 egregie

331 2269 498 2336 confirmat
526 2277 559 2336 et
584 2269 702 2354 prioris
724 2287 852 2353 quoque
873 2266 972 2332 sontis
993 2266 1129 2351 physica
1151 2266 1257 2334 eidem
1278 2267 1430 2334 vindicat.
1465 2267 1605 2334 maiores
1626 2274 1693 2332 tnr-

200 2442 204 2454 ,
331 2369 393 2437 bae
414 2370 449 2434 in
471 2369 703 2436 Parmenide
725 2375 975 2454 cognoscuntur,
999 2371 1057 2438 sed
1079 2369 1179 2455 ipsius
1201 2369 1417 2454 Theophrasti
1440 2369 1624 2436 testimonio
1647 2389 1692 2436 ne

329 2469 527 2538 haesitemus
547 2471 745 2556 providetur.

416 2573 465 2640 IX
480 2573 519 2639 21
554 2577 668 2658 πρῶτος
690 2574 714 2638 δ’
742 2574 826 2645 οὕτος
847 2576 899 2660 τὴν
921 2580 975 2659 γῆν
994 2575 1126 2658 ἀπέφηνε
1146 2573 1316 2659 σφαιροειδῆ
1339 2568 1692 2661 [et.Theophr.tr.1t]

331 2679 379 2744 καί
401 2679 432 2743 ἐν
454 2677 537 2762 μέσῳ
558 2675 684 2742 κεῖσθαι.

372 2781 424 2844 δύο
445 2777 466 2842 τ’
494 2778 566 2843 είναι
590 2781 720 2864 στοιχεῖα
741 2782 799 2862 πῦρ
821 2779 869 2842 καὶ
890 2783 943 2862 γῆν
966 2779 1013 2842 καί
1036 2780 1069 2842 τὸ
1094 2779 1145 2860 μὲν
1168 2779 1344 2861 δημιουργοῦ
1372 2775 1448 2844 τάξιν
1471 2775 1565 2864 ἔχειν,
1586 2778 1685 2862 τὴνδ’

331 2884 401 2967 ὕλης
416 2879 466 2970 [σί.
483 2881 650 2966 Hippolyt.
669 2882 706 2946 11
731 2879 921 2964 lThecphr.
944 2879 982 2944 fr.
999 2876 1030 2966 6]
1052 2879 1160 2962 γένεσίν
1182 2879 1206 2942 τ’
1235 2879 1399 2963 ἀνθρώπων
1421 2879 1451 2949 ἐξ
1474 2881 1551 2950 ίλύος
1573 2887 1691 2965 πρῶτον

328 2985 462 3068 γενέσθαι

373 3084 451 3148 αἴτια
473 3081 576 3170 [codd.
594 3083 693 3170 αὐτὸν]
716 3085 743 3148 δ’
761 3086 900 3170 ὑπάρχειν
923 3087 956 3148 τὸ
979 3086 1087 3169 θερμὸν
1109 3085 1157 3148 καὶ
1173 3085 1207 3148 τὸ
1223 3085 1345 3170 ψυχρόν,
1367 3083 1452 3154 lida
1468 3086 1504 3149 τά
1518 3088 1612 3150 πάντα
1627 3108 1691 3152 συν-

330 3189 457 3252 εστάναι.
485 3189 533 3250 καί
548 3189 597 3252 τὸν
612 3193 678 3252 νοῦν
693 3191 742 3253 καὶ
757 3191 809 3273 τὴν
825 3189 921 3274 ψυχὴν
937 3187 1040 3250 ταύτὸν
1060 3187 1132 3250 εἶναι
1154 3183 1205 3272 [cf.
1220 3186 1262 3251 de
1277 3205 1363 3252 sens,
1385 3189 1405 3268 ὃ
1421 3184 1464 3274 dl,
1487 3189 1566 3254 καθὰ
1582 3190 1692 3273 μίμνη-

329 3313 375 3352 ται
397 3291 446 3354 καί
469 3289 693 3374 Θεόφραστος
715 3290 749 3354 ἐν
772 3295 845 3359 τοῖς
864 3291 1034 3358 Φυσικοῖς
1050 3289 1164 3352 πάντων
1180 3289 1285 3372 σχεδὸν
1300 3288 1484 3372 ἐκτιθέμενος
1497 3292 1534 3354 τὰ
1548 3291 1692 3374 δόγματα.

330 3389 439 3458 omnia
460 3391 541 3456 haec
564 3389 811 3475 Theophrastea
832 3409 904 3456 esse
926 3389 1022 3474 pauci
1045 3397 1139 3456 erunt
1168 3389 1222 3474 qui
1249 3389 1433 3456 initientur.
1478 3392 1587 3476 priora
1613 3393 1692 3459 inde

328 3513 395 3558 non
419 3513 478 3558 suc
510 3491 623 3558 ordine
650 3493 779 3576 prolata
807 3511 848 3557 ex
877 3491 1097 3557 intercedente
1119 3490 1265 3558 Vitarum
1293 3491 1487 3575 nescioquo
1510 3493 1690 3574 enchiridio

328 3591 503 3678 fluxerunt,
533 3599 643 3661 cetera
671 3593 714 3660 ab
737 3593 814 3659 αἴτια
841 3591 983 3658 breviter
1005 3612 1046 3659 ex
1068 3593 1139 3678 ipso
1163 3592 1358 3678 Opinionum
1385 3593 1468 3660 libro
1494 3595 1692 3680 transcripta

329 3701 413 3760 sunt.
454 3715 530 3760 nam
552 3696 674 3780 duplex
697 3685 949 3762 est'exordium:
976 3716 1074 3760 unum
1096 3697 1147 3760 δύο
1169 3694 1194 3757 τ’
1223 3694 1294 3760 εἶναι
1318 3701 1448 3782 στοιχεῖα
1473 3701 1530 3782 πῦρ
1552 3699 1602 3764 καί
1622 3705 1690 3782 γῆν,

328 3797 466 3860 alterum
489 3795 568 3860 αίτια
590 3796 615 3860 δ’
645 3799 785 3883 ὑπάρχειν
807 3799 841 3860 τδ
864 3797 972 3881 δερμδν
995 3799 1099 3862 καὶτὸ
1122 3798 1244 3883 ψυχρόν,
1266 3797 1375 3864 verbis
1392 3799 1556 3866 diversum
1571 3807 1692 3866 utrum-

329 3915 409 3981 que,
432 3917 468 3964 re
490 3898 587 3964 idem.
631 3897 700 3963 veri
723 3897 828 3964 simile
843 3903 899 3967 ,est
920 3896 1133 3984 biographum
1156 3899 1254 3965 etiam
1276 3897 1385 3984 priora
1407 3900 1482 3980 §21
1506 3901 1690 3986 Ξενοφάνους

328 3999 361 4062 δὲ
377 4001 514 4084 διήκουσε
529 3999 711 4084 Παρμενίδης
726 4000 858 4085 Πύρητος
870 3998 1006 4084 Ἐλεάτης
1021 3999 1134 4086 (τοῦτον
1157 4002 1380 4087 Θεόφραστος
1403 4003 1437 4065 ἐν
1458 4008 1500 4085 τῇ
1520 4000 1689 4088 Ἐπιτομῇ

324 4100 557 4188 Ἀναξιμάνδρου
583 4104 670 4188 φησὶν
699 4100 854 4189 ἀκοῦσαι),
885 4103 966 4186 ὅμως
994 4101 1019 4166 δ’
1046 4102 1097 4168 οῦν
1124 4103 1250 4172 ἀκούσας
1272 4105 1321 4166 καί
1342 4103 1523 4188 Ξενοφάνους
1545 4105 1599 4168 οίικ
1620 4108 1689 4189 ἠκο

327 4205 472 4288 luctuoso
493 4204 585 4291 αὐτῷ.
621 4207 796 4289 ἐκοινώνησε
822 4206 855 4269 δὲ
883 4207 931 4269 καὶ
950 4201 1089 4290 Ἀμεινίᾳ
1111 4206 1158 4268 καὶ
1181 4203 1324 4290 Διοχαίτη
1347 4211 1389 4290 τῷ
1413 4205 1624 4293 Πυθαγορικῷ,
1648 4212 1689 4278 ὡς

327 4302 385 4392 ἔφη
408 4305 563 4384 Σωτίων,
585 4309 665 4392 ἀνδρὶ
688 4308 788 4392 πένητι
811 4309 863 4390 μὲν
885 4309 967 4392 καλῷ
991 4307 1024 4370 δὲ
1045 4307 1168 4392 κάγαθῷ
1193 4303 1283 4392 ᾧκαὶ
1306 4310 1415 4388 μᾶλλον
1438 4309 1624 4393 ἠκολούθησε
1639 4311 1689 4375 καὶ

327 4409 524 4480 ἀποθανόντος
546 4412 645 4496 ἡρῷον
661 4411 806 4495 ἱδρύσατο.
827 4407 966 4493 ηένυυςίί
989 4411 1129 4495 ὑπάρχων
1151 4413 1285 4496 λαμπροῦ
1304 4415 1352 4477 καί
1367 4413 1504 4482 πλούσιος
1521 4411 1568 4476 ὑπ’
1590 4411 1688 4496 Ἀμει-

326 4511 387 4576 νίου
416 4511 479 4576 ἀλλ’
508 4511 565 4598 οίιχ
593 4513 649 4578 ὑπὸ
677 4513 859 4598 Ξενοφάνους
887 4513 927 4582 είς
957 4513 1083 4598 ἡσυχίαν
1109 4517 1277 4600 προετράπη
1305 4515 1473 4612 scripsisse
1499 4513 1554 4580 vel
1580 4514 1689 4598 potius
1752 4555 1756 4562 ·

327 4633 368 4682 ex
395 4613 529 4681 Sotiene
556 4617 617 4682 vel
636 4615 779 4682 Sotionis
805 4615 996 4699 compendio
1025 4616 1218 4700 compilasse
1245 4619 1284 4684 cl.
1308 4639 1338 4702 p.
1357 4617 1429 4682 147.
1467 4635 1543 4682 ecce
1570 4615 1688 4683 iterum

325 4716 471 4784 binariae
503 4717 679 4784 memoriae
705 4717 937 4784 testimonium:
970 4717 1024 4783 hic
1055 4719 1270 4804 Theophrasti
1294 4719 1489 4806 Opinionum
1516 4717 1689 4803 epitome

327 4818 478 4886 laudatur
500 4854 542 4868 -
564 4837 641 4883 nam
662 4818 746 4886 alius
774 4817 856 4885 liber
883 4819 937 4886 vix
966 4820 1100 4906 cogitari
1122 4827 1230 4906 potest
1251 4859 1292 4870 --
1314 4821 1381 4888 illic
1403 4823 1515 4892 ἐντοῖς
1538 4823 1689 4893 Φυσικοῖς.

412 4921 527 4986 Adhuc
550 4919 617 4986 bini
639 4920 746 4988 fontes
769 4920 908 5006 disiungi
930 4929 1089 5006 poterant.
1124 4922 1190 4988 iam
1212 4943 1289 4990 uero
1313 4923 1509 4990 enumerabo
1533 4943 1589 4992 eas
1612 4925 1689 5008 dog·
