3648 5736
521 435 659 488 σκευαί
676 435 816 488 Ηιυποιι.
834 435 973 488 imos,
986 433 1091 490 υυ-νν
1423 435 1486 501 635

172 609 315 694 φέρεσθαι
345 607 475 693 (θέρους)
504 608 553 672 καί
584 611 729 694 χείμῶνος
760 608 794 673 ἐκ
811 606 815 696 Ι
831 611 890 672 τῶν
913 613 1031 694 πηγῶν,
1062 608 1217 695 φαίνεσθαι
1242 610 1276 673 δὲ
1297 607 1436 674 ἐλάττονα
1452 629 1487 670 υοι

171 715 223 775 τοῦ
255 713 401 798 χειμῶνος
428 710 476 774 διὰ
501 711 535 774 τὸ
564 711 595 775 ἐν
619 710 715 796 τοότιρ
740 713 784 799 τῶ
817 711 912 798 καιριή
945 709 1067 796 πλησίον
1101 710 1169 776 ὄντα
1195 713 1245 776 τὸν
1271 713 1354 798 ἥλιον
1383 717 1436 798 τῆς

173 810 321 898 Αἰγύπτου
343 811 503 896 ἐξατμίζειν
522 814 560 878 τὰ
580 815 704 898 νάματα.

306 1100 351 1163 θθ
386 1095 472 1181 Περὶ
493 1097 704 1182 αἰσθήσεως
726 1098 783 1161 καί
805 1097 993 1182 αἰσθητοῦ.
1028 1110 1110 1174 [Ριιιι
1122 1108 1220 1163 1v81.
1231 1121 1251 1164 ο.
1264 1111 1300 1176 ιο]

146 1272 158 1311 ι
264 1249 350 1317 Κατὰ
378 1254 445 1323 τοῦς
467 1252 655 1324 Στωικοὺς
680 1251 817 1338 αἴσθησίς
839 1255 916 1319 ἐστιν
939 1255 1088 1340 ἀντίληψις
1109 1255 1267 1340 αἰσθητοῦ·
1290 1255 1438 1342 ἀντίληψις

171 1357 204 1419 δὲ
226 1357 384 1441 πολλαχῶς
406 1355 529 1438 λέγεται.
571 1357 592 1440 ἦ
620 1379 653 1419 τε
678 1355 733 1440 γὰρ
759 1356 818 1427 ἕξις
843 1359 892 1422 καί
919 1361 939 1442 ἡ
966 1357 1085 1439 δόναμις
1113 1358 1161 1421 καί
1186 1361 1207 1442 ἡ
1234 1358 1362 1444 ἐνέργεια
1389 1359 1438 1422 καὶ

173 1455 368 1546 ήψφαντασία
390 1458 591 1544 καταληπτικὴ
613 1458 662 1522 καί
693 1459 851 1545 αἰσθητικὴ
879 1461 927 1524 καί
949 1459 1021 1522 αὐτὸ
1048 1459 1081 1521 τδ
1106 1461 1293 1544 ἡγεμονικόν,
1321 1459 1373 1546 οἰφἓ
1401 1461 1435 1524 οῦ
1452 1480 1488 1519 τοι

173 1565 255 1626 πᾶσα
276 1561 405 1646 αἰσθητὴ
428 1561 477 1647 βία
491 1560 625 1644 γίγνεται.
661 1563 747 1626 πολιν
769 1562 806 1626 τὰ
827 1562 977 1646 πνεύματα
999 1560 1085 1646 νοερὰ
1107 1563 1166 1626 άπδ
1188 1567 1241 1626 τοῦ
1262 1563 1436 1648 ἡγεμονικοῦ

171 1664 219 1727 ἐπί
241 1665 418 1728 τὰτοιαῦτα
447 1663 653 1747 ἀνατεταμένα.
697 1663 848 1730 Πλάτων
874 1667 927 1750 τὴν
955 1663 1092 1748 αἴσθησιν
1120 1657 1312 1752 ἀποφαίνεται
1339 1670 1437 1752 ψυχῆς

129 1785 154 1824 ιο
171 1765 220 1829 καί
242 1769 378 1850 σώματος
408 1765 557 1830 κοινωνίαν
579 1767 652 1852 πρὸς
673 1767 710 1831 τὰ
731 1765 828 1838 ἐκτὸς·
858 1770 878 1853 ή
906 1767 1035 1850 μὲνγὰρ
1058 1768 1177 1852 δύναμις
1199 1773 1312 1855 ψυχῆς,
1339 1767 1377 1832 τὰ
1403 1755 1436 1832 δὲ

173 1865 280 1952 ὄργανα
320 1872 466 1952 σώματος.
517 1868 607 1955 ἄμφω
645 1869 678 1933 δὲ
716 1870 893 1935 συνελθόντα
925 1871 1190 1955 ἀντιλαμβάνεσθαι
1223 1875 1281 1935 τῶν
1315 1869 1436 1940 ἔξωθεν.

171 1971 379 2044 Λεύκιππος
401 1971 450 2036 καί
471 1965 700 2058 Δημόκριτος
721 1973 773 2057 τήν
796 1971 933 2056 αἴσθησιν
955 1971 1085 2038 εἰδώλων
1108 1973 1236 2060 πρόσθεν
1250 1973 1437 2059 προσιόντων.

244 2255 285 2318 91
322 2249 364 2316 Εἰ
386 2251 530 2335 ἀληθὴς
551 2254 571 2335 ἡ
595 2251 768 2337 αἴσθησις
790 2253 848 2316 καί
871 2254 891 2336 ή
913 2255 1101 2336 φαντασία.
1136 2261 1363 2326 [Plut.1V9‹.:]

258 2403 296 2474 0:
317 2407 477 2472 Στωικοὶ
503 2409 555 2479 τὰς
583 2409 735 2495 αἰσθήσεις
758 2410 810 2492 μὲν
833 2409 964 2492 ἀληθεῖς,
986 2412 1045 2472 τῶν
1068 2409 1101 2472 δὲ
1122 2411 1288 2494 φαντασιῶν
1310 2408 1362 2478 τὰς
1384 2407 1436 2490 μὲν

132 2530 155 2570 ιο
174 2511 305 2595 ἀληθεῖς,
327 2511 378 2581 τὰς
400 2511 433 2575 δὲ
455 2513 583 2596 ψευδεῖς·
597 2509 602 2595 ψ
614 2514 663 2576 καί
685 2515 715 2576 αἰ
738 2513 790 2594 μὲν
813 2512 965 2597 αἰσθήσεις
981 2515 1119 2598 μοναχῶς
1134 2513 1372 2596 ψευδοποιοῦνται
1387 2511 1435 2574 καί
1453 2529 1489 2569 ουο

175 2614 212 2676 τὰ
233 2616 367 2700 νοήματα
388 2615 500 2684 διττῶς.
534 2615 582 2678 καί
605 2615 659 2700 γὰρ
681 2614 831 2698 αἰσθητῶν
853 2617 914 2680 ἐστι
935 2615 1078 2700 φαντασία
1100 2615 1148 2678 καί
1170 2617 1294 2697 νοητῶν.

190 2893 232 2957 92
268 2889 347 2962 Πῶς
369 2891 500 2974 γίνεται
522 2894 541 2976 ἡ
564 2891 731 2977 αἰσθησις
753 2894 811 2958 καί
833 2895 999 2979 ἡνόησις
1021 2895 1078 2958 καί
1101 2897 1116 2959 ὁ
1140 2894 1228 2958 κατὰ
1252 2894 1415 2957 διάθεσιν
1453 2911 1490 2951 σου

568 2997 751 3079 λογισμός.
788 3005 966 3070 [Piut.1v11
980 3003 1039 3070 ι-σ]

260 3149 297 3216 Oi
320 3149 477 3216 Στωικοί
497 3171 598 3236 φασιν·
622 3152 690 3216 ὁταν
711 3151 868 3238 ἄνθρωπος
886 3152 1012 3236 γένηται,
1035 3150 1098 3236 ἔχει
1113 3151 1147 3214 τδ
1162 3151 1334 3235 ἡγεμονικὸν
1351 3151 1438 3236 μέρος

135 3274 159 3313 νο
176 3257 229 3338 π’ής
251 3258 349 3339 ψυχῆς
372 3253 462 3318 αὐτοῦ
486 3253 584 3338 ῶσπερ
606 3256 717 3339 χάρτην
740 3253 856 3340 εῦεργον
878 3255 919 3325 εἰς
941 3256 1129 3339 ἀπογραφήν·
1152 3253 1193 3322 εἰς
1214 3257 1300 3316 τοῦτο
1321 3253 1371 3318 οῦν
1387 3256 1439 3338 μία

173 3357 283 3440 ἑκάστη
305 3359 364 3418 τῶν
388 3359 522 3421 διανοιῶν
545 3356 698 3441 αἰσθήσεις
719 3357 912 3443 ἰναπογράφει
933 3363 986 3442 τῆς
1008 3359 1098 3421 αὑτοῦ
1113 3357 1283 3442 φαντασίας.
1321 3357 1390 3421 ὁταν
1405 3359 1439 3420 δὲ

172 3459 314 3542 ὁμοειδεῖς
328 3461 434 3523 πολλαί
456 3464 567 3544 μνῆμαι
589 3463 755 3543 φαντασιῶν
777 3461 925 3544 γένωνται,
946 3461 1013 3524 τότε
1034 3460 1129 3544 φαμὲν
1152 3457 1231 3544 ἔχειν
1253 3456 1439 3544 (ἐμπειρίαν).

176 3561 310 3646 ἰμπειρία
332 3563 386 3646 γάρ
408 3561 485 3626 ἐστιν
508 3563 650 3645 ὁμοειδῶν
678 3567 845 3648 φαντασιῶν
867 3562 992 3646 πλῆθος.
1028 3565 1087 3624 τῶν
1110 3559 1134 3624 δ’
1163 3562 1279 3625 ἐννοιῶν
1306 3561 1363 3646 (ai)
1386 3564 1438 3646 μὲν

171 3668 301 3748 φυσικῶς
322 3665 462 3748 γίγνονται
485 3664 560 3728 κατὰ
581 3664 648 3734 τοῦς
671 3665 839 3749 εἰρημένους
861 3665 984 3749 τρόπους
1007 3665 1055 3727 καί
1078 3664 1112 3727 οὐ
1127 3667 1279 3749 τεχνικῶς,
1301 3666 1332 3728 αἰ
1351 3665 1384 3728 δὲ
1400 3663 1432 3728 δι’

130 3785 154 3823 2⁵
171 3765 314 3850 ἡμετέρας
336 3767 571 3850 ἐπιμελείαςκαὶ
594 3767 790 3838 διδασκαλίας.
826 3768 911 3832 αῦται
934 3769 967 3830 δὲ
988 3767 1037 3831 καί
1060 3765 1164 3830 ἔννοιαι
1179 3770 1333 3831 καλοῦνται
1352 3769 1437 3850 μόναι

123 3906 135 3958 1
158 3901 246 3974 θίρους
263 3907 395 3958 intercidit
414 3902 428 3974 ΙΙ
448 3905 465 3958 2
482 3909 515 3976 τῆ
534 3903 647 3975 αἰγῦπτω
664 3908 687 3959 Β
831 3907 877 3975 τῆς
895 3905 980 3975 ψυχῆς
997 3907 1020 3956 Β
1040 3901 1054 3972 ΙΙ
1079 3901 1177 3974 εῦτργον
1195 3907 1231 3957 B:
1251 3921 1328 3974 ..εργ
1346 3905 1408 3971 [sic]
1426 3908 1451 3957 A
1472 3903 1486 3976 ΙΙ

160 3991 329 4062 ὁάνιίλειψις
352 3991 379 4044 δί
401 3990 561 4052 πολλάκιςΒ
587 3991 601 4062 ΙΙ
625 3995 641 4048 6
664 3993 710 4063 γὰρ
728 4010 779 4044 om.
832 3992 861 4045 ἐκ
880 3991 986 4045 τοῦτόν
1006 3992 1064 4042 νοῦν
1083 3993 1121 4042 A:
1147 3990 1176 4043 ἰκ
1199 3988 1298 4043 τοὸτων
1316 3990 1399 4044 οὸνΒ
1420 3989 1433 4062 ΙΙ
1454 3992 1486 4046 21

125 4082 147 4132 Β
168 4077 181 4147 ΙΙ
202 4081 218 4132 7
237 4076 366 4149 αἰσθητῶν
385 4097 435 4132 om.
455 4081 499 4132 καί
516 4084 542 4132 A
566 4077 579 4149 ΙΙ
604 4079 707 4132 θπᾶσα
729 4097 780 4132 om.
832 4077 972 4149 αἰσθήσεως
989 4081 1027 4130 A:
1047 4075 1160 4147 αἰσθήσει
1177 4081 1201 4130 Β
1221 4075 1234 4146 ΙΙ
1255 4079 1281 4131 ἰν
1300 4078 1433 4149 ἀπογραφή
1451 4082 1488 4132 B:

121 4171 145 4218 A
168 4165 182 4235 ΙΙ
203 4165 311 4236 αἰσθητὰ
333 4171 358 4219 A
378 4170 408 4219 ei.
428 4165 590 4234 Ρτο1.ρ.5ὁ
610 4164 623 4234 ΙΙ
642 4165 779 4221 πάλιν-9
832 4168 858 4220 ἰν
877 4165 1026 4236 ἀπογραφὴν
1043 4169 1070 4217 A
1092 4163 1106 4234 ΙΙ
1131 4164 1209 4218 αἰτοῦ
1227 4169 1275 4218 ΑΒ
1296 4163 1309 4234 ΙΙ
1334 4165 1368 4218 22
1387 4165 1488 4236 ὁμοειδῆ

122 4253 290 4322 ἀνατετόμενα
313 4271 364 4306 om.
388 4255 411 4307 B
434 4252 449 4323 ψψ
475 4257 490 4308 9
513 4254 672 4325 ἀναφαίνεται
690 4257 738 4307 AB
763 4253 777 4323 ΙΙ
830 4257 854 4307 Β
874 4253 888 4324 ΙΙ
908 4253 989 4322 πολλὴ
1003 4251 1090 4323 μνήμη
1104 4254 1271 4321 [oompendio
1283 4263 1419 4320 utrumque
1438 4263 1489 4307 ter-

120 4345 166 4410 τῆς
190 4341 274 4412 ψυχῆς
297 4343 329 4394 τιί
351 4341 378 4394 δί
400 4339 519 4412 ὀργανικὰ
538 4341 644 4408 σώματα
662 4341 780 4394 κοινωνία
831 4343 954 4407 minatur]
981 4341 1087 4410 γίγνεται
1112 4339 1171 4394 ὁταν
1199 4345 1237 4393 A:
1265 4339 1366 4394 πολλῶν
1388 4342 1490 4413 μνήμης

121 4427 181 4496 πρὸς
198 4427 230 4480 τδ
249 4429 334 4487 ἰκτός·
353 4427 432 4499 όμφω
450 4427 477 4481 δί
494 4427 586 4481 :AB
605 4427 619 4498 ΙΙ
643 4431 675 4483 10
687 4445 777 4481 κοινω-
831 4435 974 4498 φαντασιῶν
993 4428 1094 4498 γίνηται
1111 4427 1168 4480 τότε
1185 4431 1207 4482 Β
1234 4427 1247 4495 Η
1272 4427 1338 4498 ἔχειν
1360 4447 1411 4480 om.
1430 4432 1452 4481 B
1473 4427 1489 4498 Η

120 4513 159 4565 νία
177 4517 202 4566 A
223 4511 237 4582 Η
259 4517 290 4569 11
313 4513 356 4568 τὸν
375 4513 469 4576 ἔξωθεν
487 4519 525 4568 A:
548 4517 592 4568 καί
615 4521 667 4568 τῶν
685 4513 779 4576 ἔξωθεν
831 4515 958 4585 ἐμπειρίαν
977 4534 1028 4567 om.
1041 4518 1090 4567 AB
1111 4513 1124 4585 ΙΙ
1147 4515 1180 4567 23
1200 4521 1343 4584 φαντασιῶν
1362 4533 1412 4568 om.
1431 4519 1453 4569 B
1473 4517 1487 4585 ΙΙ

120 4598 176 4670 Bu
199 4603 231 4655 12
249 4599 356 4673 πρόσθεν
374 4605 467 4656 om.B
829 4609 882 4656 τῶν
910 4601 935 4656 δ’
966 4602 1039 4655 ἐνίων
1066 4607 1178 4673 φυσικῶς
1205 4603 1251 4669 μίν
1279 4606 1317 4654 A:
1436 4609 1489 4654 τῶν

155 4688 189 4742 15
202 4700 263 4755 ροει
281 4689 378 4759 ψευδεῖς
390 4693 520 4744 intercidit
531 4691 636 4757 Epicuri
649 4693 780 4742 sententia
831 4691 961 4760 ....ρίων
980 4695 1093 4760 φυσικῶς
1112 4690 1190 4758 μίνΒ
1213 4687 1226 4758 i!
1246 4689 1280 4742 24
1299 4691 1342 4742 καί
1362 4709 1412 4743 om.
1431 4693 1453 4743 B
1474 4689 1488 4761 ΙΙ

119 4771 398 4846 Ἐπίκουρος-ψευδεῖς
412 4777 426 4846 Η
441 4778 531 4834 16καί
548 4773 609 4846 παρ’
625 4779 672 4830 AB
694 4775 708 4846 ΙΙ
728 4776 780 4829 ἐστι
830 4781 970 4847 τεχνικῶς,
993 4773 1063 4828 οἰιδίν
1088 4775 1114 4828 δί
1136 4777 1260 4846 ἡμετέραν
1288 4775 1428 4845 ἰπιμίλειαν
1448 4782 1486 4831 A:

121 4867 263 4930 -νοητῶν
286 4880 337 4916 om.
359 4866 382 4916 B
410 4867 502 4918 lacuna
525 4881 559 4916 111
583 4867 631 4917 litt.
653 4867 775 4929 indicata,
828 4869 952 4934 τεχνικῶς
966 4861 995 4915 οὸ
1008 4862 1042 4914 δι’
1062 4864 1186 4933 ήμετίραν
1199 4862 1340 4933 ἐπιμέλειαν
1360 4862 1489 4932 1125καί

119 4959 173 5002 πται
191 4947 268 5002 λείπει
288 4947 301 5018 ΙΙ
321 4949 455 5020 φαντασίας
472 4954 498 5003 A
829 4952 854 5004 αἰ
872 4949 1027 5004 διδασκαλίαι
1044 4956 1082 5004 A:
1107 4969 1158 5004 om.
1177 4953 1200 5003 Β
1224 4957 1308 5019 :patio
1329 4969 1392 5004 κτιι
1411 4956 1487 5008 litter.

156 5038 189 5094 17
208 5033 377 5106 παράθεσινΒ
398 5034 412 5106 ΙΙ
433 5037 466 5092 19
485 5036 550 5108 ἰχειν
567 5041 589 5091 Β
611 5037 625 5110 Η
646 5038 680 5092 20
698 5036 775 5094 αὑτοῦ
828 5042 916 5092 relicto
938 5037 951 5108 ll
972 5039 1015 5090 καί
1034 5049 1093 5106 post
1111 5037 1137 5091 δί
1156 5057 1207 5090 om.
1226 5040 1248 5094 B
