3708 5732
341 389 343 392 ’
376 397 437 464 148
700 399 739 450 ru
775 397 823 450 on
845 395 1040 450 emronrnr
1058 395 1405 452 currosornnnnms

375 569 575 654 ἠκολούθησεν
598 567 679 653 αύτῷ
697 592 705 608 ·
722 568 895 651 ἐκοινώνησε
917 567 950 632 δὲ
971 567 1019 632 κα1
1038 565 1167 652 Ἀμεινίᾳ
1188 568 1235 631 καὶ
1257 567 1400 653 Διοχαίτη
1422 571 1465 652 τῷ
1482 565 1671 653 Πυθαγορικῷ
1686 571 1721 639 dr<

375 669 433 758 ἔφη
455 671 595 736 Σωτίων
679 669 704 756 ᾧ
728 671 776 734 καὶ
799 673 908 753 μᾶλλον
930 670 1117 755 ἠκολούθησε
1138 670 1186 734 καὶ
1208 670 1407 740 ἀποθανόντος
1421 671 1519 755 ἡρῷον
1535 669 1720 755 ἱδρύσατο...

376 771 420 837 ὑπ’
438 771 581 856 Ἀμεινίου
608 771 667 837 ἀλλ’
696 773 753 858 ούχ
776 773 833 836 ὑπὸ
855 772 1036 857 Ξενοφάνους
1058 772 1099 842 είς
1120 773 1245 858 ἡσυχίαν
1267 772 1445 857 προετράπη.
1477 791 1614 840 women
1634 771 1722 836 totins

374 873 437 940 loci
470 881 583 940 eontra
615 875 783 956 vulgatam
817 873 1002 957 opinionem
1034 874 1192 942 directum
1219 880 1269 940 est
1294 892 1379 958 quae
1407 873 1633 940 ‘Parmeniden
1658 895 1721 940 cnm

374 977 580 1062 Xenophane
606 975 781 1043 coniunxit.
829 974 901 1059 ipse
928 976 1019 1043 Sotio
1047 976 1287 1061 Pythagoreum
1320 975 1546 1043 Parmenidem
1576 976 1721 1042 voluerat.

373 1100 482 1146 nonne
505 1079 619 1144 unum
641 1086 692 1145 est
714 1078 812 1144 etIam
834 1078 867 1144 in
892 1079 1071 1164 Hippolyto
1094 1087 1168 1162 post
1190 1078 1415 1163 Pythagoreos
1435 1077 1613 1163 principem
1634 1079 1723 1144 nomi-

373 1181 446 1249 nari
472 1181 713 1258 Parmenidem‚
741 1180 980 1264 Xenophanem
1008 1187 1100 1248 entra
1127 1181 1273 1248 ordinem
1295 1181 1489 1266 postmodo?
1524 1181 1590 1246 iam
1612 1179 1638 1246 si
1659 1199 1722 1246 con·

373 1284 517 1352 iunxeris
538 1283 753 1368 Xenophanis
775 1285 976 1370 ἀκαταληψίαν
999 1283 1170 1351 aSotione
1191 1273 1366 1368 inventam,
1389 1283 1452 1350 hoc
1473 1281 1637 1350 minimum
1658 1301 1721 1348 eon·

374 1393 460 1453 stare
483 1387 642 1454 concedes
664 1387 750 1452 illius
772 1389 919 1472 διαδοχῶν
942 1386 1081 1471 vestigIa
1102 1387 1249 1471 quamvis
1276 1385 1466 1454 tenuissima
1487 1385 1521 1450 in
1543 1385 1721 1453 minutulum

373 1489 469 1556 istum
490 1489 636 1557 Vitarum
659 1489 848 1574 scriptorem
871 1507 1032 1574 manasse,
1056 1489 1146 1556 cuius
1169 1509 1232 1575 ope
1254 1489 1452 1574 Hippolytae
1474 1488 1634 1555 utebatur.

349 1599 351 1604 “
458 1591 527 1660 Neo
548 1599 659 1660 tamen
681 1613 763 1658 unus
786 1592 878 1658 Sotio
900 1591 1116 1675 adgnoscitur.
1161 1592 1214 1675 qni
1245 1590 1392 1675 quamvis
1415 1610 1456 1657 ex
1479 1597 1548 1656 toto
1570 1591 1625 1658 illo
1647 1591 1718 1658 litte

372 1715 480 1761 rarum
503 1713 622 1778 genere
649 1695 738 1760 solus
760 1701 890 1779 praeter
910 1694 1127 1780 Porphyrium
1149 1693 1296 1778 Hunapio
1324 1692 1545 1760 indoctissimo
1568 1694 1720 1778 sophistae

372 1807 406 1866 et
427 1797 575 1882 cognitus
592 1803 625 1862 et
639 1797 741 1862 lectus
756 1803 843 1864 esset
865 1794 915 1883 [ct.
928 1795 1146 1883 Wyttcnhach
1162 1797 1206 1863 ad
1221 1796 1302 1862 Eun.
1318 1796 1351 1862 11
1372 1816 1404 1880 p.
1422 1793 1491 1883 18],
1514 1802 1623 1862 tamen
1637 1797 1719 1882 pleri·

373 1921 436 1983 que
450 1899 665 1984 posteriorum
680 1906 716 1965 ut
730 1899 880 1966 Laertius
895 1905 929 1965 et
943 1899 1132 1966 Athenaeus
1146 1921 1212 1966 non
1227 1899 1333 1984 ipsum
1348 1897 1496 1965 manibus
1512 1901 1719 1985 usurparunt¹

371 2022 433 2070 nec
459 2001 656 2086 Hippolytus
681 2001 818 2084 scriptor
844 2001 950 2085 ipsum
978 2001 1136 2069 adhibuit.
1180 2023 1256 2070 nam
1283 2007 1407 2087 pugnat
1429 2021 1501 2068 cum
1525 2001 1656 2071 Sotione
1676 2001 1718 2091 [cl.

374 2101 462 2190 141]
485 2103 644 2187 posterius
666 2122 694 2168 o.
710 2104 751 2168 23
774 2105 790 2167 ύ
814 2102 935 2188 Πύρρων
958 2151 1017 2168 ...
1040 2105 1093 2189 τὴν
1115 2106 1315 2192 ἀκαταληψίαν
1337 2105 1475 2170 ἁπάντων
1495 2111 1635 2190 πρῶτος
1654 2106 1720 2192 είσή-

372 2229 466 2290 perer.
500 2223 539 2270 ac
554 2205 656 2270 multa
669 2204 780 2269 insunt
795 2203 929 2273 Sotione
945 2205 1135 2272 recentiora.
1167 2207 1341 2292 praecipue
1356 2214 1537 2292 temporum
1552 2209 1720 2274 notahoncs

374 2312 429 2374 14
461 2309 515 2372 67
551 2307 605 2371 79
636 2307 713 2371 813
748 2308 822 2372 141
858 2327 899 2374 ex
930 2308 1120 2393 Apollodori
1152 2308 1321 2376 chronicis
1352 2309 1523 2378 fluxerunt.
1574 2311 1634 2376 hoc
1663 2316 1719 2375 tam

371 2417 520 2496 apertum
536 2415 586 2474 est
601 2415 637 2472 nt
651 2407 749 2491 priori
765 2427 858 2475 meae
873 2411 1135 2479 commentationi
1148 2408 1241 2498 [Mus.
1252 2411 1312 2477 Rh.
1324 2413 1438 2478 XXXI
1452 2410 1506 2500 23]
1522 2411 1603 2478 nihil
1617 2412 1719 2494 habeo,

261 2581 266 2595 ,
372 2511 459 2596 quod
481 2510 610 2578 addam.
656 2509 808 2576 chronica
830 2517 939 2578 autem
961 2531 992 2577 a.
1010 2515 1072 2580 144
1093 2533 1123 2580 a.
1141 2511 1216 2580 Ohr.
1239 2513 1377 2598 primum
1400 2513 1489 2582 edita
1511 2515 1718 2600 sunthorum

372 2622 446 2699 post
467 2634 498 2680 a.
522 2613 585 2680 119
607 2609 701 2700 [Μυν.
723 2609 784 2678 Rh.
807 2613 827 2678 l.
844 2633 872 2678 e.
893 2609 957 2700 64].
1049 2615 1052 2623 “

457 2716 541 2783 Hinc
564 2713 663 2782 etiam
685 2712 766 2780 illud
788 2714 943 2800 concidit,
970 2717 1057 2800 qnod
1080 2716 1156 2784 olim
1178 2717 1314 2786 calidius
1335 2719 1548 2804 arripueram,
1571 2719 1718 2803 epitomen

372 2818 515 2886 Sotionis
543 2816 586 2884 ab
615 2815 786 2883 Heraclide
819 2816 999 2884 confectam
1032 2817 1243 2903 principalem
1273 2819 1442 2912 Hippolyti
1472 2819 1596 2889 fontem
1623 2820 1718 2886 lutose.

370 2942 446 2988 nam
467 2921 496 2987 is
518 2919 706 2985 Ptolemaeo
722 2917 933 2986 Philometori
956 2921 1102 3004 eequahs
1117 2922 1216 3004 paulo
1230 2921 1467 3007 antiquior'est.
1500 2922 1720 2990 Heraclides

371 3023 513 3092 Lembos
535 3019 724 3105 Serapionis
752 3017 836 3087 filins
858 3021 1130 3090 Alexandrinus'
1154 3025 1295 3110 ἐπιτομὴν
1320 3030 1379 3090 τῶν
1407 3023 1562 3097 Σωτίωνος
1589 3030 1720 3112 διαδοχῶν

371 3253 440 3312 teria,
459 3251 655 3314 epitomatorem
674 3245 829 3311 culpandum
848 3245 966 3296 arbitror.
994 3253 1105 3298 catenum
1118 3261 1174 3300 cum
1187 3247 1260 3298 nulla
1277 3250 1311 3298 ait
1329 3265 1408 3300 cauae
1425 3267 1471 3302 eur
1488 3259 1543 3304 tam
1561 3253 1631 3304 brevi
1648 3251 1719 3317 spado

369 3347 429 3404 poet
446 3337 555 3388 similem
573 3335 689 3386 Sotionis
707 3335 858 3384 memoriam
876 3331 890 3395 ξ
906 3331 938 3384 18
955 3332 999 3396 [ei.
1018 3349 1096 3400 snpra
1114 3349 1139 3400 p.
1155 3331 1217 3396 104]
1242 3335 1413 3402 Xenophanto
1430 3341 1607 3403 mglswrium
1624 3344 1648 3391 ln
1665 3338 1718 3388 Par·-

369 3425 489 3478 menideo
514 3425 597 3490 capite
621 3427 790 3480 memoretur,
815 3421 892 3470 etlam
916 3421 943 3470 in
966 3435 998 3469 eo
1017 3435 1068 3483 qne
1088 3421 1206 3470 Laertius
1225 3421 1312 3472 eiusve
1332 3427 1464 3492 exemplar
1482 3442 1544 3477 usus
1564 3435 1602 3478 eat
1619 3425 1719 3478 Sotionis

370 3513 525 3580 compendio
544 3519 681 3572 utrumque
700 3507 853 3570 diremptum
871 3507 948 3557 inisse
968 3507 1091 3557 conicias.
1118 3507 1355 3571 er.pp.166.168.

442 3597 450 3629 ¹
470 3599 621 3648 Athenaeus
640 3595 804 3644 coniunctum
823 3595 875 3643 iere
894 3609 951 3643 curn
969 3595 1046 3644 NieIo
1063 3593 1089 3642 id
1108 3601 1196 3644 estex
1216 3593 1293 3644 Nicia
1311 3597 1379 3647 citat
1392 3595 1468 3649 Solio
1487 3615 1546 3650 cum
1564 3601 1637 3652 Nicia
1653 3601 1718 3648 etiam

368 3703 384 3737 a
407 3685 554 3737 Stoicorum
583 3682 693 3745 catalogi
717 3681 918 3730 Herculanensis
949 3681 1116 3745 compilatore
1140 3683 1167 3731 in
1192 3697 1264 3731 usum
1289 3689 1395 3733 vocatur
1420 3685 1512 3735 dicitur
1535 3701 1554 3738 a
1578 3685 1718 3752 Gomper'rlo

369 3773 443 3837 [Jen.
462 3774 625 3823 Litteraturn.
647 3764 715 3818 1875
733 3781 758 3830 ρ.
771 3762 844 3828 6651
867 3769 945 3817 etiam
966 3769 1133 3833 Hagesander
1150 3769 1269 3834 Delphus
1294 3771 1422 3832 quaedam
1440 3785 1473 3822 ex
1491 3771 1602 3824 Setiam
1619 3779 1716 3823 murto·

368 3863 428 3912 iisse
447 3860 549 3909 videtur
567 3857 637 3921 qnod
655 3871 688 3904 ex
706 3853 803 3902 Athen.
824 3853 892 3904 VIII
910 3851 986 3906 34311
1007 3858 1116 3906 coniecit
1134 3856 1243 3921 Hoeplre
1263 3856 1295 3906 de
1314 3857 1435 3921 hypomn.
1453 3873 1478 3922 ρ.
1492 3855 1535 3910 23.
1549 3859 1592 3920 23,
1605 3859 1628 3912 5.

439 3943 450 3975 ²
468 3946 500 3996 cl.
518 3959 596 4008 snpra
614 3961 639 4007 p.
653 3935 703 3994 87π
717 3937 780 4002 (83).
818 3940 924 3992 Snidaa:
945 3936 1108 4011 Ἡρακλείδης
1123 3937 1297 4012 Ὀξυρυγχίτης
1320 3939 1453 4012 φιλόσοφος
1475 3941 1553 3996 ύτού
1571 3942 1718 4016 Σαραπίωνος

367 4031 394 4091 ὃς
412 4026 541 4100 ίιιτκλη3η
561 4025 660 4096 Λέμβος
678 4024 784 4094 paveam<
807 4023 847 4078 ἐπὶ
871 4021 1028 4096 Πτολεμαίου
1049 4029 1095 4079 τού
1118 4025 1192 4079 ἕκτου
1215 4028 1389 4092 [181-146]
1412 4025 1439 4087 ὃς
1459 4029 1504 4087 τὰς
1526 4031 1588 4102 πρὸς
1608 4029 1716 4099 Ἀντίοχον

369 4115 441 4172 idere
460 4113 595 4185 συνθήκας.
632 4110 724 4183 ἔγραψε
742 4109 865 4182 φιλόσοφε
883 4113 912 4177 [i.
933 4133 955 4165 e.
975 4113 1106 4186 διαδοχὴν]
1125 4115 1169 4167 καὶ
1187 4113 1251 4166 ἄλλα
1270 4115 1315 4179 [an
1334 4113 1496 4184 λεμβτυτικύν
1515 4113 1604 4188 loyor?
1630 4121 1715 4172 Uaene-

369 4221 412 4257 rus
431 4207 552 4256 historias
575 4204 606 4254 ci.
625 4201 737 4252 Mueller·
755 4201 777 4250 F
790 4203 814 4252 H
828 4201 851 4254 (1
869 4203 911 4253 111
927 4201 976 4255 167
1000 4203 1156 4269 significatas
1174 4205 1273 4254 mavult
1291 4203 1360 4254 Mus.
1372 4205 1422 4256 Rh.
1436 4205 1558 4258 XXVIII
1570 4205 1640 4271 4321.
1657 4211 1715 4256 eete-

366 4309 422 4344 rnm
442 4295 510 4344 idem
528 4291 618 4344 Lembi
639 4306 782 4354 cognomen
802 4305 969 4353 quaeeunque
988 4294 1062 4354 origo
1080 4293 1128 4342 tuit
1145 4287 1188 4352 [σί.
1201 4291 1380 4342 Anaxandrld.
1394 4291 1465 4342 Ulix.
1478 4294 1508 4343 tr.
1523 4290 1548 4346 2.
1576 4295 1617 4345 Fr.
1630 4293 1715 4344 Gomic.

365 4379 489 4432 111111.
513 4373 613 4429 ὄπισθεν
631 4371 765 4428 ἀκολουθεῖ
781 4371 859 4434 κόλαξ
877 4388 922 4443 rep·
941 4373 1057 4444 λέμβος
1074 4374 1249 4445 ίπικίκληται]
1272 4377 1380 4443 Seraplo
1398 4387 1471 4443 pater
1487 4371 1609 4432 habetem
1627 4377 1716 4428 ridetur
1742 4365 1750 4384 ⁸

368 4468 438 4532 quod
456 4469 494 4516 ait
506 4466 615 4518 Photius
634 4466 692 4515 cod.
705 4461 758 4513 363
776 4479 801 4527 ρ.
818 4461 902 4514 1718.
920 4458 934 4512 ὁ
951 4463 997 4512 τού
1014 4458 1117 4530 Λίμβου
1130 4458 1293 4533 Ἡρακλείδης
1311 4473 1337 4516 et
1354 4473 1439 4530 potest
1456 4469 1535 4516 etiam
1553 4469 1578 4518 tn
1590 4465 1667 4518 Suida
1683 4464 1714 4512 in·

366 4555 462 4618 tellegi.
499 4567 642 4616 cognomen
661 4567 678 4602 a
695 4551 818 4613 magistro
837 4549 871 4600 ad
890 4551 1042 4614 dlecipulum
1059 4553 1211 4602 translatum
1231 4551 1320 4602 habuit
1337 4569 1360 4602 e.
1378 4567 1403 4615 g.
1421 4553 1556 4606 Diodorus
1576 4553 1671 4604 Cromna
1687 4547 1713 4596 υί-

364 4639 548 4692 Pennerbieter
559 4640 576 4688 l.
590 4655 612 4688 ο.
628 4635 680 4688 723
698 4645 725 4687 et
736 4637 925 4686 Demosthenes
944 4638 1057 4688 medicus
1070 4639 1215 4690 Alexandri
1228 4639 1380 4692 Philalethis
1399 4639 1538 4706 discipulus
1556 4641 1645 4692 Galen.
1656 4634 1713 4688 VIII

364 4722 424 4778 777.
461 4728 505 4789 qui
528 4726 604 4776 Iuerlt
626 4719 787 4790 λεμβευτικὸς
809 4719 881 4791 λόγος
904 4738 979 4786 quem
1001 4725 1148 4778 Demetrius
1172 4727 1281 4789 Magnes
1306 4723 1398 4790 [Diog.
1412 4727 1435 4777 V
1449 4725 1492 4790 94]
1520 4741 1658 4792 cognomen
1675 4736 1711 4787 pe·

363 4816 459 4877 perisse
478 4813 563 4872 refert,
582 4813 717 4860 nescimus.
751 4812 848 4860 erravit
864 4817 949 4860 autem
962 4811 1121 4874 Demetrius,
1141 4829 1198 4864 eum
1217 4814 1382 4864 Heraelidenr
1400 4805 1558 4865 Καλατιαιύν
1574 4814 1641 4864 dicit.
1673 4821 1711 4858 ne·

363 4915 412 4962 que
436 4901 505 4950 enim
529 4897 624 4948 Collati
647 4899 675 4946 in
698 4898 808 4948 Pontico
831 4897 927 4962 oppido
951 4899 972 4946 ia
995 4908 1070 4950 natus
1094 4897 1208 4973 videtur,
1231 4903 1303 4950 cuins
1327 4903 1393 4964 patri
1420 4916 1515 4952 nomen
1538 4901 1642 4965 Sempro
1663 4895 1710 4945 init

363 5001 425 5050 ergo
443 4985 538 5037 Snidaa
556 4985 650 5034 reatina
668 4983 861 5055 Oxyrypnchiten
881 4993 965 5035 vocat.
