3756 5736
743 411 1019 462 PROLEGOMENA

327 697 401 752 xlx
437 697 485 752 tlh
505 696 670 752 itatem
689 694 892 752 summast
910 693 1220 750 Phlaosornoleutt
1237 694 1424 750 lunisiana

279 909 329 974 De
351 907 503 974 Hermiae
525 906 710 992 philosophi
733 911 841 970 aetate
872 905 972 970 multa
1000 913 1050 972 est
1072 907 1301 972 controversia.
1347 909 1557 990 plurimorum

196 1011 350 1094 suffragia
368 1011 440 1076 tulit
463 1010 501 1074 G.
519 1009 618 1074 Casei
636 1007 799 1073 sententia
815 1007 901 1090 [hist
917 1008 1014 1073 litter.
1032 1009 1140 1090 script.
1156 1009 1234 1074 eccl.
1250 1009 1353 1092 1185]
1376 1011 1430 1092 qui
1446 1019 1557 1077 eontra

196 1111 404 1178 Lambecium
426 1109 608 1198 [comment.
628 1109 669 1174 de
692 1108 768 1174 bibl.
791 1108 885 1176 Caes.
900 1108 1037 1174 Vindob.
1063 1109 1116 1174 lib.
1133 1109 1194 1174 VII
1217 1131 1248 1194 p.
1265 1109 1318 1197 54]
1342 1111 1557 1178 Sonomeuum

196 1215 352 1280 historiae
386 1213 625 1280 ecclesiasticae
659 1211 847 1294 scriptorem
877 1211 1041 1277 Hermiam
1076 1211 1176 1277 fuisse
1209 1213 1393 1296 opinantem
1425 1216 1556 1280 saeculo

154 1381 166 1402 ,
195 1317 289 1382 alteri
317 1315 503 1381 Irrisionsm
530 1314 685 1380 attribuit.
729 1321 908 1379 ceterorum
936 1314 1090 1396 suffragia
1112 1315 1242 1396 collegit
1265 1313 1340 1380 Otto
1363 1317 1557 1382 norissimus

196 1420 300 1486 editor
327 1415 439 1505 [Oorp.
463 1417 627 1500 apologet.
650 1417 758 1481 christ.
771 1436 866 1513 pasc.
887 1417 920 1480 ΙΙ
945 1418 1008 1482 rol.
1025 1417 1074 1480 IX
1096 1417 1163 1482 Ion.
1189 1417 1271 1482 1812
1300 1439 1329 1500 p.
1347 1439 1450 1480 1111111
1462 1417 1556 1505 sqql,

195 1522 250 1605 qui
273 1528 435 1587 0111101100
458 1541 483 1584 0.
499 1519 531 1584 II
553 1539 656 1585 annos
679 1526 712 1586 et
734 1520 805 1604 ipse
827 1518 1019 1601 significavit
1041 1541 1072 1603 p.
1089 1541 1174 1583 xuvr.
1208 1519 1308 1584 movit
1330 1520 1403 1584 illos
1418 1522 1556 1604 primum

195 1623 424 1708 philosophi
448 1641 627 1704 cognomen
649 1641 670 1688 a
692 1622 831 1688 librariis
854 1622 1008 1687 traditum
1031 1622 1107 1706 quia
1128 1622 1186 1686 illa
1208 1622 1347 1687 maximo
1370 1631 1479 1690 aetate
1502 1626 1555 1708 qui

194 1726 463 1811 philosophorum
487 1726 608 1791 scholis
633 1725 754 1792 relictis
781 1725 971 1808 transfugae
993 1725 1036 1790 ad
1057 1724 1252 1790 christianos
1273 1733 1432 1790 venerant
1455 1727 1557 1810 philo·

195 1829 290 1914 sophi
312 1849 430 1894 nomen
453 1835 488 1893 ut
510 1827 629 1894 erroris
644 1835 757 1894 notam
772 1849 811 1894 ac
826 1827 1014 1894 memoriam
1028 1828 1247 1894 retinuissent.
1281 1847 1320 1892 eo
1341 1828 1470 1894 nomine
1488 1830 1555 1895 noti

195 1939 270 1998 sunt
299 1931 441 1997 Iustinus
471 1931 700 2014 Athenagoras
730 1931 888 1997 Aristides
919 1931 1106 1996 Pantaenus
1136 1930 1247 1995 Melite
1276 1930 1432 1996 Heraclas
1462 1931 1556 2013 [Otto

195 2057 225 2118 p.
242 2035 371 2116 xxxrvl.
415 2041 483 2099 tum
508 2035 571 2100 nisi
597 2035 727 2117 rigente
756 2033 956 2099 ethnicorum
985 2053 1093 2099 errore
1122 2033 1245 2098 nullam
1272 2033 1318 2098 ait
1346 2033 1411 2097 vim
1434 2033 1556 2100 habore

195 2136 423 2221 philosophiae
451 2136 641 2203 irrisionem.
684 2141 719 2202 at
746 2141 780 2201 ut
806 2141 894 2201 recte
919 2135 1001 2202 haec
1030 2135 1556 2220 01110110100111,0010110111ἰο

194 2245 284 2304 certa
314 2237 441 2304 elicitum·
467 2245 555 2305 1010.
598 2259 675 2304 nam
702 2237 929 2322 philosophiae
957 2244 989 2303 01
1015 2237 1201 2322 philosophi
1223 2257 1343 2303 nomen
1365 2238 1460 2304 simul
1484 2259 1556 2304 cam

195 2341 295 2426 pallio
322 2347 448 2406 mature
475 2343 519 2407 ad
540 2341 736 2408 christianae
764 2339 895 2424 pictatis
917 2339 951 2404 in
973 2340 1155 2406 secessibus
1177 2340 1340 2404 studiosos
1362 2341 1489 2406 transiit
1510 2343 1556 2406 ita

195 2451 231 2509 11
252 2444 403 2510 monachi
419 2445 592 2530 Byzantini
607 2443 751 2527 legitimo
767 2441 866 2508 rerho
883 2444 1185 2525 philosopharentur.
1221 2443 1292 2524 quis
1306 2463 1403 2526 porro
1418 2443 1557 2526 spondet

194 2547 330 2630 abipso
353 2546 509 2630 scriptore
532 2547 658 2613 titulum
681 2544 861 2630 profectum
884 2565 966 2629 esse,
991 2565 1056 2612 non
1073 2565 1093 2610 a
1108 2545 1248 2611 librariis
1270 2545 1385 2627 quibus
1407 2545 1556 2610 Hermias

196 2649 357 2714 Ammonii
379 2655 473 2733 pater
495 2646 546 2735 [of.
568 2647 701 2735 Ἑρμείου
723 2649 916 2735 φιλοσόφου
938 2649 993 2714 Ar.
1015 2647 1115 2713 schol.
1136 2649 1196 2732 p.9
1212 2646 1276 2734 Bu]
1300 2667 1341 2712 ex
1363 2647 1556 2712 scholastico

195 2771 255 2816 usu
270 2758 366 2818 notus
382 2752 472 2818 erat?
494 2751 624 2835 gravior
638 2751 766 2818 videtur
780 2753 885 2818 altere
900 2771 1008 2817 causa.
1040 2756 1075 2815 at
1095 2751 1247 2832 antiquae
1269 2749 1434 2831 religionis
1456 2771 1557 2832 usquo

196 2856 238 2920 ad
264 2855 378 2919 ultima
404 2854 606 2937 antiquitatis
636 2861 783 2938 tempora
811 2861 944 2922 tenaces
967 2853 1095 2938 patroni
1118 2859 1151 2918 et
1173 2852 1365 2918 exstiterunt
1388 2861 1421 2918 et
1442 2853 1556 2935 quovis

195 2956 386 3041 suspicionis
409 2957 641 3022 calumniarum
664 2957 852 3022 iniuriarum
875 2975 995 3040 genero
1022 2953 1133 3022 vexari
1160 2953 1317 3020 solebant.
1363 2955 1448 3020 adde
1470 2955 1556 3038 quod

196 3078 294 3143 supra
335 3059 444 3124 monui
477 3058 705 3124 scholasticam
746 3059 960 3125 cruditionem
999 3049 1192 3140 omninoque
1226 3057 1407 3122 liberalium
1440 3058 1556 3123 artium

195 3161 302 3226 studia
321 3161 473 3244 antiquas
495 3161 668 3228 memorias
694 3161 791 3227 otiam
813 3162 847 3226 in
870 3159 1119 3227 christianorum
1142 3160 1268 3225 circulis
1289 3161 1469 3226 retinuisse.
1504 3181 1558 3226 ne-

194 3283 256 3346 que
284 3265 371 3330 enim
393 3263 525 3329 ultimae
547 3263 776 3348 philosophiae
806 3265 871 3330 rim
894 3269 991 3346 atque
1013 3261 1239 3328 auctoritatem
1262 3269 1349 3329 recte
1372 3263 1557 3328 aestimavit

194 3363 269 3431 Otto
295 3367 316 3432 l.
340 3385 366 3431 c.
393 3387 423 3450 p.
442 3387 531 3430 xiix:
563 3387 695 3448 namque
720 3369 860 3441 soeculo,
890 3364 1009 3447 inquit,
1037 3367 1143 3446 quinto
1168 3368 1300 3446 perutiles
1330 3369 1395 3429 siue
1422 3363 1555 3447 ‘poponi'

193 3487 294 3550 pagos
316 3469 506 3550 quaerebant
524 3479 558 3532 ut
572 3473 635 3531 iam
658 3489 741 3533 auuo
756 3470 819 3532 423
833 3471 888 3530 ola
904 3470 971 3530 ulla
985 3486 1092 3529 eorum
1106 3470 1235 3548 oestipio
1252 3471 1385 3548 amplius
1400 3477 1557 3530 0001010111

193 3571 356 3647 (Theodos.
374 3571 410 3634 11
430 3573 462 3634 iu
484 3573 558 3636 Cod.
583 3572 693 3635 lbeod.
710 3572 786 3634 XVI
807 3571 858 3646 10,
878 3569 952 3654 22),
975 3579 1003 3632 et
1023 3572 1120 3649 parret
1142 3577 1257 3632 tautum
1281 3579 1465 3651 supererant
1484 3572 1557 3650 phi-

194 3675 314 3756 losophi
335 3675 615 3754 ueoplotour'oi,
637 3676 670 3736 ia
691 3675 882 3737 umbraculis
905 3665 1060 3736 latitantes
1083 3682 1111 3733 et
1133 3681 1221 3735 sesto
1236 3675 1362 3735 soeculo
1386 3670 1429 3757 (a.
1445 3670 1521 3754 529)
1537 3693 1558 3732 0

194 3777 404 3841 Iustiuiouol
424 3779 550 3840 Atbeuis
572 3778 680 3838 ultimo
703 3795 808 3838 eorum
830 3778 952 3858 refapio
975 3776 1108 3855 expulsi.
1143 3777 1223 3837 idem
1238 3777 1408 3856 imperator
1422 3775 1557 3856 poponis

195 3883 247 3961 qui
268 3889 454 3961 supererant
479 3881 662 3960 baptismum
688 3879 828 3942 obtrusit.
872 3878 930 3944 ted
957 3876 1044 3942 enim
1072 3876 1159 3958 quod
1186 3875 1390 3941 umbratilem
1418 3877 1557 3959 philoso-

195 3979 306 4064 phiam
329 3981 385 4046 ille
408 3981 591 4064 obiurgavit
612 3980 646 4044 id
668 3979 702 4044 in
725 3999 838 4045 omnes
859 3979 1049 4062 posterioris
1077 3979 1195 4044 aetatis
1217 3977 1343 4043 litteras
1365 3977 1460 4043 cadit.
1500 3978 1557 4043 sed

194 4081 343 4164 regnavit
364 4081 491 4147 illorum
519 4083 685 4148 doctorum
713 4082 885 4166 disciplina
911 4088 947 4146 ut
976 4101 1017 4146 ex
1044 4099 1110 4144 una
1137 4080 1299 4144 Ammonii
1326 4081 1557 4164 discipulorum

193 4181 376 4267 frequentia
397 4185 570 4268 intellegas
592 4184 691 4250 etiam
713 4184 881 4267 aliquanto
903 4189 979 4268 post
999 4181 1101 4248 fatale
1124 4183 1205 4246 illud
1222 4181 1392 4247 Iustiniani
1415 4181 1557 4246 exilium.

193 4305 300 4369 nequo
322 4287 395 4370 ipsa
419 4287 624 4370 antiquorum
646 4287 913 4373 philosophorum
940 4285 1094 4367 dogmata
1117 4284 1235 4367 agitari
1257 4283 1324 4348 illic
1346 4284 1450 4350 desita
1474 4291 1557 4366 sunt,

194 4387 282 4472 quod
305 4395 338 4454 et
353 4387 486 4456 Stobaei
509 4391 630 4472 eologis
651 4389 856 4473 apertissime
878 4387 1034 4472 probatur·
1058 4395 1090 4453 et
1106 4386 1262 4470 Simplicii
1284 4385 1479 4469 testimonio,
1503 4385 1558 4467 qui

194 4490 271 4556 dum
293 4497 440 4558 veterum
462 4491 668 4578 physicorum
688 4491 910 4558 diversitatem
932 4489 1074 4574 explicat
1089 4489 1123 4554 in
1139 4489 1270 4573 Physl
1291 4488 1424 4554 11116
1447 4490 1480 4552 οὐ
1498 4489 1556 4572 χρὴ

193 4593 236 4672 δέ,
258 4593 372 4678 inquit,
394 4597 461 4665 τοὺς
475 4597 617 4678 τοσαύτης
633 4595 791 4664 ἀκούοντας
813 4596 953 4678 διαφορᾶς
976 4593 1101 4674 νομίζειν
1124 4593 1333 4674 ἐναντιολορίας
1356 4591 1429 4654 εἶναι
1452 4591 1557 4658 ταύτας

193 4702 251 4760 τῶν
273 4699 532 4782 φιλοσοφησάντων
556 4699 627 4782 ὅπερ
649 4699 722 4767 τινὲς
743 4701 806 4766 ταῖς
829 4697 985 4780 ἱστορικαῖς
1014 4695 1115 4776 μόναις
1139 4695 1316 4778 ἀναγραφαῖς
1339 4695 1557 4777 ἐντυγχάνοντες

192 4801 242 4862 καὶ
264 4800 355 4883 μηδὲν
378 4805 436 4862 τῶν
458 4800 621 4882 λεγομένων
645 4799 786 4869 συνιέντες
809 4799 953 4870 ὀνειδίζειν
969 4797 1150 4882 ἐπιχειροῦσι
1166 4796 1257 4858 καίτοι
1274 4795 1384 4878 μυρίοις
1400 4795 1555 4879 σχίσμασιν

193 4902 275 4965 αὐτοὶ
298 4901 521 4988 κατεσχισμένοι
544 4903 578 4965 ob
599 4903 665 4986 aspi
684 4902 735 4971 τὰς
750 4901 874 4986 φυσικὰς
889 4900 984 4984 ἀρχάς
1005 4897 1129 4984 (τούτων
1143 4898 1198 4981 γὰρ
1213 4897 1283 4960 οὐδὲ
1297 4895 1367 4978 ὄναρ
1382 4896 1557 4978 ἐπαΐουσιν),

193 5006 268 5070 ἀλλὰ
290 5006 355 5092 περὶ
377 5005 430 5090 τὴν
453 5003 621 5092 καθαίρεσιν
637 5009 690 5089 τῆς
705 5003 787 5074 θείας
803 5004 961 5088 ὑπεροχῆς·
996 5000 1240 5067 christianorum
1263 4998 1473 5080 iniquitatem
1495 5019 1560 5064 non
1607 5005 1616 5045 ·'

1283 5100 1348 5168 lt*
