3708 5738
253 437 263 454 .
314 407 379 472 470
634 407 711 458 κατι
729 407 865 458 mmm
883 405 1068 458 EPITOMES
1086 406 1139 458 τοι.
1158 405 1259 458 ποτε.
1273 403 1315 458 οε.
1329 403 1363 459 ευ

314 575 351 640 δι’
378 576 463 660 ἀέρος
484 580 610 663 γένηται,
631 579 665 642 τδ
689 577 740 658 μέν
762 599 789 639 τι
812 575 988 660 ὑφίστασθαι
1007 575 1056 640 καὶ
1070 580 1124 660 γῆν
1140 574 1338 652 συνίστασθαι,
1361 573 1436 656 [καὶ]
1458 575 1493 638 ἐκ
1507 579 1559 638 τοῦ
1574 575 1679 638 λοιποῦ

316 679 349 742 δὲ
371 680 404 743 τδ
428 681 481 764 μὲν
504 681 646 764 διαμένειν
671 680 763 764 ὕδωρ,
790 678 823 742 έκ
845 678 878 741 δὲ
907 683 959 741 τοῦ
987 677 1179 762 αἰτμκζομένου
1202 677 1276 762 ἀέρα
1305 676 1450 760 γίνεσθαι,
1480 675 1514 740 ἔκ
1545 699 1620 747 τινος
1645 677 1680 740 δὲ

309 785 361 844 τοῦ
394 781 479 868 ἀέρος
501 787 558 866 πῦρ
580 781 726 852 ἐξάπτειν·
757 782 810 865 τὴν
833 781 866 844 δὲ
889 779 962 863 μῖξιν
985 779 1060 866 (καί)
1081 785 1182 866 κράσιν
1209 779 1339 863 γίνεσθαι
1365 783 1402 862 τῇ
1425 779 1467 848 είς
1487 779 1600 864 ἄλληλα
1621 783 1681 843 τῶν

317 884 469 969 στοιχείων
492 886 639 970 μεταβολῇ
663 888 798 967 σώματος
821 885 890 950 ὅλου
913 883 950 949 δι’
979 885 1048 948 ὅλου
1069 885 1145 954 τινὸς
1167 883 1267 968 ἑτέρου
1290 881 1489 968 διερχομένου.

291 1015 303 1052 ι
406 983 593 1070 Κλεάνθης
619 989 652 1050 δὲ
679 987 757 1050 οότω
783 990 847 1057 πώς
873 1008 974 1072 φησιν·
1008 985 1247 1072 ἐκφλογισθέντος
1273 988 1326 1049 τοῦ
1358 986 1464 1054 παντὸς
1496 985 1618 1057 συνίζειν
1645 985 1696 1060 τδΙ

318 1089 405 1172 μέσον
428 1089 518 1154 αύτοῦ
541 1093 666 1174 πρῶτον,
694 1089 757 1154 εἶτα
778 1091 815 1153 τὰ
836 1089 965 1175 ἐχόμενα
988 1089 1220 1176 ἀποσβέννυσθαι
1247 1085 1284 1152 δι’
1313 1087 1392 1152 ὅλου.
1436 1091 1489 1152 τοῦ
1515 1087 1549 1152 δὲ
1574 1088 1681 1158 παντὸς

319 1190 538 1275 ἐξυγρανθέντος
571 1192 604 1254 τὸ
625 1188 750 1277 ἔσχατον
773 1196 824 1255 τοῦ
846 1194 937 1278 πυρὸς
960 1193 1201 1276 ἀντιτυπήσαντος
1228 1189 1308 1276 αὐτῷ
1336 1194 1388 1254 τοῦ
1411 1191 1501 1272 μέσου
1523 1189 1681 1274 τρέπεσθαι

319 1295 405 1356 πολιν
433 1293 474 1364 εἰς
501 1293 679 1374 τούναντίον,
706 1291 762 1358 εἶθ’
791 1295 869 1360 ούτω
895 1295 1069 1380 τρεπόμενον
1096 1295 1158 1358 ἅνω
1183 1295 1270 1380 φησίν
1297 1291 1435 1362 αὔξεσθαι
1463 1293 1512 1357 καί
1534 1291 1679 1377 άρχεσθαι

320 1399 485 1480 διακοσμεῖν
512 1399 545 1461 τὸ
575 1397 641 1462 ὅλον
668 1398 717 1461 καὶ
743 1397 878 1480 τοιαύτην
905 1397 1038 1482 περίοδον
1066 1397 1193 1462 αἰεὶκαὶ
1221 1396 1411 1480 διακόσμησιν
1432 1393 1606 1478 ποιουμένου
1632 1396 1682 1458 τὸν

279 1527 303 1565 ιο
320 1501 351 1564 ἐν
384 1505 422 1582 τῇ
455 1503 513 1564 τῶν
547 1500 622 1564 ὅλων
653 1499 739 1584 οὐσίᾳ
764 1499 847 1563 τόνον
874 1500 915 1584 μὴ
938 1499 1094 1564 παύεσθαι.
1138 1500 1237 1583 ὥσπερ
1267 1498 1321 1582 γάρ
1352 1498 1416 1568 ἑνός
1441 1519 1517 1566 τινος
1541 1497 1578 1560 τά
1605 1498 1679 1582 μέρη

317 1604 411 1666 πάντα
439 1601 542 1686 φύεται
569 1603 603 1666 ἐκ
630 1603 802 1686 σπερμάτων
830 1602 860 1666 έν
886 1605 946 1671 τοῖς
968 1602 1131 1687 καθήκουσι
1154 1602 1285 1687 χρόνοις,
1307 1601 1385 1665 ούτω
1407 1600 1455 1663 καὶ
1478 1604 1530 1663 τοῦ
1553 1601 1622 1664 ὅλου
1643 1599 1680 1662 τά

320 1705 410 1790 μέρη,
438 1705 479 1768 ὧν
506 1705 554 1768 καὶ
581 1705 617 1768 τὰ
646 1707 711 1789 ζῷα
738 1703 786 1767 καί
813 1703 850 1766 τά
876 1704 952 1790 φυτὰ
974 1702 1043 1768 όντα
1064 1705 1215 1790 τυγχάνει,
1245 1704 1275 1767 έν
1298 1707 1357 1773 τοῖς
1379 1703 1543 1787 καθήκουσι
1565 1703 1680 1788 χρόνοις

318 1808 430 1891 φύεται.
474 1808 522 1871 καὶ
550 1807 649 1892 ὥσπερ
675 1805 748 1875 τινές
774 1806 854 1889 λόγοι
881 1810 939 1870 τῶν
968 1811 1063 1892 μεριῦν
1091 1807 1132 1876 εἰς
1158 1805 1274 1892 σπέρμα
1300 1805 1442 1875 συνιόντες
1464 1805 1609 1887 μίγνυνται
1631 1807 1679 1869 καί

318 1908 403 1980 αὖθις
426 1910 616 1995 διακρίνονται
638 1909 799 1993 γενομένων
820 1913 879 1972 τῶν
902 1913 1014 1992 μερῶν,
1045 1910 1137 1979 ούτως
1159 1907 1190 1978 ἐξ
1217 1909 1281 1978 ἑνός
1307 1931 1339 1971 τε
1365 1909 1458 1972 πάντα
1480 1907 1610 1992 γίνεσθαι
1631 1908 1679 1972 καί

281 2041 304 2078 ιο
322 2013 355 2076 ἐκ
377 2014 491 2075 πάντων
515 2011 582 2094 [είς]
605 2012 636 2076 ἓν
658 2011 860 2096 συγκρίνεσθαι
883 2013 944 2097 όδηῦ
968 2011 1017 2074 καί
1039 2013 1204 2096 συμφώνως
1225 2009 1384 2095 διεξιούσης
1405 2017 1458 2096 τῆς
1478 2009 1624 2096 περιόδου.

3 2155 277 2229 ,.....-

978 2317 1020 2381 39

366 2421 762 2476 mmiamwm

387 2523 473 2584 Ὅπως
492 2526 515 2576 oi
533 2523 604 2577 εύτολ
622 2525 678 2593 περί
697 2525 799 2594 ψυχῆς
817 2522 966 2584 δοξάζουσιν.

396 2629 438 2694 Τὸ
467 2629 500 2692 δὲ
528 2629 644 2713 σπέρμα
672 2630 760 2714 φησίν
783 2631 799 2692 ό
821 2627 942 2713 Ζήνων
968 2627 1060 2706 εἶναι,
1083 2629 1099 2692 ὃ
1123 2627 1257 2710 μεθίησιν
1279 2626 1449 2710 ἅνθρωπος,
1472 2633 1586 2710 πνεῦμα
1607 2625 1675 2710 μεθ’

320 2737 422 2818 ὑγροῦ,
449 2735 546 2816 ψυχῆς
570 2731 656 2815 μέρος
683 2732 731 2794 καί
759 2731 940 2812 ἀπόσπασμα
967 2731 1015 2793 καί
1042 2735 1094 2792 τοῦ
1121 2730 1284 2813 σπέρματος
1310 2735 1361 2793 τοῦ
1388 2735 1446 2794 τῶν
1468 2732 1616 2816 προγόνων
1638 2731 1682 2794 κέ-

321 2857 417 2920 ρασμα
440 2835 488 2898 καί
511 2837 603 2916 μῖγμοι
624 2837 683 2895 τῶν
706 2837 758 2916 τῆς
781 2838 878 2917 ψυχῆς
902 2837 998 2917 μερῶν
1021 2832 1229 2917 συνεληλυθός·
1258 2829 1327 2917 ἔχον
1350 2833 1404 2917 γὰρ
1426 2834 1493 2903 τοῦς
1515 2834 1617 2918 λόγους
1638 2839 1680 2919 τῷ

280 2969 304 3007 οο
323 2940 383 3023 ὅλῳ
416 2939 483 3007 τοῦς
514 2936 620 3005 αὐτοῦς
652 2939 752 3012 τοῦτο,
788 2935 855 2998 ὅταν
883 2935 983 3020 ἀφεθῇ
1012 2937 1052 3005 είς
1079 2936 1131 3019 τὴν
1160 2937 1286 3019 μήτραν,
1319 2935 1486 3020 συλληφθέν
1515 2935 1563 3000 ὑπ’
1593 2937 1681 3001 ἄλλου

322 3043 499 3124 πνεύματος,
534 3039 620 3122 μέρος
648 3041 745 3122 ψυχῆς
773 3041 825 3120 τῆς
852 3041 904 3100 τοῦ
931 3037 1039 3122 θήλεος
1066 3039 1114 3100 καί
1142 3038 1271 3122 συμφυὲς
1296 3039 1465 3121 γενόμενον,
1498 3039 1625 3125 κρυφθέν
1651 3063 1684 3102 τε

320 3145 386 3232 φύει
408 3140 573 3223 κινούμενον
589 3140 637 3202 καί
653 3140 907 3224 ἀναρριπιζόμενον
925 3139 974 3205 ὑπ’
1001 3141 1122 3220 ἐκείνου,
1145 3142 1366 3228 προσλαμβάνον
1390 3143 1435 3206 ἀεὶ
1458 3139 1520 3230 [εἰς]
1544 3145 1577 3206 τδ
1599 3142 1683 3226 ύγρδν

321 3248 369 3313 καὶ
392 3243 548 3326 αὐξόμενον
571 3241 600 3312 ἐξ
622 3241 722 3307 αὐτοῦ.

284 3360 304 3422 2
368 3363 419 3420 Καὶ
438 3363 501 3433 μετὰ
520 3363 615 3434 βρυχία
633 3361 752 3432 ἐπιλέγει·

280 3508 304 3546 η,
407 3467 477 3551 Περὶ
501 3467 534 3530 δὲ
555 3470 653 3552 ψυχῆς
675 3463 862 3550 Κλεάνθης
885 3469 937 3550 μὲν
959 3469 996 3532 τά
1017 3465 1179 3552 Ζήνωνος
1201 3469 1331 3553 δόγματα
1360 3469 1589 3553 παρατιθέμενος
1611 3470 1682 3553 πρὸς

319 3627 381 3634 ψ..-
400 3623 519 3632 “o—n
1027 3624 1100 3631 -..
1111 3625 1227 3631 -.-.-

318 3707 371 3760 είτοι
383 3706 412 3759 τδ
425 3705 567 3775 παχυμερὲς
580 3701 657 3756 αθτοῦ
667 3705 757 3756 συστὰν
767 3701 921 3775 άποτελεσθή
934 3709 976 3775 γῆ,
1027 3712 1141 3760 tinuatur
1163 3711 1193 3758 ir.
1210 3706 1252 3760 37.
1277 3713 1404 3774 excerpsit
1421 3725 1453 3760 επ
1477 3711 1539 3760 iius.
1576 3711 1681 3760 Theo-

317 3795 346 3848 τὸ
363 3794 389 3846 δὲ
407 3792 555 3861 λεπτομερές
567 3787 709 3861 έξαραιωθή
722 3791 771 3855 [sic
783 3793 839 3857 BF]
852 3792 895 3843 καὶ
907 3790 973 3844 τοῦτ’
1027 3798 1065 3846 do
1074 3805 1129 3846 τεο
1143 3811 1181 3859 gr.
1194 3795 1277 3846 affeci.
1291 3813 1343 3847 ουτ.
1353 3799 1377 3846 V
1388 3794 1422 3848 25
1434 3795 1479 3859 [σί.
1492 3798 1564 3848 Proi.
1574 3815 1598 3862 p.
1609 3795 1642 3848 47
1653 3793 1682 3860 ¹].

319 3883 359 3935 ίπί
371 3879 446 3933 πλέον
458 3875 593 3932 λεπτυνθὲν
606 3881 655 3946 πῦρ
668 3877 833 3947 άπογεννήση,
845 3878 897 3932 εἶτα
911 3881 977 3932 κατὰ
1027 3880 1120 3951 Ζήνων
1147 3880 1173 3932 δέ
1200 3879 1213 3932 ό
1241 3876 1340 3940 Κιτιεύς
1363 3879 1376 3933 ό
1399 3880 1472 3951 τήςδε
1493 3885 1540 3951 τῆς
1567 3881 1683 3951 αἱρέσεως

320 3967 387 4038 μῖξιν
406 3967 435 4020 ἐκ
448 3965 544 4020 τούτων
563 3967 629 4036 φυτά
646 3983 673 4019 τε
689 3966 733 4019 καί
745 3966 797 4036 (qia
810 3968 853 4019 καὶ
865 3967 897 4019 τά
914 3966 978 4020 ἄλλα
1028 3970 1183 4040 ήγησοίμενος
1205 3967 1286 4022 τοιάδε
1306 3969 1361 4038 περί
1379 3968 1482 4038 ψυχῆς
1500 3966 1608 4029 δοξάζειν
1626 3969 1683 4026 τοῦς

320 4056 378 4125 γένη
395 4053 407 4123 β
425 4055 437 4106 l
458 4055 502 4107 καὶ
514 4055 609 4106 delevit
621 4056 724 4106 Ηεετοα
745 4051 757 4122 il
778 4053 794 4106 2
811 4052 978 4108 λτπτυνθέιπα
1028 4057 1133 4114 οἰκείους
1151 4053 1244 4116 ἐδίδαξε
1262 4057 1389 4125 φοιτητάς·
1403 4053 1458 4106 ιτόν
1475 4056 1572 4124 γάρτοι
1584 4051 1682 4124 ἀνθρύ-

320 4141 346 4194 ii
364 4141 408 4194 τὸν
426 4141 487 4210 ἀέρα
506 4145 536 4193 ci.
553 4143 655 4194 Usener
669 4137 682 4209 ΙΙ
696 4140 712 4194 3
726 4136 833 4210 έξᾴττειν
846 4147 976 4196 Μείιιελε.
1028 4161 1097 4196 πινον
1115 4139 1189 4213 θορὸν
1212 4140 1285 4212 ύγρόν
1307 4141 1366 4195 όντο
1389 4143 1433 4194 καὶ
1456 4143 1593 4212 μετέχοντα
1611 4141 1681 4195 πνεύ-

320 4249 353 4284 αιι
366 4225 514 4290 έξάπτεσθαι
533 4231 564 4279 τί.
577 4247 602 4294 ρ.
615 4227 733 4294 425382
747 4226 759 4296 Η
776 4230 916 4282 καίεῦόίόὶ
933 4228 976 4298 iii
1029 4249 1107 4301 ματος
1129 4234 1175 4300 τῆς
1198 4228 1282 4300 ψυχῆς
1306 4229 1396 4300 έφηστν
1419 4229 1480 4283 εἶναι
1502 4230 1577 4300 μέρος
1594 4247 1621 4282 τι
1639 4231 1682 4282 καλ

321 4313 510 4387 έξυγρανθέντος
527 4317 558 4368 cf.
575 4317 693 4383 Theoph.
708 4319 739 4368 de
754 4320 803 4384 λαρ.
816 4317 849 4370 10
865 4315 878 4386 β
892 4318 909 4372 8
921 4336 975 4388 τρε-
1028 4317 1179 4385 ἀπόσπασμα
1198 4317 1242 4369 τιαὶ
1259 4320 1305 4370 τοῦ
1323 4323 1375 4369 τῶν
1394 4317 1522 4388 προγόνων
1542 4317 1682 4388 σπέρματος

321 4403 664 4475 πόμενονΟιτρεπομίνουΕ
677 4401 690 4472 ΙΙ
703 4401 900 4473 9τοααύτηνΔι
911 4423 976 4458 corr.
1027 4407 1141 4476 κέρασμά
1158 4422 1185 4458 τε
1203 4406 1247 4458 καὶ
1266 4411 1345 4474 μῖγμα
1370 4403 1395 4466 ίξ
1419 4404 1536 4458 ἁπάντων
1557 4411 1610 4458 τῶν
1635 4409 1682 4474 τῆς

321 4495 443 4546 Μεὶπελα
471 4491 483 4560 il
506 4490 668 4544 τοῦ-τόνου
690 4495 728 4544 Ax
757 4509 822 4544 corr.
845 4494 975 4544 Meineke.
1027 4493 1111 4564 ψυχῆς
1124 4493 1218 4564 μορίων
1231 4490 1421 4563 συναθροισθίν.’
1442 4496 1575 4546 αθΗεττα.
1588 4497 1680 4546 Trium.

320 4584 351 4634 de
370 4591 485 4634 tenore
505 4581 638 4633 Cleanthis
663 4582 694 4632 ei.
717 4579 893 4641 2011011111,
910 4578 976 4633 137⁸
1027 4585 1057 4635 ir.
1075 4599 1117 4648 ap.
1134 4582 1208 4635 Stob.
1227 4585 1302 4634 ecl.1
1318 4601 1342 4649 ρ.
1356 4582 1447 4636 740H.
1461 4600 1486 4647 p.
1500 4579 1561 4643 203,
1575 4579 1608 4632 22
1618 4583 1655 4632 Μ.
1667 4577 1680 4646 ΙΙ

319 4667 426 4722 et108⁴
446 4665 459 4736 Ιή
482 4667 514 4720 14
526 4666 675 4736 γεινομίνων
688 4668 722 4717 F:
742 4665 878 4734 γινομένων
890 4667 924 4718 C=
936 4683 975 4734 γε·
1029 4671 1061 4723 19
1073 4665 1266 4739 συνεληλυθότος
1283 4671 1351 4724 GFG
1371 4667 1383 4736 β
1403 4667 1435 4720 21
1449 4663 1560 4738 κρυφθέν
1573 4669 1681 4721 cnm:

319 4757 431 4826 νομένων
456 4755 579 4809 Meineke
607 4749 619 4821 ήΙ
644 4751 697 4811 ένός
719 4771 743 4806 τι
764 4757 800 4806 Δι
820 4771 887 4806 corr.
905 4757 973 4806 Ηεε-
1026 4756 1120 4826 κρυφίν
1138 4759 1231 4822 καίτοι
1255 4761 1357 4810 conicio
1380 4753 1501 4826 κερασθέν
1524 4771 1551 4806 τε
1574 4751 1628 4824 φύει
1649 4757 1680 4806 οἱ.

320 4861 365 4898 τοο
390 4842 403 4912 β
430 4843 462 4898 15
480 4841 514 4900 είς
532 4843 636 4894 inclusit
657 4843 779 4894 Meineko
802 4844 832 4893 cs.
852 4845 974 4894 Heraclii.
1026 4848 1112 4897 Laert.
1126 4847 1180 4896 VH
1194 4845 1243 4898 159
1262 4849 1322 4898 Ait.
1336 4847 1360 4896 V
1375 4843 1441 4897 132.
1469 4841 1553 4913 κρύφα
1572 4840 1682 4912 ίπιαχύει

320 4949 362 4998 ορ.
380 4931 485 4994 [Λείαν]
504 4931 528 4981 d.
548 4931 635 4981 mund.
655 4927 671 4980 5
694 4947 719 4994 p.
732 4925 841 4984 396b19
1026 4936 1127 4986 Usener
1147 4929 1161 5001 ΙΙ
1175 4931 1209 4984 22
1227 4931 1262 4990 είς
1280 4935 1364 4984 delevi
1377 4928 1392 4999 ΙΙ
1407 4929 1440 4984 23
1453 4927 1587 4998 αύξόμενον
1599 4931 1680 4985 CFG:

358 5019 390 5072 16
403 5019 491 5070 addidi
510 5020 611 5068 titulum
630 5035 663 5069 ex
682 5017 765 5068 indice
779 5021 898 5083 cupitum.
913 5035 975 5070 con·
1026 5016 1131 5080 αύξάνον
1149 5022 1226 5085 vulgo
1249 5017 1261 5086 β
1281 5018 1371 5070 ἑαυτοῦ
1390 5021 1479 5085 vuig0=
1498 5021 1600 5070 correxi
