3708 5732
343 422 404 486 108
552 427 619 476 VIII
656 427 705 475 DE
725 425 982 476 THEOPHIIASTI
1001 425 1234 477 PIIYSICORUM
1256 426 1492 478 OPINIONIBUS

341 597 410 658 tate
434 593 618 677 propiorem
638 593 762 659 fontem
779 593 949 678 occultent,
972 601 1005 660 et
1020 593 1200 660 Stoicorum
1221 592 1373 661 refutatio
1388 593 1548 679 probabili
1571 597 1708 662 Critolai

341 695 526 760 auctoritati
548 695 746 778 redderetur,
770 695 824 778 qui
847 718 877 779 p.
894 696 1001 780 248,1
1026 697 1202 781 εἱμαρμένην
1226 715 1267 761 ex
1286 697 1467 764 Stoicorum
1490 699 1570 764 ore¹
1595 697 1710 765 definit

340 797 457 882 αἴρουσα
478 799 530 868 τὰς
553 798 683 862 ἑκάστων
706 799 866 868 ἀνελλιπῶς
888 799 936 861 καὶ
959 799 1139 869 ἀδιαστάτως
1162 798 1254 868 αἰτίας
1277 799 1330 882 [cf.
1353 799 1438 866 Aetli
1462 801 1550 867 Piae.
1566 800 1648 865 Ι·28
1666 801 1708 884 4].

341 899 558 984 Theophrasti
574 899 771 966 mentionem
784 900 950 983 praecedit
961 901 1170 986 Peripatetici
1182 900 1349 966 cniusdam
1363 909 1600 986 argumentum,
1617 902 1709 968 onius

341 1021 461 1067 nomen
483 1001 577 1067 Philo
600 1001 848 1085 circumscripsit
869 1024 901 1086 p.
918 1003 990 1086 262,
1011 1003 1032 1067 8
1053 1005 1363 1090 προσφιλοτεχνοόντες
1386 1005 1419 1068 δέ
1440 1029 1512 1075 τινες
1533 1009 1592 1068 τῶν
1615 1003 1708 1069 ἀίδιον

341 1105 603 1190 ὑπολαμβανόντων
632 1107 681 1168 τὸν
709 1105 819 1187 κόσμον
846 1105 928 1169 εἶναι.
978 1105 1092 1187 quodsi
1125 1104 1301 1170 Critolaum
1332 1107 1533 1191 potissimum
1561 1108 1596 1172 in
1621 1107 1709 1175 harre

341 1211 465 1288 partem
487 1213 639 1272 vocatum
663 1213 816 1292 apparet,
847 1207 936 1272 haud
958 1207 1032 1274 leve
1054 1214 1249 1273 momentum
1273 1209 1398 1274 accedit
1420 1209 1454 1274 in
1476 1215 1620 1275 nostram
1644 1231 1709 1294 qua

340 1305 488 1390 proxima
512 1327 553 1376 ex
578 1307 635 1374 illo
659 1309 848 1375 continuata
872 1309 1042 1374 statuimus
1071 1309 1266 1394 opinionem.
1311 1331 1422 1377 verum
1446 1309 1525 1378 satis
1547 1312 1709 1378 coniectu-

340 1411 460 1474 rarum!
490 1416 634 1475 nostrum
659 1418 731 1478 erat
754 1419 788 1477 ut
810 1411 1033 1496 quaestionem
1048 1411 1206 1496 integram
1221 1411 1427 1497 peritioribus
1442 1413 1707 1496 relinqueremus.

340 1509 477 1577 forsitan
493 1511 666 1598 Bemaysii
682 1513 913 1580 commentario
929 1513 1017 1578 haud
1028 1513 1185 1579 inutiliter
1196 1514 1373 1598 prolusisse
1383 1514 1561 1581 videamur.
1578 1516 1708 1582 interea

340 1611 488 1678 Philonei
511 1613 612 1680 libelli
636 1623 781 1682 extrema
804 1615 913 1700 capita
935 1615 1066 1680 exhibui
1090 1637 1129 1682 ex
1152 1615 1360 1682 eruditissimi
1382 1615 1470 1680 illins
1484 1615 1545 1680 riri
1562 1617 1707 1684 editione

340 1711 435 1800 [Abh.
459 1713 489 1779 d.
514 1715 645 1798 Kdnigl.
668 1717 776 1784 Akad.
801 1719 831 1785 d.
855 1717 1053 1783 Wissensch.
1078 1739 1103 1784 1.
1128 1718 1212 1784 Berl.
1237 1719 1320 1784 1816
1343 1739 1374 1802 p.
1390 1715 1581 1804 209-218]
1608 1739 1707 1803 quam

339 1835 416 1881 vere
443 1816 621 1901 principem
647 1841 835 1905 nuncupare
866 1821 956 1904 licet,
985 1820 1140 1886 adhibitis
1167 1819 1280 1905 paucis
1302 1819 1492 1886 Bueeheleri
1521 1821 1708 1905 nostrisque

340 1918 631 1986 emendationibus.
677 1943 775 1988 unum
798 1922 995 2006 addendum,
1018 1923 1106 2006 quod
1127 1923 1210 1989 scire
1229 1921 1386 1988 intererit.
1431 1920 1541 2005 capita
1563 1921 1709 2006 disputa-

339 2019 436 2084 tionis
459 2027 492 2086 et
513 2041 617 2088 nesus
633 2030 666 2089 et
683 2025 785 2091 verba
807 2027 963 2110 pleraque
986 2043 1027 2088 ex
1049 2024 1185 2108 pristino
1209 2023 1388 2109 exemplari
1411 2021 1583 2107 descripsit
1598 2024 1707 2110 Philo,

340 2142 405 2186 non
421 2128 530 2191 tamen
546 2125 615 2192 sine
631 2127 743 2193 multis
760 2127 912 2213 propriae
926 2126 1075 2192 inscitiae
1091 2127 1258 2211 exemplis.
1285 2123 1439 2210 quidquid
1455 2123 1542 2190 enim
1558 2125 1710 2210 poeticae
1751 2205 1757 2212 Ι

339 2225 489 2292 lectionis
516 2227 774 2314 fabellarumque
800 2227 1009 2295 memoriolae
1041 2228 1246 2312 inhaerebat,
1273 2229 1462 2312 plerumque
1484 2225 1708 2294 infelicissime

338 2326 522 2395 inculcavit.
566 2333 657 2397 velut
679 2329 813 2397 Pindari
836 2329 877 2395 de
900 2331 984 2396 Delo
1006 2351 1120 2396 versus
1142 2353 1174 2416 p.
1189 2333 1263 2415 265,
1280 2331 1321 2394 14
1342 2329 1426 2393 falso
1448 2327 1599 2414 inseruit,
1623 2351 1708 2414 quas

338 2429 450 2496 turbas
479 2431 610 2500 librario
641 2433 753 2499 tribuit
786 2431 1003 2498 Buechelerns
1031 2433 1113 2498 Mus.
1135 2432 1196 2498 Rh.
1220 2432 1349 2498 XXXII
1375 2451 1407 2515 p.
1423 2431 1495 2496 442.
1541 2437 1576 2496 at
1606 2432 1707 2498 celeri

338 2552 465 2616 quoqne
491 2555 605 2601 versus
627 2541 757 2620 praeter
780 2534 1056 2618 exspectationem
1083 2533 1231 2618 quamvis
1258 2533 1364 2599 minus
1392 2534 1502 2618 inepte
1530 2533 1707 2618 adduntur,

339 2633 433 2700 otiosi
449 2645 523 2702 sunt
542 2657 663 2703 omnes.
688 2657 729 2702 ex
744 2637 860 2722 puerili
876 2635 1021 2720 profecta
1037 2644 1086 2703 est
1100 2637 1231 2720 ingenio
1246 2635 1369 2702 fabella
1384 2658 1415 2720 p.
1429 2637 1502 2719 261,
1519 2638 1561 2702 10
1570 2657 1637 2720 sqq.
1660 2637 1708 2704 de

337 2737 450 2804 Indico
473 2739 660 2824 elephanto,
684 2759 781 2823 quam
805 2745 913 2804 tamen
936 2757 979 2804 ne
1001 2739 1224 2822 interpolatori
1247 2738 1371 2804 tribuas
1393 2739 1524 2804 obstant
1547 2739 1707 2804 orationis

338 2839 527 2926 calamistri,
559 2840 674 2925 quibus
700 2841 756 2906 ille
784 2841 940 2908 delectari
972 2841 1064 2906 solet.
1109 2840 1334 2924 gravissimum
1362 2849 1471 2906 antem
1498 2839 1708 2924 ignorantiae

338 2943 557 3009 testimoninm
572 2965 603 3027 p.
616 2945 689 3028 265,
702 2944 732 3027 8,
755 2963 828 3009 cum
842 2941 1004 3027 Anaphen
1026 2945 1164 3008 alterum
1176 2942 1249 3010 Deli
1272 2963 1391 3010 nomen
1406 2943 1506 3010 fnisse
1521 2943 1632 3010 addito
1648 2943 1708 3009 ab·

338 3045 435 3110 surdo
461 3047 639 3129 veriloquio
663 3045 779 3131 prodit.
825 3045 948 3111 scilicet
969 3045 1147 3110 insularum
1172 3045 1375 3111 coniunctam
1397 3045 1585 3112 memoriam
1608 3044 1708 3132 [Plin.

338 3145 437 3211 1181.
461 3147 564 3214 Amm.
581 3149 680 3213 Marc.
697 3148 791 3213 XVII
813 3145 843 3233 l]
866 3147 963 3212 homo
986 3147 1169 3213 levissimus
1191 3147 1357 3214 conflavit.
1386 3167 1527 3214 errorem
1550 3148 1624 3213 olim
1648 3169 1709 3213 no-

337 3253 440 3312 tatum
462 3249 559 3315 video
581 3251 615 3316 in
639 3249 674 3316 O.
699 3247 905 3316 Schwenolrii
927 3249 1133 3314 Deliacornm
1155 3271 1186 3334 p.
1204 3250 1220 3316 I
1242 3249 1392 3316 Francos.
1409 3251 1493 3316 1825
1514 3271 1545 3334 p.
1562 3252 1613 3316 22.
1649 3271 1709 3332 ge—

337 3351 469 3416 mellum
491 3359 676 3436 portentum
700 3353 802 3419 edidit
818 3373 858 3417 ex
873 3351 1074 3417 literularnm
1097 3370 1155 3417 suo
1171 3373 1257 3437 penu
1279 3375 1310 3437 p.
1327 3355 1400 3437 212,
1417 3355 1455 3417 11
1473 3371 1544 3417 cum
1559 3352 1708 3435 Aegiran

337 3452 431 3518 simul
454 3474 526 3520 cum
551 3455 664 3522 Helles
684 3455 835 3538 Buraque
856 3452 992 3538 periisse
1014 3453 1184 3520 credidit*
1218 3475 1293 3522 ecee
1315 3455 1484 3521 Philonem
1506 3455 1539 3518 in
1562 3453 1710 3520 historiis

337 3556 474 3640 turpiter
489 3557 668 3623 labentem!
692 3557 778 3623 unde
794 3557 855 3622 hoo
870 3554 948 3620 mihi
971 3554 1049 3620 iuris
1068 3575 1170 3640 sumo,
1193 3563 1228 3622 nt
1250 3557 1388 3624 hominis
1410 3564 1477 3624 tam
1499 3557 1605 3623 malae
1626 3556 1708 3622 fidei

336 3658 566 3744 testimonium,
589 3661 617 3726 si
641 3661 718 3744 quid
739 3659 872 3724 aliunde
894 3656 1031 3724 accessit
1052 3657 1272 3744 dubitationis,
1295 3679 1450 3726 recusem.

422 3761 474 3826 Ad
490 3762 749 3847 Theophrastum
771 3782 837 3827 non
860 3759 942 3825 nulli
964 3779 1037 3825 eum
1060 3759 1178 3826 librum
1197 3764 1390 3828 rettulerunt
1413 3761 1467 3846 qni
1482 3761 1567 3828 inter
1580 3760 1707 3826 Aristo-

336 3863 424 3928 telea
451 3866 515 3948 περὶ
538 3866 720 3952 Ξενοφάνους
747 3867 811 3950 περὶ
837 3865 973 3948 Ζήνωνος
999 3864 1064 3947 περὶ
1093 3865 1214 3948 Γοργίου
1242 3865 1415 3950 inscriptus
1441 3863 1551 3930 fertur.
1594 3863 1708 3930 verior

409 4128 416 4158 ¹
436 4131 502 4180 sard
519 4129 578 4187 τοὺς
595 4129 682 4198 ἄριστα
700 4128 906 4198 φυσιολογοῦντος
925 4137 963 4179 est
981 4131 1099 4181 Philonis
1118 4135 1206 4196 inepta
1226 4131 1401 4196 amplificatio.
1439 4133 1483 4182 ille
1502 4131 1570 4182 haud
1595 4133 1647 4180 seio
1666 4147 1705 4182 arr

336 4218 403 4268 κατὰ
420 4217 477 4275 τοὺς
496 4214 625 4273 Στωικοὺς
655 4219 766 4280 dederit,
791 4221 852 4282 quia
876 4226 966 4268 contra
988 4220 1046 4268 illos
1065 4219 1239 4285 dirpntetnrus
1257 4221 1371 4284 ipsorum
1395 4219 1587 4270 delinitionibus
1611 4219 1704 4268 nteha-

336 4313 385 4355 tur.
422 4307 467 4354 sed
486 4314 588 4356 constat
606 4307 751 4370 excerptori
770 4307 816 4355 illa
834 4308 978 4371 promiscue
998 4307 1121 4357 laudandi
1140 4307 1309 4356 consuetudo.

407 4389 468 4443 ²cf.
486 4393 662 4444 Buechelerus
681 4395 698 4443 l.
718 4409 739 4444 c.
758 4410 783 4458 p.
795 4392 856 4444 444.
887 4403 1009 4458 excerpta
1027 4395 1167 4456 Pisones,
1187 4409 1253 4456 quae
1275 4387 1319 4442 ‘de
1338 4387 1445 4458 Jmuudo’
1466 4393 1588 4457 inscripta
1606 4393 1632 4441 in
1653 4395 1705 4442 ΛΙ-

335 4481 398 4530 dina
415 4481 533 4530 feruntur
551 4482 673 4545 pleraque
692 4483 813 4531 omittunt
830 4481 876 4532 illa
894 4481 1013 4532 embolia.
1041 4484 1109 4532 unde
1128 4482 1182 4531 noli
1195 4481 1420 4544 interpolationem
1433 4482 1605 4545 posteriorum
1617 4483 1705 4544 suspi-

336 4569 397 4616 cari.
435 4581 495 4616 nam
518 4575 642 4633 excerpta
665 4569 711 4618 illa
732 4565 877 4634 Byzantina
900 4576 984 4619 aetate
1008 4569 1078 4619 hand
1102 4569 1178 4618 dubie
1202 4569 1319 4618 confecta
1340 4575 1400 4617 sunt
1422 4583 1455 4618 ex
1474 4567 1612 4633 archetypo
1631 4569 1706 4618 uitiis

336 4655 501 4704 refertissimo
521 4663 547 4705 et
564 4656 678 4706 lacerato
698 4655 741 4714 (cf.
761 4671 827 4720 quae
846 4656 978 4705 obscurius
997 4657 1152 4721 significavit
1169 4657 1326 4720 Bernaysius
1344 4671 1370 4719 p.
1385 4651 1444 4715 215,
1458 4653 1485 4716 9)
1507 4670 1615 4718 quorum
1634 4657 1706 4705 auti-

335 4757 412 4806 quam
439 4744 566 4808 originem
589 4745 694 4794 odorari
718 4759 766 4794 nor
791 4751 861 4792 vetat
879 4743 1107 4807 interpolationnm
1129 4741 1173 4805 [cf.
1192 4739 1291 4808 past,
1308 4740 1334 4805 l]
1363 4743 1534 4807 vitiorumque
1558 4745 1706 4792 communis

335 4847 392 4880 cum
412 4831 523 4894 vulgatis
542 4831 621 4892 labec,
641 4833 711 4880 cuins
731 4847 823 4894 expers
842 4839 881 4880 est
894 4829 1048 4891 M(ediccus)
1068 4833 1162 4896 quippe
1181 4847 1227 4896 per
1245 4831 1353 4880 meliora
1371 4831 1490 4894 exempla
1508 4847 1540 4881 ex
1560 4830 1705 4894 archetypo

334 4921 434 4968 ductus.
454 4919 536 4968 nihilo
555 4921 634 4968 setius
653 4921 779 4982 excerptis
798 4919 901 4982 saepius
915 4917 1035 4966 adhibitis
1048 4918 1205 4984 Bernaysins
1222 4919 1313 4968 melius
1331 4919 1465 4982 aliquanto
1485 4931 1536 4968 non
1556 4917 1639 4966 solnm
1658 4931 1704 4968 re·

334 5008 453 5056 censiorrl
471 5006 517 5056 ced
536 5009 613 5056 ctiam
631 5005 806 5056 emendationi
826 5005 1004 5054 consuluisset.
