3708 5738
331 296 395 361 520
718 296 975 349 THEOPHRASTI
993 295 1131 348 PHYSlC.
1151 297 1312 348 OPINION.

332 479 364 531 'll
382 467 467 554 φύσις
490 469 601 544 alcen
755 465 797 531 ἔτι
826 468 859 531 δὲ
885 470 963 530 ποιεῖ
988 466 1180 550 σαφέστερον,
1207 465 1238 528 ἐν
1269 465 1312 535 οίς
1338 487 1409 550 φησι
1439 466 1568 549 γίνεσθαι
1595 467 1654 548 μὲν

382 571 503 635 ἕκαστον
535 571 584 634 καί
615 570 688 634 εῖναι
720 559 785 634 κατ’
819 569 976 654 ἀλήθειαν,
1008 569 1086 639 ἰδίως
1113 565 1138 632 δ’
1166 567 1213 631 ἐπὶ
1245 573 1349 653 πικροῦ
1379 568 1525 654 “μοῖραν
1548 567 1656 654 ἔχειν

382 671 579 744 σονέσεως’.
615 674 691 736 ὥστε
705 674 754 736 διά
767 695 799 734 τε
813 671 923 735 τούτων
938 671 1064 736 ἐναντίον
1080 671 1115 734 ἀν
1130 669 1234 756 φανείη
1249 671 1283 733 τδ
1299 670 1341 754 μὴ
1363 677 1454 734 ποιεῖν
1476 671 1561 756 φύσιν
1584 671 1656 736 τινὰ

381 779 440 840 τῶν
467 775 619 858 αἰσθητῶν
649 775 697 838 καὶ
724 776 796 859 πρὸς
822 774 947 854 τούτοις,
970 775 1040 859 ὅπερ
1063 773 1175 859 ἐλέχθη
1197 774 1246 837 καί
1268 774 1422 858 πρότερον,
1450 775 1519 838 ὅταν
1542 780 1656 860 σχῆμα

382 880 434 962 μὲν
457 879 588 962 ἀποδιδῷ
611 881 664 961 τῆς
678 877 701 960 †
716 877 816 947 οὐσίας
840 877 939 960 ὥσπερ
962 877 1090 940 καὶτῶν
1113 875 1220 954 ἄλλων,
1243 875 1284 960 μὴ
1308 874 1380 940 εἶναι
1402 878 1434 940 δὲ
1456 876 1528 961 λέχη
1544 877 1685 962 φύσιν·ι

382 983 402 1064 ἢ
425 981 479 1064 γὰρ
502 979 619 1050 οὐδενὸς
641 980 717 1050 ύλως
735 979 755 1064 ἢ
774 980 822 1044 καὶ
844 979 954 1044 τούτων
977 977 1058 1043 ἔσται
1079 983 1132 1062 τῆς
1154 978 1245 1062 αύτῖης
1266 1001 1299 1061 γε
1327 979 1516 1063 ὑπαρχούσης
1542 981 1655 1050 αἰτίας.

385 1079 427 1144 ἔτι
451 1083 483 1145 δὲ
505 1083 538 1146 τδ
565 1082 674 1168 θερμόν
701 1105 733 1146 τε
755 1083 803 1146 καὶ
830 1083 957 1168 ψυχρόν,
984 1081 1058 1166 άπερ
1081 1081 1176 1167 ἀρχὰς
1198 1079 1341 1156 τιθέασιν,
1372 1081 1449 1150 εἰκδς
1477 1079 1556 1166 ἔχειν
1584 1083 1657 1147 τινά

382 1185 484 1269 φύσιν,
510 1183 536 1247 εἰ
564 1185 713 1248 δὲταῦτα
739 1185 788 1248 καί
815 1185 852 1248 τὰ
877 1183 961 1248 ἀλλα.
1006 1189 1054 1248 νῦν
1085 1185 1118 1248 δὲ
1146 1186 1273 1267 σκληροῦ
1297 1183 1349 1265 μὲν
1372 1183 1419 1246 ναὶ
1443 1186 1577 1265 μαλακοῦ
1602 1187 1657 1250 καὶ

384 1286 487 1372 βαρέος
509 1287 557 1351 καί
579 1287 691 1372 κούφου
712 1291 791 1350 ποιεῖ
810 1285 861 1351 τιν’
890 1285 1005 1364 οῦσίαν,
1033 1287 1106 1370 άπερ
1130 1286 1187 1372 οἰιχ
1209 1287 1295 1370 ἧττον
1318 1282 1398 1353 ἔδοξε
1418 1285 1554 1368 λέγεσθαι
1576 1289 1658 1372 πρὸς

383 1392 476 1474 ἡμᾶς,
503 1389 615 1473 θερμοῦ
638 1389 670 1452 δὲ
693 1389 741 1452 καὶ
764 1393 878 1475 ψυχροῦ
901 1389 1030 1453 καὶτῶν
1052 1389 1148 1454 ἀλλων
1174 1387 1300 1457 οὐδενός.
1345 1385 1437 1451 καίτοι
1464 1389 1497 1452 τό
1520 1413 1553 1473 γε
1575 1391 1657 1476 βαρὺ
1677 1417 1701 1456 ιο

385 1492 434 1555 καί
457 1495 565 1576 κοῦφον
589 1489 658 1555 ὅταν
680 1491 793 1576 διορίίη
816 1497 876 1561 τοῖς
899 1491 1060 1575 μεγέθεσιν,
1084 1493 1195 1574 ἀνάγκη
1217 1491 1254 1553 τὰ
1277 1491 1356 1553 ἁπλᾶ
1378 1492 1471 1554 πάντα
1485 1483 1538 1577 τὴν
1557 1494 1657 1578 αὐτὴν

383 1593 462 1681 ἔχειν
490 1595 583 1679 ὁρμὴν
610 1599 663 1679 τῆς
690 1600 796 1680 φορᾶς,
832 1595 908 1658 ὥστε
941 1597 1008 1676 μιοῖς
1039 1617 1114 1664 τινος
1149 1593 1183 1658 ἀν
1218 1594 1288 1677 ύλης
1320 1591 1367 1676 εἴη
1401 1594 1448 1657 καὶ
1478 1599 1531 1678 τῆς
1557 1594 1656 1679 αὐτῆς

334 1705 367 1759 72
385 1697 511 1783 φύσεως.
664 1697 739 1760 ἀλλὰ
761 1697 826 1782 περί
849 1697 900 1780 μὲν
923 1696 1032 1760 τούτων
1049 1695 1126 1760 ἔοικε
1141 1695 1425 1780 συνηκολουθηκέναι
1441 1699 1501 1766 τοῖς
1516 1703 1656 1761 ποιοῦσιν

385 1799 461 1868 ὅλως
482 1800 515 1862 τδ
538 1803 652 1885 φρονεῖν
674 1800 750 1864 κατὰ
771 1800 823 1884 τὴν
846 1799 1011 1877 ἀλλοίωσιν,
1032 1801 1109 1884 ἥπερ
1130 1799 1207 1862 ἐστίν
1230 1800 1409 1884 ἀρχαιοτάτη
1429 1797 1509 1868 δύξα.
1544 1801 1656 1868 πάντες

386 1901 440 1986 γὰρ
468 1904 496 1965 cl
524 1902 642 1966 παλαιοὶ
668 1903 717 1965 καὶ
747 1895 801 1984 [οἱ]
829 1901 945 1986 ποιηταί
971 1900 1021 1965 καὶ
1047 1901 1132 1986 σοφοί
1154 1901 1229 1966 κατὰ
1249 1901 1301 1986 τὴν
1325 1900 1454 1964 διάθεσιν
1476 1903 1658 1974 ἀποδιδόασι
1675 1929 1698 1967 ιε

386 2005 420 2066 τὸ
442 2009 567 2088 φρονεῖν.
603 2007 662 2068 τῶν
685 2005 718 2068 δὲ
739 2006 839 2090 χολῶν
862 2004 978 2089 ἑκάστῳ
999 2003 1033 2066 τδ
1055 2007 1159 2088 σχῆμα
1182 2004 1341 2067 ἀποδίδωσι
1363 2005 1434 2088 πρὸς
1456 2005 1509 2089 τὴν
1529 2004 1654 2090 δύναμιν

389 2107 541 2190 ἀφομοιῶν
564 2107 617 2191 τὴν
646 2107 676 2170 ἐν
702 2111 763 2176 τοῖς
790 2105 928 2170 πάθεσιν·
957 2099 1028 2189 ὅπερ
1055 2105 1090 2169 οῦ
1118 2105 1204 2188 μόνον
1234 2105 1264 2176 ἐξ
1286 2105 1417 2185 ἐκείνων,
1448 2107 1523 2172 ἀλλὰ
1545 2109 1595 2170 καί
1619 2108 1655 2171 ἐκ

388 2212 447 2271 τῶν
469 2208 668 2294 αἰσθητηρίων
691 2205 751 2272 ἔδει
773 2209 939 2294 συμβαίνειν
961 2207 1057 2278 ἄλλως
1078 2232 1110 2271 τε
1132 2207 1180 2271 ιιαί
1204 2207 1229 2272 εἰ
1251 2209 1334 2294 πάθη
1357 2211 1466 2273 τούτων
1489 2210 1577 2274 ἐστίν.
1617 2210 1653 2274 ού

388 2310 442 2395 γάρ
465 2315 521 2374 πᾶν
543 2313 577 2375 τδ
600 2311 781 2397 σφαιροειδὲς
807 2311 876 2374 οῦδὲ
901 2311 938 2374 τὰ
964 2310 1039 2374 ἀλλα
1066 2313 1206 2396 σχήματα
1231 2311 1283 2394 τὴν
1310 2312 1400 2397 αὐτὴν
1429 2311 1493 2398 ἔχει
1520 2314 1655 2396 δύναμιν,

387 2414 464 2476 ὥστε
490 2413 565 2478 κατὰ
590 2415 623 2478 τδ
651 2413 758 2496 [κάτω]
785 2414 972 2496 ὑποκείμενον
1001 2411 1059 2476 ἔδει
1081 2415 1228 2498 διορίζειν,
1250 2415 1370 2500 πότερον
1392 2413 1422 2484 ἐξ
1444 2417 1554 2498 ὁμοίων
1576 2417 1597 2501 ἢ
1622 2415 1654 2484 ἐξ
1671 2442 1695 2479 ιο

387 2516 532 2599 ἀνομοίων
555 2517 615 2580 ἐστὶ
638 2517 686 2580 καὶ
709 2519 773 2586 πῶς
787 2518 807 2600 ἡ
823 2519 881 2579 τῶν
896 2515 1065 2600 αἰσθήσεων
1081 2516 1235 2586 ἀλλοίωσις
1249 2518 1365 2601 γίνεται,
1387 2519 1435 2580 καί
1451 2521 1523 2604 πρὸς
1537 2520 1654 2588 τούτοις

385 2617 494 2701 ὁμοίως
521 2618 569 2683 ἐπὶ
596 2619 711 2682 πάντων
737 2619 895 2682 ἀποδοῦναι
921 2623 979 2682 τῶν
1005 2619 1053 2682 διὰ
1077 2623 1130 2702 τῆς
1158 2619 1236 2704 ἁφῆς
1263 2620 1312 2683 καὶ
1339 2622 1379 2706 μὴ
1409 2623 1495 2704 μόνον
1521 2623 1559 2686 τά
1585 2623 1653 2706 περὶ

384 2725 491 2804 γεῦσιν.
535 2719 610 2786 ἀλλά
633 2721 681 2784 καὶ
702 2725 794 2784 ταῦτα
818 2722 870 2804 μὲν
897 2721 962 2806 ἤτοι
989 2723 1128 2807 διαφοράν
1154 2744 1217 2785 τινα
1247 2719 1310 2808 ἔχει
1337 2725 1408 2808 πρὸς
1436 2723 1503 2794 τούς
1531 2725 1653 2810 χωλούς,

336 2832 369 2886 73
388 2824 424 2908 ἢν
451 2821 510 2888 ἔδει
538 2826 657 2900 διελεῖν,
687 2825 707 2908 ἢ
731 2824 779 2888 καί
806 2829 938 2910 παρεῖται
961 2826 1080 2889 δυνατὸν
1104 2825 1135 2889 δν
1158 2824 1268 2907 ὁμοίως
1290 2826 1390 2890 εἰπεῖν.
1543 2831 1603 2890 τῶν
1626 2827 1660 2888 δὲ

386 2926 552 3012 χρωμάτων
575 2927 655 2991 ἁπλᾶ
678 2928 730 3010 μὲν
752 2927 828 3012 λέγει
851 2929 983 3014 τέτταρα.
1021 2928 1123 2991 λεοιιδν
1147 2928 1199 3010 μὲν
1223 2926 1273 2990 οῦν
1295 2927 1367 2992 εἶναι
1389 2930 1423 2992 τδ
1437 2932 1523 2994 λεῖον.
1563 2930 1652 3014 θγάρ
1670 2955 1694 2994 ιτ

1043 3083 1244 3093 ————.—-

338 3170 350 3222 1
376 3171 460 3222 Ζε11ετ
483 3171 550 3220 coni.
580 3167 641 3238 φησί
663 3168 692 3222 τὸ
715 3169 860 3240 φαινόμενον
884 3169 992 3240 ἑκάστῳ,
1044 3163 1119 3218 αῦτδν
1137 3165 1203 3238 ἔχειν
1222 3165 1278 3239 ὅρον
1295 3175 1341 3240 τῆς
1359 3171 1457 3239 μορφῆς
1471 3173 1511 3222 vel
1523 3173 1569 3240 τῆς
1582 3169 1701 3240 διαφορᾶς

336 3260 381 3309 sed
409 3259 566 3309 audiendum
593 3255 698 3310 ἕκαστον
727 3256 741 3310 θ
768 3254 938 3327 αἰσθανόμεθα
961 3261 991 3310 ci.
1044 3257 1170 3306 Wimmer
1194 3254 1206 3324 11
1233 3256 1264 3310 13
1288 3255 1350 3310 ἀλλά
1374 3257 1429 3310 ιιτλ.
1453 3261 1484 3310 cl.
1507 3277 1532 3324 ρ.
1547 3258 1701 3324 517,16εη.

337 3345 428 3414 γίνεται
451 3364 476 3412 p.
492 3343 552 3408 519,
563 3342 597 3398 26
618 3341 631 3413 11
651 3344 668 3397 2
687 3349 777 3415 πικροῦ
800 3347 943 3400 Schneider
960 3348 990 3397 cl.
1045 3341 1109 3405 esq.
1133 3341 1192 3406 515,
1203 3341 1284 3410 23nq.
1315 3341 1328 3413 ΙΙ
1359 3347 1391 3399 15
1415 3346 1437 3398 οἱ
1463 3349 1546 3398 delevi
1572 3343 1586 3414 11
1618 3348 1651 3401 16
1674 3341 1701 3395 τὸ

335 3451 361 3501 p·
373 3431 433 3498 519,
443 3431 489 3487 29:
509 3435 600 3502 μιαροῦ
609 3435 653 3485 PF
670 3429 683 3502 Η
699 3433 795 3503 ἔχειΡι
816 3432 909 3504 ἔχηΕι
928 3450 993 3484 corr.
1047 3435 1143 3497 φρονεῖν
1161 3432 1183 3482 Ρ
1203 3448 1240 3497 ρτ.
1259 3433 1292 3482 F:
1317 3439 1469 3503 περιφρονεῖν
1487 3435 1668 3488 renovatori?
1689 3429 1701 3498 11

336 3521 490 3588 Stephanus.
509 3521 856 3574 vertemomicarimautem
864 3520 993 3572 deamare
1046 3513 1188 3568 ἀποδιδόασι
1207 3521 1267 3572 PF:
1292 3537 1357 3574 corr.
1381 3522 1523 3574 Schneider
1548 3519 1559 3588 11
1587 3523 1620 3574 17
1641 3521 1700 3589 ἀφο-

335 3625 383 3660 οοο
406 3608 501 3660 habere
518 3609 638 3660 notitiam
662 3609 863 3660 convenientem.
894 3610 992 3659 Demo·
1046 3608 1125 3670 μοιιῦν
1143 3606 1178 3656 F:
1198 3606 1374 3675 ἀφομοιοῦνΡ
1400 3605 1413 3678 ll
1438 3613 1490 3666 τοῖς
1508 3608 1533 3660 ἐν
1551 3615 1604 3667 τοῖς
1622 3613 1644 3662 Ρ
1664 3625 1700 3674 pr.

339 3701 446 3748 critenm
459 3695 564 3748 σννιίναι
576 3699 602 3748 in
616 3698 741 3749 similibus
753 3705 792 3748 eet
803 3713 845 3763 ορ.
858 3697 929 3748 Sexi.
940 3696 993 3746 VII
1044 3692 1078 3742 F:
1097 3693 1143 3760 τῆς
1161 3691 1187 3744 ἐν
1204 3698 1256 3751 τοῖς
1274 3712 1322 3746 rec.
1341 3697 1375 3746 ll:
1395 3713 1461 3747 corr.
1481 3696 1623 3749 Schneider
1641 3692 1699 3762 1120
1801 3753 1802 3758 ¹

337 3781 388 3838 136
415 3779 427 3850 h
453 3781 468 3834 3
491 3800 519 3834 τι
541 3784 696 3836 Schneider:
725 3801 749 3834 τι
770 3786 815 3836 PF
840 3780 852 3852 h
879 3780 909 3834 ἀν
931 3781 992 3851 φαίη
1322 3817 1337 3850 τ

338 3871 450 3922 Brandle
462 3873 489 3921 in
502 3871 603 3921 schedis
620 3867 633 3938 ΙΙ
649 3871 666 3922 4
683 3879 742 3938 post
758 3867 887 3940 αἰσθητῶν
902 3871 992 3922 audine
1047 3867 1112 3921 ὥστε
1125 3868 1168 3921 καί
1178 3866 1206 3921 τὸ
1216 3869 1287 3920 κάτω
1301 3869 1346 3934 [κά
1359 3871 1394 3935 Ρ]
1408 3869 1521 3938 κείμενον
1530 3872 1588 3923 FP:
1602 3870 1699 3922 correxi

321 3961 387 4022 ,τοῖς
406 3953 494 4008 ἄλλοθι
512 3953 652 4026 λεγομένοις
678 3955 690 4026 h
717 3957 733 4010 5
756 3955 826 4009 οῦσία
850 3959 994 4008 cumidem
1047 3955 1168 4009 ὥστεκαὶ
1186 3955 1214 4009 τδ
1232 3955 1395 4026 θποιιείμενον
1413 3959 1563 4022 Schneider,
1579 3953 1700 4010 ὥστεκαὶ

336 4047 370 4095 sit
385 4061 416 4095 ac
433 4040 503 4112 φύσις
516 4046 546 4095 el.
560 4063 583 4095 ν.
595 4045 619 4108 9,
639 4047 680 4096 hic
698 4055 765 4097 stare
779 4048 876 4110 nequit.
901 4041 994 4114 θερμα-
1046 4045 1112 4096 κατὰ
1133 4043 1162 4098 τὸ
1180 4043 1342 4113 ὑποκείμενον
1360 4049 1493 4100 Wimmer.
1521 4048 1620 4098 scilicet
1637 4041 1699 4096 κατὰ

337 4129 391 4188 σίας
410 4135 464 4183 reri
482 4134 598 4183 similiter
617 4137 727 4186 coniecit
743 4136 852 4196 Usener,
872 4138 916 4198 qui
935 4130 993 4202 ὅπερ
1047 4136 1228 4200 compendiose
1243 4151 1319 4200 super
1334 4135 1377 4186 καὶ
1395 4138 1515 4199 scriptum
1532 4135 1697 4200 praepositio·

337 4215 430 4288 ἐλέχθη
458 4219 501 4270 καὶ
529 4218 648 4289 πρότερον
674 4225 752 4274 refert
779 4225 813 4272 ad
835 4239 860 4288 p.
881 4219 993 4285 516,15.
1046 4239 1105 4273 nem
1118 4219 1166 4274 ῦπδ
1176 4218 1343 4288 εεριι11ιίίῖ1
1357 4219 1481 4288 ἀνομοίων
1494 4219 1597 4286 scripsi:
1612 4221 1698 4289 ἀμφοῖν

337 4305 398 4371 517,
411 4307 503 4373 ΙΟεηη.
523 4307 583 4372 519,
594 4308 618 4361 7.
631 4309 663 4361 10
678 4307 690 4379 ΙΙ
711 4307 809 4378 λέγειΡ
824 4306 837 4378 ll
857 4305 993 4362 7τιθίασιν
1044 4305 1166 4376 1351172
1188 4309 1220 4360 τὰ
1238 4310 1294 4378 περὶ
1315 4311 1395 4380 γεῦσιν
1413 4325 1467 4360 non
1485 4323 1549 4359 enne
1567 4319 1635 4360 runc
1661 4303 1698 4356 ἐπὶ

338 4396 372 4446 ad
389 4396 455 4446 alioe
466 4397 634 4462 philosophos
651 4407 679 4449 nl
688 4401 869 4451 Parmenidem
883 4399 993 4448 releren·
1045 4399 1098 4446 τῶν
1110 4395 1164 4464 περὶ
1176 4398 1256 4464 γεῦσιν
1271 4399 1387 4448 volueret
1399 4395 1548 4459 Schneider,
1566 4399 1629 4448 cetis
1646 4400 1698 4445 erat

337 4484 398 4533 dum
417 4484 517 4535 videtur
537 4481 549 4552 Ι]
571 4485 587 4538 9
603 4484 650 4554 τὴν
669 4482 753 4537 ούσίαν
766 4487 823 4538 PFz
843 4487 944 4536 correxi
963 4487 993 4535 cl.
1045 4487 1097 4534 τῶν
1112 4483 1167 4551 περὶ
1180 4486 1269 4552 γεῦσιν.
1288 4487 1332 4536 sed
1347 4487 1465 4551 proxime
1478 4501 1531 4535 non
1545 4489 1693 4549 congruunt,

336 4568 391 4622 v.3
415 4567 486 4639 φύσιν
502 4571 566 4637 reid,
585 4573 639 4626 ν.7
657 4573 712 4624 τινὰ
729 4569 800 4643 φύσιν
822 4570 834 4642 h
860 4569 919 4641 ὅπερ
937 4573 994 4624 PF:
1045 4579 1073 4621 ut
1090 4569 1123 4621 τά
1140 4569 1194 4638 περὶ
1212 4572 1292 4638 γεῦσιν
1310 4569 1429 4641 δηλῶσαι.
1447 4573 1527 4622 ταῦτα
1545 4571 1591 4638 γὰρ
1610 4571 1655 4634 [se.
1668 4565 1696 4617 τά

336 4675 402 4710 corr.
421 4659 563 4712 Schneider
585 4656 598 4728 ΙΙ
622 4661 650 4713 11
671 4659 769 4729 διορίζει
786 4661 807 4711 F
828 4655 841 4726 Η
864 4656 895 4710 17
914 4662 992 4726 φορᾶς
1045 4655 1084 4708 διδ
1097 4655 1230 4727 τῆςάφῆς]
1249 4663 1376 4724 corrigere
1395 4661 1482 4710 malim
1498 4655 1510 4724 h
1525 4656 1559 4708 24
1572 4657 1603 4726 ἣν
1615 4661 1636 4712 Ρ
1649 4669 1693 4706 sec.

336 4749 374 4798 eie
391 4747 448 4799 PF:
473 4749 605 4814 Theophr.
624 4756 725 4800 atomos
744 4765 821 4814 puras
843 4749 992 4812 intellegere
1044 4747 1078 4796 F:
1102 4743 1214 4814 hreni*
1240 4743 1252 4814 l!
1278 4746 1299 4798 εί
1322 4747 1365 4797 οιαὶ
1388 4748 1533 4812 Stephanus
1555 4742 1567 4814 11
1588 4747 1694 4814 παρεῖται

336 4836 439 4886 videtur
457 4844 484 4885 nt
501 4837 581 4886 Arist.
606 4836 631 4886 d.
659 4837 722 4886 cnei.
740 4834 814 4886 1111
840 4851 864 4899 p.
882 4831 993 4886 303125
1044 4835 1101 4886 Pili
1126 4837 1237 4902 παρεῖναι
1256 4833 1303 4898 [sc.
1322 4836 1368 4904 την
1387 4831 1517 4903 διαφοράν]
1535 4833 1673 4886 Schneider

337 4924 368 4973 cl.
391 4937 469 4988 suprn
492 4939 517 4988 ρ.
531 4919 676 4988 516,75εφ.
700 4923 783 4973 ΖοΙΙετ
805 4919 926 4976 147781.
950 4918 993 4974 τὸν
