3768 5736
368 406 432 469 37⁰
694 402 1383 506 ΜΨ

482 511 689 561 PLUTARCHI
710 513 802 562 ΕΡΙΤ.
816 514 856 562 Ill
870 511 924 562 3.4
1181 510 1337 560 S'FOBAEI
1357 508 1530 560 EOL.1291
1550 507 1581 559 31

1074 647 1146 712 εἶναι
1179 648 1231 730 τὴν
1265 647 1379 731 ὅρασιν·
1416 647 1483 710 όταν
1517 644 1542 709 δ’
1581 648 1600 729 ἡ
1635 651 1686 710 τοῦ

1073 749 1235 830 πνεύματος
1261 750 1339 834 φορὰ
1366 747 1544 833 σφοδροτέρα
1571 749 1685 834 γένηται

1074 852 1121 914 καὶ
1144 852 1291 934 πυρώδης,
1313 853 1450 935 κεραυνὸν
1468 852 1687 915 ἀποτελεῖσθαι·

1075 952 1143 1016 όταν
1174 954 1207 1016 δὲ
1234 952 1343 1037 ἅθρουν
1373 953 1484 1036 ἐκπέσῃ
1513 955 1547 1015 τὸ
1574 959 1687 1035 πνεῦμα

1074 1055 1121 1118 καί
1138 1055 1223 1138 ἧττον
1238 1056 1456 1140 πεπυρωμένον,
1478 1060 1630 1140 πρηστῆρα
1648 1057 1686 1140 γί-
1709 1075 1720 1113 ι

1073 1157 1189 1220 νεοθαι·
1212 1157 1280 1222 όταν
1303 1157 1326 1221 δ’
1353 1156 1395 1222 ἔτι
1418 1158 1504 1242 ἧττον
1519 1156 1540 1242 ᾖ
1556 1181 1687 1244 πεπυρω-

1074 1259 1159 1341 μένον
1181 1262 1214 1322 τὺ
1237 1263 1361 1342 πνεῦμα,
1383 1264 1511 1346 τυφῶνα.

451 1359 704 1444 Ἀριστοτέλης
737 1360 767 1429 ἐξ
799 1361 1066 1444 άναθυμιάσεως14
1118 1359 1362 1446 Ἀριστοτέλης
1399 1361 1429 1431 έξ
1465 1363 1688 1447 ἀναθυμιάσεως

408 1463 456 1526 καί
483 1464 520 1526 τὰ
545 1468 664 1526 τοιαῦτα
689 1461 818 1544 γίνεσθαι
846 1467 898 1547 τῆς
924 1463 1020 1548 ξηρᾶς.
1073 1463 1121 1526 καλ
1147 1464 1184 1526 τὰ
1205 1469 1324 1529 τοιαῦτα
1350 1465 1479 1548 γίνεσθαι
1508 1471 1561 1551 τῆς
1589 1465 1688 1552 ξηρᾶς.

409 1566 477 1630 όταν
500 1563 550 1629 οὑν
573 1565 683 1650 ἐντίιχη
704 1565 757 1647 μὲν
772 1570 809 1647 τῇ
826 1565 909 1649 ὑγρᾷ,
931 1589 1021 1650 παρα·
1073 1566 1142 1630 ὅταν
1162 1565 1212 1630 οὑν
1227 1567 1336 1652 ἐντόχη
1360 1568 1412 1650 μὲν
1434 1569 1472 1650 τῇ
1494 1566 1577 1653 ὑγρᾷ,
1596 1593 1687 1654 παρα-
1701 1590 1723 1628 ιο

408 1669 540 1752 βιάζηται
569 1669 602 1730 δὲ
624 1669 676 1752 τὴν
699 1665 810 1746 ἔξοδον,
832 1672 870 1750 ’τῇ
895 1668 947 1750 μὲν
969 1690 1021 1730 πα·
1073 1668 1206 1752 βιάζηται
1229 1671 1262 1734 δέ
1276 1671 1329 1754 τἠν
1346 1667 1454 1746 ἔξοδον,
1475 1693 1513 1752 τη
1530 1672 1582 1752 μὲν
1597 1695 1687 1756 παρα-

372 1791 383 1826 υ
408 1770 536 1854 ρατρίψει
559 1771 606 1833 καὶ
629 1775 667 1852 τῇ
692 1769 770 1854 ῥήξει
792 1771 840 1833 τὸν
859 1769 953 1854 ψόφον
968 1775 1021 1853 τῆς
1073 1772 1164 1858 τρίψει
1187 1773 1235 1836 καί
1257 1797 1296 1856 τη
1319 1771 1397 1857 ῥήξει
1411 1773 1460 1836 τὸν
1476 1773 1579 1858 ψόφον,
1602 1797 1639 1857 τη
1659 1773 1682 1838 θ’

407 1874 527 1957 βροντῆς
554 1873 698 1955 γίνεσθαι,
726 1895 764 1955 τη
790 1873 823 1936 δὲ
849 1871 946 1957 ἐξάψει
968 1876 1021 1956 τῆς
1073 1873 1170 1959 ἐξάψει
1197 1879 1250 1959 τῆς
1276 1873 1431 1959 ξηρότητος
1456 1877 1509 1960 τὴν
1535 1878 1687 1963 ἀστραπὴν

407 1974 561 2058 ξηρότητος
582 1976 634 2060 τὴν
657 1976 818 2060 ἀστραπήν.
1073 1976 1238 2061 παρίστησι.

1028 2089 1062 2144 15
1113 2076 1275 2162 Στράτων
1290 2081 1402 2166 θερμοῦ
1416 2083 1524 2169 ψυχρῷ
1537 2080 1720 2167 παρείξαν-ιυ

1070 2203 1128 2258 τος,
1151 2181 1220 2246 όταν
1235 2183 1390 2269 έκβιασθὲν
1405 2183 1496 2270 τόχη,
1517 2184 1687 2249 τὰτοιαῦτα

1070 2283 1210 2366 γίνεσθαι,
1225 2287 1346 2370 βροντὴν
1363 2286 1415 2369 μὲν
1433 2286 1599 2372 ἀπορρήξει,
1617 2289 1686 2373 φάει

405 2390 573 2469 πρηστῆρας
588 2385 621 2448 δὲ
636 2387 683 2450 καὶ
697 2391 831 2471 τυφῶνας
845 2391 888 2471 τῷ
900 2388 1018 2450 πλεονα-
1071 2384 1097 2449 δ’
1115 2387 1276 2471 ἀστραπήν,
1297 2388 1382 2474 τάχει
1398 2389 1431 2452 δὲ
1446 2388 1593 2473 κεραυνόν,
1615 2412 1686 2474 πρη-

405 2489 474 2573 σμιγῖ
500 2493 552 2572 τῆς
579 2487 664 2571 ὕλης,
693 2489 729 2572 ἣν
759 2489 893 2571 ἑκάτερος
920 2486 1017 2550 αὐτῶν
1071 2492 1178 2572 στῆρας
1193 2489 1226 2552 δὲ
1241 2490 1288 2552 καὶ
1304 2493 1438 2574 τυφῶνας
1452 2489 1497 2577 τιγῖ
1509 2492 1687 2576 πλεονασμῷ

371 2611 394 2648 ιο
406 2591 566 2675 ἐφέλκεται,
581 2591 758 2674 θερμοτέραν
775 2591 827 2672 μὲν
842 2591 858 2652 6
874 2592 1017 2674 πρηστήρ,
1068 2589 1111 2673 τῷ
1143 2593 1196 2672 τῆς
1232 2590 1319 2675 ὑλης,
1352 2592 1388 2675 ἣν
1420 2592 1555 2676 ἑκάτερος
1587 2593 1721 2658 αὑτῶνιο

405 2693 571 2780 παχυτέραν
594 2694 627 2756 δέ
649 2694 665 2756 6
687 2693 795 2776 τυφών.
1068 2691 1231 2775 ἐφέλκεται,
1246 2692 1425 2777 θερμοτέραν
1442 2693 1494 2776 μὲν
1509 2695 1525 2758 6
1541 2697 1686 2780 πρηστήρ,

1068 2793 1234 2879 παχυτέραν
1257 2795 1290 2858 δὲ
1313 2797 1329 2859 6
1350 2797 1459 2880 τυφών.

409 2969 436 3047 6.
473 2981 557 3066 Περὶ
581 2984 694 3065 νεφῶν
719 2981 827 3044 ὑετῶν
850 2982 980 3066 χιόνινν
1134 2978 1219 3064 Περὶ
1242 2983 1355 3066 νεφῶν
1378 2982 1532 3068 ὁμίχλης
1555 2985 1669 3047 ὑετῶν

545 3085 723 3170 χαλαζῶν.
760 3091 829 3144 cit
1184 3082 1312 3168 δρόσου
1334 3083 1456 3169 χιόνος
1477 3086 1613 3171 πάχνης

1169 3227 1173 3238 ·
1243 3185 1413 3269 χαλάζης.
1448 3197 1553 3250 DN6.
1695 3207 1718 3245 ει

363 3388 365 3392 ,
443 3321 672 3405 Ἀναξιμένης
700 3320 773 3405 νέφη
804 3321 856 3403 μὲν
885 3322 1049 3404 γίνεσθαιΙ
1108 3315 1326 3406 Ἀναξιμένης
1358 3323 1432 3408 νέφη
1466 3324 1518 3406 μέν
1552 3323 1683 3406 γίνεσθαι

369 3447 391 3484 υ
403 3425 602 3511 παχυνθέντος
630 3424 677 3487 ἐπὶ
706 3426 804 3486 πλεῖον
837 3427 889 3487 τοῦ
920 3425 1016 3510 ἀέρος,
1067 3420 1266 3506 παχυνθέντος
1297 3425 1344 3488 ἐπὶ
1374 3428 1471 3490 πλεῖον
1500 3430 1552 3489 τοῦ
1585 3424 1682 3510 ἀέρος,

403 3530 512 3611 μᾶλλον
527 3529 560 3591 δὲ
571 3524 815 3609 ἐπισυναχθέντος
826 3526 1015 3612 ἐκθλίβεσθαι
1068 3523 1177 3603 μᾶλλον
1192 3521 1213 3586 δ’
1234 3523 1478 3612 ἐπισυναχθέντος
1492 3527 1682 3613 ἐκθλίβεσθαι

401 3631 468 3700 τοὺς
496 3629 635 3714 ὄμβρους,
665 3628 750 3714 χιόνα
779 3624 804 3690 6’
836 3628 952 3692 ἐπειδὰν
980 3631 1014 3692 τὸ
1066 3625 1132 3694 τοὺς
1161 3623 1300 3712 ὄμβρους,
1328 3629 1414 3714 χιόνα
1442 3629 1475 3692 δὲ
1502 3629 1618 3694 ἐπειδὰν
1646 3632 1681 3694 τὸ

401 3731 632 3816 καταφερόμενον
655 3731 733 3814 ὕδωρ
760 3735 855 3813 παγῇ,
881 3733 1013 3816 χαλαξαν
1065 3727 1298 3812 καταφερόμενον
1325 3731 1403 3816 ὑθιυρ
1424 3731 1519 3814 παγῇ,
1547 3733 1717 3817 χάλαζανιο

401 3836 433 3898 δέ
464 3835 531 3898 όταν
559 3833 785 3918 συμπεριληφθῇ
811 3855 837 3895 τι
864 3834 909 3919 τιβ
935 3835 1015 3920 ὑγριγῖ
1065 3826 1090 3891 δ’
1124 3829 1192 3894 ὅταν
1220 3833 1448 3918 συμπεβῑλθφθθ
1474 3855 1500 3896 τί
1528 3835 1572 3920 τῷ
1600 3837 1681 3922 ὑίθίθ
1759 3895 1763 3904 ·

366 3935 602 4018 ιοπνευματικόν.
1065 3933 1267 4014 πνευματικόν.

392 4127 408 4178 θ
431 4125 475 4177 καὶ
491 4125 571 4176 ταῦτα
592 4126 613 4176 Β
639 4121 652 4193 β
676 4126 723 4192 τῆς
741 4125 832 4176 οιιι.Β
856 4120 870 4191 β
895 4121 911 4175 3
932 4141 1011 4194 παρα·
1099 4119 1132 4172 10
1150 4120 1349 4192 παραβιβιίξηται
1367 4127 1408 4175 A:
1427 4141 1493 4177 corr.
1511 4129 1616 4179 Hccrcu

357 4212 471 4284 βιάζηται
483 4213 540 4264 BC:
560 4209 737 4280 παραβιάξεται
750 4213 776 4262 Α
788 4213 818 4262 ci.
835 4213 858 4263 G
879 4208 892 4278 ΙΙ
912 4209 929 4262 8
948 4214 1010 4264 Plu·
1101 4205 1133 4259 13
1152 4207 1256 4277 ἐμφάσει
1274 4213 1314 4261 Αι
1334 4226 1399 4262 corr.
1419 4214 1522 4266 Heeren

295 4319 298 4330 ·
356 4303 457 4352 tui-citus
468 4301 595 4352 Stratonis
609 4301 758 4366 opinionem
768 4301 901 4350 continuat
909 4301 1010 4352 Aristo·
1098 4292 1132 4344 22
1150 4295 1289 4365 ταχυτέραν
1307 4298 1347 4348 λι
1366 4314 1431 4350 corr.
1450 4301 1507 4351 cod.
1527 4301 1672 4353 Vaticanus

355 4391 398 4439 tcli
418 4390 448 4438 ci.
468 4390 537 4439 Prot.
556 4405 581 4451 p.
596 4386 629 4438 64
650 4381 662 4453 Η
687 4383 718 4435 10
737 4381 869 4452 ἐφέλκεται
888 4387 923 4437 G:
944 4399 1011 4436 συνε·
1098 4379 1132 4432 23
1157 4383 1262 4434 Stobcci
1289 4384 1420 4436 codicibus
1447 4389 1570 4438 mutilatis
1594 4393 1720 4454 assumpsi

356 4472 473 4544 φίλκεται
486 4473 580 4536 (Apte
595 4467 609 4540 ΙΙ
632 4471 663 4523 13
677 4469 795 4540 χαλαζῶν
809 4473 892 4535 (A)c=
906 4472 950 4523 καὶ
963 4489 1009 4540 χα-
1062 4469 1101 4518 Io.
1120 4470 1309 4522 Dcmcsccnum
1328 4471 1376 4533 (iv
1395 4489 1420 4538 p.
1439 4471 1486 4524 151
1507 4473 1600 4536 Mein.)

353 4561 477 4622 λαζιῑινΒ
499 4555 512 4628 Η
545 4559 576 4612 15
602 4558 642 4610 ἐπὶ
667 4556 750 4609 πλεῖον
775 4561 809 4612 G:
836 4555 873 4610 θτι
898 4557 1011 4610 πλεῖστον
1102 4551 1134 4608 29
1154 4554 1224 4624 χιόνα
1248 4566 1274 4608 οι
1291 4555 1402 4626 χάλαζαν
1425 4560 1513 4610 sedem
1538 4569 1668 4612 mutarunt
1689 4565 1719 4612 cf.

354 4651 446 4714 (Α)Βο
459 4645 472 4716 li
487 4649 518 4700 17
531 4643 602 4714 χιόνα
613 4654 639 4696 ει
651 4643 762 4714 χάλαζαν
776 4647 808 4696 εὑ
824 4649 901 4698 Actio
915 4655 1013 4698 mutatu
1064 4643 1130 4693 infra
1142 4642 1156 4706 ξ
1170 4641 1186 4694 ὑ
1205 4661 1230 4708 p.
1243 4641 1291 4696 371
1301 4643 1314 4684 b
1326 4642 1360 4697 25
1378 4655 1404 4695 ct
1422 4647 1493 4698 Prot.
1512 4663 1536 4712 p.
1552 4646 1601 4702 136

353 4750 412 4788 sunt
430 4739 460 4790 cf.
472 4737 543 4789 Ptol.
554 4753 579 4800 p.
587 4731 635 4785 136
652 4729 664 4801 [Ι
682 4732 715 4784 18
728 4730 825 4801 χάλαζα
840 4737 862 4782 Α
877 4729 890 4800 β
908 4733 939 4786 19
952 4729 1011 4785 όταν

352 4839 376 4875 τι
395 4827 417 4878 G
443 4821 456 4892 β
480 4839 504 4873 τι
522 4820 590 4890 ὑγρῷ
608 4821 669 4870 Ae:
692 4819 728 4888 τῷ
746 4817 813 4888 ὑγρῷ
831 4822 889 4873 GB:
910 4825 1010 4872 correxi

352 4927 366 4961 ε
384 4911 457 4962 Stob.
479 4907 491 4977 β
512 4907 545 4962 θθ
558 4903 677 4974 πνείιματι
691 4907 799 4970 (1(Α)οι
818 4909 914 4974 πνεῦμα
932 4906 956 4958 τί
973 4909 1008 4960 Βι

352 5001 453 5048 correxi
471 5013 485 5047 υ
505 4995 576 5051 Stob.
