3708 5738
460 383 718 436 THEOPHBASTI
736 383 874 434 PHYSIO.
894 384 1054 435 OPINION.
1073 381 1285 434 1111121514
1487 380 1548 444 491

191 552 361 636 κατασύρειν
391 555 475 639 φόσιν
504 554 664 636 αὐθιγενῶν
693 557 833 636 ποταμῶν
861 553 909 616 καλ
938 555 1103 638 χειμάρρων
1126 551 1160 616 οὐ
1183 553 1431 637 πλημμυροόντων
1454 550 1552 635 μόνον,

190 656 266 720 ἀλλὰ
291 656 340 718 καὶ
366 657 399 719 τδ
427 656 569 726 καθεστὸς
596 657 908 742 προσυπερβαλλόντων
935 659 988 740 τῆς
1014 655 1176 740 ἐπιβάαεως
1202 656 1251 718 καὶ
1276 655 1328 725 τὰς
1354 653 1449 740 όχθας
1470 655 1491 738 ἢ
1514 661 1552 738 τῇ

191 760 240 844 βίη
267 760 526 844 παραρρηγνόντων
553 760 573 843 ἢ
602 761 834 843 ὑπερπηδῶντων
865 759 1003 844 ἀναβάσει
1028 763 1066 840 τῇ
1092 759 1164 842 πρὸς
1197 760 1335 843 μήκιστον
1363 759 1447 842 ὕψος·
1483 758 1551 822 όθεν

192 863 426 948 ὑπερβλύσαντας
448 861 490 932 εἰς
511 863 564 946 τὴν
586 861 800 946 παρακειμένην
823 860 998 946 ἀναχεῖσθαι
1019 861 1156 938 πεδιάδα,
1177 862 1230 945 τὴν
1252 862 1285 924 δέ
1307 863 1340 925 τὺ
1363 861 1415 944 μὲν
1437 865 1553 944 πρῶτον

192 966 233 1034 εἰς
256 966 382 1048 μεγάλας
414 965 516 1048 λίμνας
542 964 729 1048 διανέμεσθαι
760 966 831 1049 πρὸς
856 965 893 1029 τὰ
920 963 1072 1048 κοιλότερον
1097 965 1143 1028 ἀεὶ
1169 968 1221 1027 τοῦ
1247 965 1350 1035 όδατος
1377 964 1579 1041 συνίίοντος,ι
1648 1031 1651 1034 ,

190 1067 275 1136 αὖθις
297 1065 325 1130 δ’
354 1068 534 1152 ἐπιρρέοντος
556 1067 605 1131 καὶ
627 1068 693 1138 τοὺς
721 1067 875 1158 μεθορίους
900 1065 1023 1148 ἰσθμοὺς
1045 1067 1287 1144 κατακλύζοντος,
1316 1067 1359 1137 οίς
1381 1067 1552 1151 διεκρίνοντο

189 1173 220 1233 αἱ
242 1171 351 1252 λίμναι,
373 1171 414 1240 εἰς
437 1169 560 1253 μέγεθος
584 1171 713 1254 ἀχανοῦς
735 1171 876 1252 πελάγους
897 1170 972 1232 κατὰ
993 1170 1046 1254 τὴν
1068 1171 1184 1232 πολλῶν
1207 1169 1310 1234 ἕνωσιν
1333 1170 1550 1264 ρἰποκρίνεσθαι.

192 1274 319 1357 πρὸς,δέ
342 1273 519 1358 μαχομένων
542 1275 693 1355 δυνάμεων
715 1272 746 1335 ἐν
769 1273 850 1356 μέρει
872 1272 939 1340 τοὺς
961 1272 991 1334 ἐν
1014 1271 1150 1340 ἐναντίοις
1171 1273 1320 1341 οἰκοῦντας
1342 1272 1440 1342 τόποις
1462 1274 1550 1336 ἀπόλ·

189 1376 311 1452 λυσθαι,
337 1377 405 1460 πυρὶ
435 1377 487 1458 μὲν
516 1376 583 1445 τοὺς
606 1376 636 1439 ἐν
660 1373 739 1459 ὄρεσι
761 1376 810 1438 καὶ
831 1374 991 1458 γεωλόφοις
1017 1375 1065 1438 καὶ
1094 1375 1243 1459 δυσόδροις
1270 1375 1389 1460 χωρίοις
1421 1373 1468 1438 ἅτ’
1496 1375 1550 1440 οὐκ

189 1476 309 1563 ἔχοντας
340 1479 424 1562 φύσει
458 1480 547 1564 πυρὸς
575 1480 748 1562 ἀμυντήριον
776 1478 903 1563 ἀφθονον
935 1477 1027 1562 ὕδωρ·
1061 1474 1185 1558 ἔμπαλιν
1214 1475 1239 1541 δ’
1272 1479 1353 1541 όδατι
1378 1478 1444 1548 τοὺς
1470 1478 1549 1562 παρὰ
1569 1507 1593 1546 ιο
1657 1487 1666 1497 “

188 1583 328 1663 ποταμοῖς
356 1581 375 1665 ἢ
404 1581 516 1663 λίμναις
537 1582 557 1666 ἦ
580 1581 723 1663 θαλάττη.
763 1580 897 1662 γειτόνων
918 1580 973 1663 γὰρ
996 1579 1139 1644 ἅπτεσθαι
1161 1583 1240 1664 φιλεῖ
1262 1581 1299 1644 τὰ
1324 1581 1400 1644 κακὰ
1425 1584 1550 1665 πρώτων

188 1683 207 1766 ἦ
232 1683 280 1746 καὶ
303 1683 409 1764 μόνων.
447 1685 521 1748 κατὰ
544 1685 581 1769 δὴ
604 1684 672 1753 τοὺς
694 1681 853 1768 λεχθέντας
874 1682 998 1766 τρόπους
1020 1681 1090 1767 δίχα
1113 1683 1221 1767 μυρίων
1245 1683 1342 1746 ἀλλων
1362 1683 1548 1768 βραχυτέρων

187 1786 379 1870 φθειρομένου
401 1791 451 1848 τοῦ
475 1789 609 1851 πλείστου
632 1786 736 1870 μέρους
759 1785 924 1869 ἀνθρώπων
940 1785 1095 1848 ἐπιλείπειν
1111 1784 1141 1854 ἐξ
1156 1785 1283 1868 ἀνάγκης
1298 1785 1346 1849 καὶ
1362 1785 1413 1854 τὰς
1427 1785 1547 1871 τέχνας·

188 1887 258 1972 δίχα
279 1889 334 1972 γὰρ
355 1893 407 1951 τοῦ
431 1889 638 1972 μεθοδεόοντος
660 1889 713 1952 οὐκ
735 1888 807 1952 εἶναι
834 1885 903 1952 καθ’
930 1888 1021 1971 αὑτὴν
1048 1887 1117 1950 ἰδεῖν
1144 1887 1196 1972 τὴν
1223 1888 1395 1972 ἐπιστήμην.
1433 1888 1549 1952 ἐπειδὰν

188 1989 215 2054 δ’
243 1993 273 2054 αἱ
297 1991 349 2074 μὲν
372 1991 464 2055 κοιναὶ
487 1992 567 2056 νόσοι
590 1991 770 2076 χαλάσωσιν,
793 1990 912 2075 ἄρξηται
934 1989 961 2053 δ’
989 1991 1099 2076 ἀνηβᾶν
1122 1991 1170 2053 καὶ
1186 1990 1353 2075 βλαστάνειν
1367 1991 1401 2053 τδ
1415 1991 1496 2074 γένος
1512 1990 1546 2054 ἐκ
1564 2019 1588 2058 u

188 2096 246 2156 τῶν
270 2095 310 2177 μὴ
334 2095 636 2180 προκαταληφθέντων
658 2097 718 2163 τοῖς
739 2093 902 2178 ἑπιβρίσασι
918 2095 1029 2172 δεινοῖς,
1052 2093 1196 2180 ἄρχεσθαι
1215 2093 1264 2155 καὶ
1279 2093 1330 2163 τάς
1344 2093 1448 2178 τέχνας
1463 2094 1548 2156 πάλιν

187 2195 388 2274 συνίστασθαι,
411 2197 446 2260 oh
467 2198 533 2261 τότε
556 2201 670 2282 πρῶτον
692 2196 860 2280 γενομένας,
888 2197 963 2260 ἀλλά
984 2202 1022 2280 τῇ
1046 2199 1164 2280 μειώσει
1186 2201 1245 2259 τῶν
1267 2195 1396 2281 ἐχόντων
1419 2197 1547 2261 ὑποστα-

185 2299 341 2368 νισθείσας.

847 2587 886 2650 13

250 2690 438 2756 Simplicius
456 2695 482 2742 in
502 2694 548 2741 Ar.
567 2693 599 2741 de
618 2695 691 2742 caelo
710 2710 733 2758 p.
749 2691 856 2743 510241
871 2691 967 2742 Brund.
987 2689 1096 2744 252b40
1110 2693 1220 2744 Karsten

271 2793 492 2875 Δημόκριτος
515 2792 557 2870 δέ,
581 2796 621 2862 ῶς
644 2794 872 2879 Θεόφραστος
895 2793 929 2856 ἐν
952 2799 1025 2863 τοῖς
1053 2795 1226 2864 Φυσικοῖς
1248 2797 1364 2878 ἱστορεῖ,
1388 2797 1428 2862 ῶς
1452 2794 1545 2856 ίδιω-

186 2897 291 2962 τικῶς
320 2895 567 2958 ἀποδιδόντων
593 2901 659 2958 τῶν
688 2897 775 2960 κατὰ
800 2897 837 2959 τὸ
866 2897 999 2980 θερμὸν
1029 2897 1085 2960 καὶ
1112 2898 1152 2960 τὸ
1175 2899 1311 2982 ψυχρὸν
1333 2898 1391 2960 καλ
1414 2897 1455 2961 τὰ
1477 2919 1545 2959 τοι·
1565 2927 1589 2964 νο

186 3000 273 3060 αῦτα
294 2997 599 3080 αἰτιολογοόντων
622 2998 680 3062 ἐπὶ
703 2999 762 3068 τάς
784 2999 940 3080 ἀτόμους
963 2999 1082 3084 ἀνέβη.

846 3389 885 3452 14

247 3491 390 3544 Gelonus
409 3491 441 3540 de
461 3492 593 3542 clementie
612 3507 662 3542 occ.
680 3493 864 3558 Hippocratem
877 3491 921 3543 19
940 3495 1018 3543 roll
1037 3510 1062 3558 p·
1074 3493 1125 3547 486
1139 3495 1243 3545 Kuehn.

262 3588 340 3655 Ὅσα
356 3593 415 3676 Ιγιλρ
437 3591 511 3655 ἀλλα
533 3598 595 3662 ταῖς
618 3594 720 3678 ἀπαθῆ
745 3596 797 3676 μὲν
819 3595 871 3678 τὴν
895 3595 995 3658 οόσίαν
1019 3595 1238 3677 ὑποτιθεμέναις
1254 3596 1381 3680 αἱρέσεσι
1404 3599 1547 3681 παραπλε-

187 3696 304 3764 κοόσαις
326 3694 413 3757 δὲτὸ
436 3695 518 3757 κενὸν
541 3695 717 3760 ἐναντιοῦται
739 3697 775 3761 rol
798 3697 850 3779 μὲν
873 3697 930 3761 ὑπὸ
949 3695 1162 3782 Ἀριστοτέλους
1183 3720 1215 3760 τε
1241 3697 1288 3760 καί
1317 3697 1546 3784 Θεοφράστου

182 3797 325 3874 λέλεκται,
347 3796 383 3860 τὰ
406 3797 439 3862 δέ
453 3799 515 3863 κτλ.

182 3961 381 3970 --.-.--..-,-..

182 4034 295 4104 κλυσμόν
318 4041 417 4103 vulgari
441 4042 534 4106 opinor
551 4055 614 4090 roco
634 4043 763 4105 explicere
782 4051 834 4092 stu·
887 4039 1003 4100 ἐναντίοις
1022 4046 1050 4094 Μ
1071 4039 1084 4110 ll
1105 4042 1221 4094 οἰκοῦντα
1245 4045 1274 4094 Μ
1295 4040 1308 4110 ΙΙ
1330 4043 1362 4095 10
1384 4041 1454 4112 φόσιι
1475 4055 1544 4096 recte

180 4129 264 4179 debet.
283 4129 401 4179 tuebatur
413 4144 503 4177 vocem
520 4129 662 4178 Buecheler
679 4130 695 4178 l.
709 4145 730 4178 o.
744 4127 835 4194 p.443.
892 4133 983 4194 vulgor
1007 4131 1068 4198 φησί
1093 4134 1134 4182 M:
1158 4129 1261 4198 φυσικόν
1285 4133 1427 4182 Buecheler
1451 4127 1463 4196 ll
1490 4131 1544 4198 περὶ

180 4219 286 4267 omnino
312 4218 343 4267 cf.
366 4229 444 4280 supro
462 4231 487 4280 p.
506 4215 566 4277 486,
578 4213 611 4268 14
632 4211 645 4282 ΙΙ
669 4216 679 4266 1
704 4211 836 4283 καταινόρει
888 4217 917 4266 Μ
942 4215 954 4280 β
984 4217 1011 4268 11
1034 4217 1099 4286 φιλεῖ
1116 4221 1157 4270 Μι
1182 4216 1260 4287 φιλεῖν
1283 4221 1361 4284 vulgo
1386 4215 1400 4286 β
1426 4217 1459 4270 12
1482 4217 1544 4286 ἦγε

179 4319 210 4352 o:
229 4299 358 4372 κατασόρη
372 4305 416 4353 Μι
439 4319 505 4355 corr.
519 4305 662 4356 Buecheler
682 4301 695 4370 β
715 4308 837 4372 ποταμῶν
888 4301 973 4370 μόνων
996 4309 1086 4370 vulgo:
1110 4304 1258 4374 ἡγουμένων
1280 4309 1322 4357 M:
1347 4309 1446 4358 correxi
1472 4304 1484 4370 ΙΙ
1513 4305 1544 4357 13

179 4389 222 4439 καλ
245 4391 388 4459 χειμάρρων
412 4393 462 4440 hoc
486 4393 576 4442 ordine
599 4395 646 4442 οΜ
673 4390 686 4458 ll
712 4391 835 4460 θπροσυ-
889 4387 1006 4442 ἐπιλιπεῖν
1028 4395 1089 4444 ahl:
1113 4409 1179 4446 corr,
1202 4395 1344 4446 Buecheler
1366 4389 1380 4459 ΙΙ
1408 4393 1439 4443 14
1461 4391 1507 4459 τὴν
1528 4409 1545 4440 o

179 4473 701 4546 περβαλλόντωναιπροσιπιβαλλόντωνΜ
712 4477 835 4548 ΙΙθίνπτρ-
889 4481 980 4543 νυΙγγοι
1004 4497 1054 4532 om.
1073 4485 1102 4534 M
1126 4481 1138 4547 Ιγ
1167 4484 1198 4537 16
1217 4482 1253 4550 μὴ
1277 4475 1543 4548 προκαταλειφθέντων

178 4559 314 4614 ποδῶντων
333 4567 362 4615 Μ
382 4560 396 4632 ΙΙ
417 4566 434 4617 4
452 4563 650 4635 θπερβλησαντις
668 4569 697 4617 Μ
721 4564 735 4632 ΙΙ
759 4565 835 4619 hoe·
888 4569 930 4618 M:
957 4567 1240 4639 προσκαταλτιφθίντων
1267 4587 1296 4619 αι
1324 4577 1392 4619 reete
1421 4567 1498 4630 vulgo
1528 4561 1542 4630 ll

177 4647 266 4718 λάγους
289 4655 366 4715 vulgo
390 4653 488 4713 (deficit
511 4655 550 4716 ol:
578 4651 673 4721 πελάγη
697 4656 738 4716 Μ,
765 4656 832 4705 unde
888 4653 919 4705 ll
945 4653 1089 4708 ἀνίστασθαι
1112 4675 1129 4707 o
1155 4654 1168 4724 β
1200 4658 1231 4710 l'l
1255 4655 1284 4708 οδ
1307 4654 1363 4707 τότε
1385 4655 1540 4705 Buecheler:

178 4732 298 4804 μεγέθους
327 4737 435 4806 ἀχανοῦς
467 4736 562 4808 πελάγη
591 4743 658 4790 coni.
681 4741 832 4792 Buecheler.
884 4737 913 4790 οίι
926 4740 955 4792 τό
974 4759 1002 4794 αι
1022 4741 1079 4795 olm
1098 4747 1127 4797 Μ

177 4825 223 4874 sod
248 4827 361 4890 poscitur
383 4829 520 4890 singularis
543 4835 648 4892 propter
669 4831 832 4889 renuntiem,
922 4825 1542 4898 l9eudomsimililerSimplioiuol.c.p.hll¹23.

177 4920 203 4960 et
218 4907 325 4978 πέλαγος
337 4911 427 4980 ἀχανές
437 4917 523 4965 tritum
535 4925 573 4965 eet
583 4917 654 4965 velut
666 4915 805 4966 Plutarcho
816 4913 831 4982 ΙΙ
885 4915 995 4971 515895
1008 4919 1052 4971 Βτ.

177 4995 304 5050 ’ίπολλῶν
325 5001 367 5052 M:
395 5005 448 5052 τῶν
470 4999 572 5054 πολλῶν
596 5005 672 5066 vulgo
697 4997 711 5070 ll
737 5003 753 5053 ὅ
774 5002 832 5061 τοὺς
