3750 5746
713 397 814 446 ουτω
834 393 1017 446 Ριου.ι3ι
1486 393 1547 458 281

339 459 1400 551 pLUTARcfifhffhh†sh·*“‘”***‘··§ffihfiihfheL.110n

231 659 279 704 τος
315 635 487 720 φιλοσοφίαν
525 637 620 720 τούτῳ
659 641 701 722 τῷ
736 639 844 723 ῥήματι
895 638 1139 722 προσαγορεύσας,
1161 639 1255 724 ἀρχὰς
1277 637 1343 705 τοδς
1365 636 1507 722 ἀριθμούς

232 738 475 824 προσαγορεύσας,
498 739 592 825 ἀρχὰς
613 740 679 810 τοὺς
701 739 844 824 ἀριθμούς
895 741 944 804 καλ
966 741 1017 810 τὰς
1033 741 1208 825 συμμετρίας
1221 741 1273 810 τὰς
1288 741 1318 803 έν
1333 741 1453 816 τούτοις,
1473 739 1508 807 ἀς

232 840 280 903 καὶ
307 841 358 910 τὰς
387 843 563 926 συμμετρίας
587 843 639 912 τάς
665 843 694 906 ἐν
723 843 843 920 τούτοις,
895 867 972 913 τινας
994 844 1131 928 ἁρμονίας
1154 846 1246 922 καλεῖ,
1267 844 1304 906 τὰ
1325 841 1383 925 <δ’>
1404 841 1434 910 ἐξ
1455 841 1507 923 ἀμ-

233 942 267 1012 ἀς
297 944 345 1006 καὶ
379 945 517 1028 ἁρμονίας
549 947 646 1024 καλεῖ,
679 946 716 1008 τά
749 945 782 1008 δὲ
814 944 844 1014 ἐξ
895 945 1026 1030 φοτέρων
1049 945 1174 1010 σύνθετα
1196 949 1337 1029 στοιχεῖα.
1368 946 1453 1007 πάλιν
1476 944 1508 1005 δὲ

210 1045 407 1130 υάμιροτέρων
430 1047 555 1110 σύνθετα
577 1049 721 1132 στοιχεῖα,
743 1048 845 1112 καλού-
896 1050 949 1133 τὴν
976 1050 1087 1131 μονάδα
1115 1049 1163 1112 καὶ
1185 1049 1238 1132 τὴν
1260 1047 1393 1130 ἀόριστον
1416 1048 1508 1110 δυάδα
1531 1066 1543 1102 υ

233 1169 304 1228 μενα
334 1147 367 1210 δὲ
394 1150 584 1233 γεωμετρικά.
618 1151 703 1212 πάλιν
733 1150 767 1212 δὲ
792 1151 845 1233 τὴν
897 1150 927 1213 ἐν
949 1155 1011 1220 ταῖς
1032 1151 1147 1236 ἀρχαῖς.
1174 1151 1290 1214 σπεύδει
1306 1150 1339 1212 δὲ
1353 1149 1433 1235 αύτῷ
1449 1153 1507 1212 τῶν

234 1249 344 1330 μονάδα
359 1250 407 1314 καὶ
422 1252 475 1334 τὴν
491 1250 625 1335 ἀύριστον
639 1253 731 1315 δυάδα
742 1251 772 1314 έν
783 1256 845 1322 ταῖς
897 1253 998 1338 ἀρχῶν
1022 1254 1041 1336 ἡ
1065 1254 1116 1334 μὲν
1139 1253 1186 1316 ἐπὶ
1205 1253 1239 1316 τδ
1253 1252 1402 1334 ποιητικὸν
1417 1249 1508 1312 αἴτιον

234 1352 352 1437 ἀρχαῖς·
379 1352 496 1416 σπεύδει
518 1353 551 1416 δέ
572 1351 653 1437 αύτῷ
669 1357 728 1416 τῶν
744 1356 845 1439 ἀρχῶν
897 1355 946 1418 καὶ
969 1356 1070 1432 ἀίδιον,
1094 1355 1164 1439 ὅπερ
1187 1356 1247 1419 έατλ
1263 1358 1329 1423 νοῦς
1348 1355 1364 1416 δ
1381 1353 1464 1421 θεύς·
1488 1353 1507 1434 ἡ

233 1457 253 1540 ἡ
283 1456 335 1538 μὲν
363 1455 411 1518 ἐπὶ
439 1456 473 1518 τδ
502 1457 651 1538 ποιητικὸν
679 1455 769 1519 α’ίτιον
797 1457 846 1520 καὶ
899 1459 932 1520 δὲ
953 1457 1000 1520 ἐπὶ
1026 1459 1060 1520 τὸ
1087 1458 1248 1541 παθητικόν
1270 1479 1302 1520 τε
1326 1456 1374 1518 καὶ
1401 1453 1508 1530 ὑλικύν,

201 1579 224 1616 10
235 1558 352 1636 είδικύν,
375 1558 446 1640 ὅπερ
469 1557 530 1622 ἐστὶ
552 1561 618 1626 νοῦς
641 1559 754 1636 ὑθεδς,
778 1560 846 1642 ἡδὲ
898 1562 969 1645 ὅπερ
992 1562 1068 1625 ἐστὶν
1091 1562 1227 1644 δὺρατδς
1241 1559 1360 1642 κύαμος.
1387 1557 1458 1620 εἶναι
1475 1557 1508 1620 δὲ
1519 1575 1543 1612 1⁰
1625 1551 1627 1556 ’

235 1661 282 1724 ἐπὶ
304 1661 337 1722 τδ
357 1659 518 1744 παθητικόν
534 1661 628 1724 τεκαὶ
644 1661 753 1739 ὑλικύν,
775 1662 846 1745 ὅπερ
898 1665 950 1748 τὴν
961 1665 1047 1748 φύσιν
1060 1663 1124 1748 (τοῦ
1136 1661 1276 1748 ἀριθμοῦ)
1287 1662 1403 1724 δεκάδα·
1422 1659 1509 1743 μέχρι

236 1763 312 1827 ἐστίν
335 1764 351 1826 ὑ
375 1764 478 1846 ύρατδς
500 1762 618 1846 κύαμος.
645 1762 718 1827 εἶναι
740 1763 773 1826 δὲ
794 1764 846 1846 τὴν
897 1768 951 1851 γὰρ
974 1771 1032 1830 τῶν
1051 1767 1121 1830 δέκα
1136 1767 1240 1836 πάντες
1255 1764 1438 1848 ἀριθμοῦσιν,
1460 1759 1502 1845 ἐφ’

234 1865 318 1950 φύσιν
333 1869 384 1928 τοῦ
399 1865 527 1948 ἀριθμοῦ
543 1868 664 1930 δεκάδα·
693 1865 779 1952 μέχρι
794 1867 848 1950 γὰρ
899 1870 918 1932 ἀ
951 1869 1085 1939 ἐλθόντες
1117 1870 1202 1932 πάλιν
1236 1867 1427 1930 ἀναποδοῦσιν
1462 1863 1510 1926 ἐπὶ
1560 1861 1566 1871 “

234 1973 292 2032 τῶν
324 1969 396 2032 δέκα
426 1969 530 2037 πάντες
555 1964 711 2052 Ἕλληνες,
743 1970 847 2038 πάντες
897 1973 950 2054 τὴν
984 1973 1105 2054 μονάδα.
1142 1972 1190 2034 καλ
1221 1973 1280 2032 τῶν
1312 1967 1384 2032 δέκα
1414 1967 1511 2044 πάλιν,

202 2091 225 2128 υ
236 2071 374 2155 βάρβαροι
396 2070 580 2154 ἀριθμοῦσιν,
602 2070 644 2154 ἐφ’
672 2073 691 2135 ἀ
713 2071 847 2142 ἐλθόντες
897 2075 999 2158 φησίν,
1026 2077 1045 2157 ἡ
1069 2073 1188 2155 δύναμίς
1214 2072 1289 2136 ἐστιν
1316 2071 1346 2134 ἐν
1368 2073 1428 2138 τοῖς
1449 2067 1508 2130 τέτ-
1521 2087 1545 2125 ιο

235 2175 319 2236 πάλιν
349 2174 542 2236 ἀναποδοῦσιν
570 2173 617 2236 ἐπὶ
644 2174 697 2257 τὴν
726 2175 847 2256 μονάδα.
897 2197 1007 2258 ταρσιν.
1033 2176 1066 2238 έκ
1088 2176 1142 2260 γὰρ
1164 2179 1216 2259 τῆς
1237 2175 1372 2259 τετράδος
1388 2173 1436 2235 καὶ
1452 2173 1509 2234 τῶν

235 2278 355 2340 καὶτῶν
371 2276 442 2340 δέκα
457 2277 552 2354 πάλιν,
575 2275 673 2360 φησίν,
694 2276 848 2360 ἡδύναμίς
899 2278 990 2362 αὐτῆς
1018 2282 1114 2362 μερῶν
1141 2279 1371 2362 ἀναπληροῦται·
1402 2275 1452 2339 ἐὰν
1479 2273 1504 2338 δ’

235 2381 310 2443 ἐστιν
333 2381 362 2443 ἐν
378 2383 437 2448 τοῖς
452 2379 588 2462 τέσσαρσι
608 2380 656 2442 καλ
672 2384 707 2461 τῃ
724 2380 847 2462 τετράδι.
900 2381 1049 2466 ὑπερβάλῃ
1072 2378 1121 2440 τὸν
1143 2383 1195 2463 τῆς
1216 2381 1361 2464 τετράδος,
1385 2380 1510 2441 καὶτῶν

235 2483 268 2545 τὸ
291 2482 324 2544 δὲ
346 2479 445 2544 αἴτιον·
470 2479 559 2550 εἴτις
582 2481 640 2544 ἀπὸ
657 2486 710 2566 τῆς
726 2482 848 2563 μονάδος
899 2483 970 2548 δέκα
993 2485 1238 2567 ὑπερεκπεσεῖται.

200 2607 225 2644 ιο
236 2585 412 2668 βάναποδῦιν
424 2583 499 2648 κατὰ
510 2583 666 2668 πρόσθεσιν
676 2585 771 2667 τιθείη
782 2584 849 2652 τοδς

236 2687 388 2772 ἀριθμούς,
410 2686 479 2772 ἄχρι
499 2691 557 2750 τῶν
579 2688 726 2771 τεσσάρων
748 2689 848 2770 προελ-

237 2793 298 2854 θὼν
327 2789 509 2874 ἐκπληρώσει
536 2791 584 2852 τὸν
612 2789 683 2852 δέκα
706 2789 846 2872 ἀριθμόν·

235 2894 286 2956 έολν
310 2892 342 2954 δὲ
360 2893 555 2978 ύπερβαληται
572 2893 620 2954 τδν
635 2897 688 2976 τῆς
702 2891 847 2974 τετράδος,

238 2996 285 3058 καλ
307 2999 365 3057 τῦιν
388 2994 459 3058 δέκα
475 2997 719 3079 ὑπερεκπεσεῖται.
746 2994 806 3057 οἷον
821 2991 852 3055 εί

194 3129 270 3134 ...u—
290 3127 378 3134 --—-
1024 3121 1099 3128 -·—·=-

232 3187 264 3238 10
281 3189 338 3243 νοῦς
355 3184 398 3236 καλ
416 3179 473 3241 θεὸς
491 3185 513 3234 Β
536 3181 548 3250 Η
571 3183 602 3236 14
622 3179 744 3253 Ἓλληνες
761 3183 850 3242 πάντες
936 3179 952 3230 3
971 3177 996 3228 δ’
1018 3181 1117 3229 addidit
1137 3181 1237 3230 Heeren

194 3273 314 3344 βάρβαροι
332 3275 362 3324 cf.
382 3273 517 3338 Speusipp.
536 3270 848 3336 ap.[1ambl‚]'l¹heolog.
936 3266 953 3318 8
972 3264 1033 3316 ἴδιον
1053 3268 1088 3316 Aa
1108 3283 1174 3316 corr.
1194 3267 1295 3316 Heeren

193 3383 217 3429 p.
229 3364 272 3416 61.
286 3363 365 3412 Ατίιι.
378 3362 460 3425 μτοδλ.
472 3358 546 3412 91οθ
559 3357 601 3410 θδ.
620 3360 720 3410 Fabrie.
733 3360 767 3409 ad
776 3345 848 3410 se'xt„
937 3355 952 3406 θ
972 3351 1057 3404 ὑλικόν
1077 3353 1192 3402 Heeren:
1212 3349 1273 3402 ἴδιον
1291 3355 1317 3402 Α

194 3452 253 3501 adv.
274 3447 433 3512 log.11187
455 3443 467 3513 h
490 3447 521 3500 16
540 3445 704 3498 ἀναποδοῦσιν
728 3448 758 3496 ef.
778 3447 849 3496 Prol.
940 3441 966 3492 ll
989 3443 1034 3490 τοὺ
1052 3436 1160 3506 ἀριθμοῦ
1179 3439 1237 3489 add.
1258 3441 1359 3490 Heeren

194 3533 268 3602 p.51.
280 3535 313 3588 59
328 3531 341 3602 Η
357 3533 391 3586 θθ
404 3532 535 3586 ἀναποδῶν
548 3543 703 3598 corruptum.
716 3543 733 3584 α
746 3530 850 3599 μονάδος
940 3528 971 3580 lh
990 3526 1063 3596 φασίν
1083 3529 1119 3576 Αι
1139 3542 1204 3575 corr.
1224 3528 1326 3576 Heeren

195 3641 263 3674 nune
277 3625 398 3688 proponit
407 3623 516 3685 Usener,
531 3617 646 3688 μονάδων
659 3623 738 3671 latere
748 3623 849 3670 conicio
939 3615 971 3667 18
989 3610 1132 3683 ὑπερβάλλῃ
1149 3613 1170 3662 F
1185 3607 1199 3678 ΙΙ
1213 3611 1259 3680 τὴν
1271 3616 1316 3680 τῆς
1330 3615 1367 3662 A:
1382 3629 1417 3668 τις
1430 3615 1475 3680 τῆς
1488 3617 1555 3662 coni.

194 3728 227 3762 ox
239 3712 344 3776 Hippol.
355 3711 401 3760 ref.
413 3707 506 3774 p.264‚
518 3707 633 3760 ‘23Goth
648 3705 661 3775 β
677 3705 710 3759 23
723 3704 850 3774 ὑπερβάλῃ
903 3706 1004 3754 Ηεετοιι
1025 3698 1038 3767 ΙΙ
1058 3703 1110 3750 τῶν
1129 3697 1191 3750 δέκα
1211 3700 1243 3750 0:
1262 3704 1313 3757 τοῖς
1332 3698 1393 3752 δέκα
1412 3701 1432 3750 F

195 3791 285 3850 incline
303 3799 426 3848 scribetur
447 3792 459 3862 λλ
480 3793 514 3846 24
532 3799 583 3846 τῶν
596 3793 658 3846 δέκα
670 3796 706 3846 Βι
725 3791 767 3844 τὸν
785 3793 850 3857 [hin

195 3903 251 3956 τοι..
261 3902 293 3935 ex
308 3882 339 3950 ιδ]
356 3882 418 3934 δέκα
433 3885 466 3935 C:
482 3879 524 3933 τδν
539 3879 601 3933 δέκα
611 3885 636 3933 Α
653 3879 664 3948 β
682 3880 851 3948 έκπεσεῖταιΒ

432 3989 480 3994 —.
623 3987 851 3995 ........—--.-—0·0-

82 4045 87 4052 “
195 4040 423 4093 TESTIMONIA
442 4039 654 4090 PLUTARCHI

194 4124 274 4194 θμοδς
292 4127 336 4179 καὶ
354 4126 398 4185 τὰς
415 4124 566 4194 συμμετρίας
587 4125 631 4176 καλ
654 4123 698 4182 τάς
721 4123 747 4175 ἐν
770 4121 853 4180 αὑτοῖς

195 4214 312 4284 ἁρμονίας
334 4212 407 4265 καλεῖ
428 4214 459 4265 τά
481 4216 504 4264 τ’
528 4209 553 4272 ἐξ
577 4211 726 4281 ἀμφοτέρων
749 4205 854 4261 σύνθετα

195 4307 312 4372 στοιχεῖα·
330 4299 372 4371 [ἔτι
391 4301 475 4368 μέντοι
493 4298 587 4367 μονάδα
610 4299 654 4351 καί
676 4297 722 4368 τὴν
741 4297 853 4365 ἀόριστον

195 4389 279 4442 δυάδα.
317 4385 399 4444 Philo
415 4392 432 4440 l.
446 4405 466 4439 υ.
480 4387 685 4456 Pythagoras
699 4385 854 4438 Mnesarchi

189 4479 269 4546 filius
288 4491 411 4529 numeros
429 4475 696 4526 αοιιιιηεπιυααιέυααε
708 4484 733 4526 et
746 4475 851 4526 harmo-

195 4567 265 4620 ιιέαι.
301 4560 499 4620 Μυθαῐιθλυθίε
515 4565 640 4615 Fihrist
657 4564 703 4614 od.
717 4564 853 4627 Fluegel

196 4672 220 4719 p.
231 4649 330 4714 245‚16
347 4661 423 4703 vert.
437 4653 471 4704 A.
485 4653 626 4702 Mueller
638 4650 701 4714 [die
715 4666 756 4714 gr.
771 4652 852 4701 Phil.

196 4723 851 4804 αιηυυωπιωωωωωμωιηα

199 4827 328 4880 turchos
347 4825 410 4878 aher
427 4834 485 4892 ιορέ
501 4825 566 4877 dass
579 4823 785 4890 Ρμίίιαροτοα
804 4825 852 4874 der

197 4925 264 4967 erm
277 4932 340 4978 war,
359 4914 471 4966 ιαείαίιει·
489 4915 534 4966 die
549 4911 711 4982 philosophie
730 4913 777 4964 mit
795 4913 851 4966 dio-

198 5019 250 5056 τειπ
268 5019 364 5056 namen
383 5001 552 5056 δααείσύοιια
