3768 5736
515 436 590 486 Αιιιι
609 435 947 488 D1DYM1EP1TOMES
965 437 1018 487 εκ,
1037 433 1242 487 PHYS.12.13
1492 433 1555 497 453

194 607 370 690 κατασκήψῃ
393 607 501 690 φοράς,
529 604 580 669 ἐὰν
608 605 660 687 μὲν
683 603 704 688 ᾖ
728 607 802 669 πάνυ
824 605 927 668 λεπτδν
950 604 998 668 καὶ
1021 603 1068 668 διά
1089 601 1166 669 τοῦτ’
1195 603 1248 669 οὐκ
1271 605 1416 682 ἐπικαῖον,
1444 605 1556 687 ἀργῆτα

194 706 330 791 λέγεσθαι
352 707 427 771 κατὰ
447 707 514 777 τούς
537 708 672 791 ποιητάς,
701 708 752 772 ἐὰν
774 705 799 771 δ’
827 705 914 790 ήττον
937 707 1077 786 ἐπικαῖον,
1099 707 1250 792 ψολόεντα.
1286 710 1335 772 τὸν
1359 707 1410 789 μὲν
1432 705 1487 789 γὰρ
1508 705 1556 769 διὰ

194 811 246 894 τὴν
273 809 436 892 λεπτότητα
461 811 510 874 καλ
537 811 602 894 πρὶν
635 809 802 896 ἐκπυρῶσαι
836 809 993 895 φερόμενον
1021 809 1156 896 οἴχεσθαι
1182 810 1230 874 διά
1257 812 1379 896 τάχους,
1414 811 1454 877 ώς
1482 805 1548 890 μηδ’

193 912 365 995 ἐπιμελᾶναί
385 935 412 974 τι
433 916 492 975 τῶν
515 913 726 996 ὑποκειμένων·
748 915 797 978 τὸν
819 913 852 976 δὲ
874 911 934 974 οἷον
955 912 1004 975 καί
1019 912 1191 998 βραδύτερον
1207 913 1370 999 ἐπιχρῶσαι
1387 911 1439 994 μὲν
1456 911 1554 996 ῶσπερ

194 1011 244 1078 ἀπ’
272 1014 407 1092 αἰθάλου,
429 1015 646 1100 παρενεχθῆναι
669 1017 702 1080 δὲ
724 1015 815 1100 μηδὲν
838 1014 1026 1099 ἀφανίσαντα.
1060 1014 1174 1078 διὸκαὶ
1197 1015 1233 1079 τὰ
1256 1015 1308 1099 μὲν
1323 1015 1583 1099 ἀντιτυπήσανταυ

193 1117 369 1202 φλέγεσθαι,
398 1116 435 1181 τὰ
461 1115 486 1181 δ’
514 1117 555 1188 εἰς
581 1113 632 1188 τοϊς
653 1119 765 1182 ἑαυτῶν
788 1117 962 1203 ἀραιότητας
985 1113 1182 1199 ὑποδεξάμενα
1206 1117 1296 1202 μηδὲν
1319 1118 1452 1202 πάσχειν.
1496 1116 1555 1201 ήδη

193 1225 261 1304 γοῦν
292 1221 413 1290 ἀσπίδος
439 1221 596 1305 πληγείσης
621 1225 744 1304 τακῆναι
773 1220 825 1302 μὲν
850 1221 884 1284 τδ
913 1220 1075 1306 χαλκωμα,
1101 1220 1134 1283 τδ
1162 1220 1194 1283 δέ
1222 1218 1304 1290 ξύλον
1327 1219 1417 1302 μηδὲν
1440 1218 1556 1298 παθεῖν,

195 1323 363 1408 φθάσαντος
384 1327 436 1386 τοῦ
459 1323 621 1405 πνεύματος
643 1322 691 1387 διά
712 1323 764 1408 τὴν
787 1326 839 1405 τῆς
862 1323 932 1406 ύλης
955 1322 1103 1406 μανότητα
1124 1323 1180 1408 πρδ
1202 1328 1254 1408 τῆς
1277 1321 1409 1392 καύσεως
1429 1323 1555 1406 διεκδρα-

195 1429 274 1507 μεῖν·
304 1424 352 1489 καὶ
375 1422 412 1488 δι’
441 1427 563 1506 ἱματίων
585 1425 694 1508 ὁμοίως
720 1424 835 1489 διελθὸν
857 1424 891 1489 οὐ
914 1423 1100 1504 κατέκαυσεν,
1122 1423 1186 1489 ἀλλ’
1214 1425 1274 1490 οίον
1296 1428 1403 1510 τρύχος
1424 1425 1554 1508 ἐποίησε.

194 1527 259 1612 περὶ
282 1528 334 1610 μὲν
357 1526 407 1592 ούν
429 1527 539 1592 τούτων
562 1530 722 1594 διετάττετο
745 1529 848 1598 οὑτως.
1571 1555 1595 1595 ιο

256 1924 342 1976 σου.
362 1922 554 1988 επιτομε]
571 1942 596 1990 p.
610 1922 661 1976 ωε
682 1921 789 1978 -εεειι,
854 1819 895 1884 13

275 2023 515 2110 Ἀριστοτέλης
536 2027 608 2111 φησί
630 2025 767 2108 σεισμούς
788 2025 918 2108 γίνεσθαι
941 2026 989 2089 καί
1012 2027 1169 2108 μυκήματα
1184 2024 1232 2087 καὶ
1248 2026 1386 2110 χάσματα
1400 2031 1452 2109 τῆς
1468 2025 1554 2111 ξηρᾶς

194 2128 418 2212 ἀναθυμιάσεως
446 2129 487 2199 εἰς
514 2129 565 2199 τάς
593 2128 768 2213 ἀραιότητας
796 2127 871 2192 κατὰ
898 2132 951 2213 τῆς
978 2132 1032 2212 γῆς
1061 2127 1176 2212 ῥυείσης
1203 2127 1251 2190 καὶ
1274 2128 1349 2192 κατὰ
1370 2128 1421 2198 τὰς
1443 2129 1555 2213 ἀθρόας

194 2229 356 2313 ἐμπτώσεις
377 2231 501 2316 τρόμους
523 2232 571 2295 καὶ
594 2231 741 2318 βρασμοὺς
763 2229 828 2314 περὶ
850 2229 941 2313 αὐτὴν
964 2229 1208 2314 ἀπεργαζομένης.
1245 2233 1285 2300 ώς
1307 2230 1361 2315 γάρ
1384 2231 1555 2316 ὁρμήσασαν

194 2330 251 2404 ἔξω
272 2335 325 2417 τήν
348 2335 540 2418 ἀναθυμίασιν
563 2334 668 2416 ἀνεμον
690 2337 782 2396 ποιεῖν
804 2333 940 2418 σφοδρόν,
962 2333 1056 2404 οὑτως
1078 2331 1149 2397 εἴσω
1171 2332 1399 2418 καθειρχθεῖσαν
1421 2335 1554 2420 τῇρύμη

194 2441 246 2520 τῆς
269 2439 361 2520 φορᾶς
383 2438 591 2523 διακραδαίνειν
613 2436 680 2506 τούς
701 2435 817 2514 τόπους,
839 2435 869 2498 ἐν
891 2435 935 2506 οίς
957 2435 991 2500 ἀν
1013 2435 1187 2520 ἀποληφθη.
1224 2435 1400 2520 συνέχεσθαι
1422 2434 1481 2520 (δὲ)
1499 2437 1551 2522 τήν
1570 2464 1594 2502 ιο

195 2538 314 2620 δύναμιν
337 2537 443 2622 ταύτην
466 2539 496 2602 ἐν
518 2546 556 2624 τῇ
578 2544 617 2624 γῇ
641 2540 689 2603 διά
709 2561 741 2602 τε
764 2538 909 2603 πύκνωσιν
932 2542 984 2624 τῆς
1006 2537 1174 2623 ἐπιφανείας
1195 2539 1244 2602 καί
1267 2537 1315 2602 διά
1336 2539 1491 2624 κατάψυξιν
1506 2541 1554 2604 καὶ

195 2641 243 2704 διὰ
266 2639 413 2726 ξηρασίαν.
449 2643 518 2707 ὅθεν
540 2643 589 2706 καὶ
611 2641 747 2726 νηνεμίας
769 2640 858 2725 οὔσης
881 2643 922 2710 ὥς
943 2641 990 2704 ἐπὶ
1013 2641 1046 2704 τδ
1069 2640 1143 2704 πολύ
1158 2629 1297 2723 Ιγίνεσθαι
1324 2643 1391 2712 τοὺς
1419 2643 1555 2724 σεισμοὺς

193 2747 246 2828 τῆς
272 2747 331 2808 τῶν
357 2743 472 2828 ἀνέμων
504 2747 596 2830 όρμῆς
623 2743 695 2808 εἴσω
721 2743 890 2830 τραπείσης·
920 2745 969 2806 καί
998 2744 1098 2812 νυκτός
1127 2745 1236 2826 μᾶλλον
1259 2743 1307 2809 διὰ
1328 2745 1381 2828 τήν
1403 2743 1483 2829 ψῦξιν
1505 2745 1553 2808 καὶ

193 2845 258 2930 περὶ
281 2846 330 2908 τὸν
353 2844 472 2932 ὄρθρον·
495 2847 562 2918 τοὺς
584 2847 638 2934 γάρ
664 2847 787 2930 ἀνέμους
808 2847 875 2910 τότε
896 2850 949 2931 τῆς
971 2850 1062 2930 πνοῆς
1083 2844 1239 2931 ἄρχεσθαι,
1261 2847 1309 2910 καὶ
1332 2847 1403 2931 πρός
1425 2846 1477 2931 τὴν
1500 2852 1553 2932 γῆν

191 2948 381 3034 ἀποστρέφειν
396 2948 456 3034 (td)
472 2949 547 3015 κατὰ
561 2951 614 3034 τὴν
637 2949 830 3032 ἀναθυμίασιν
853 2949 931 3012 ἀνιὸν
954 2953 1081 3032 πνεύμα·
1116 2948 1239 3034 καὶτῆς
1262 2947 1373 3034 ἡμέρας
1396 2946 1473 3012 ἔστιν
1497 2950 1546 3014 ότε
1565 2980 1591 3018 20

194 3053 257 3136 περὶ
282 3052 473 3137 μεσημβρίαν.
505 3053 554 3116 τδν
576 3051 630 3136 γὰρ
646 3054 727 3138 ἥλιον
742 3057 795 3136 τῆς
810 3052 1034 3134 ἀναθυμιάσεως
1049 3051 1256 3136 ἐπικρατοῦντα
1270 3051 1448 3115 κατακλείειν
1463 3051 1554 3136 αὐτὴν

194 3155 234 3225 εἰς
257 3155 310 3239 τὴν
332 3160 400 3239 γῆν·
427 3154 475 3216 καὶ
499 3151 583 3238 ἔαρος
605 3156 654 3218 καὶ
678 3158 848 3240 μετοπώρου
872 3155 991 3237 μᾶλλον,
1014 3155 1185 3237 ἀνωμαλους
1206 3155 1260 3238 γάρ
1282 3154 1388 3224 ταύτας
1410 3153 1481 3219 εἶναι
1504 3155 1555 3225 τάς

196 3259 291 3342 ώρας·
316 3258 350 3321 τδ
366 3257 419 3342 γὰρ
435 3257 521 3340 θέρος
544 3257 592 3320 καὶ
615 3259 664 3322 τὸν
687 3261 830 3343 χειμῶνα,
852 3257 885 3320 τδ
909 3256 960 3339 μὲν
983 3255 1031 3318 διὰ
1052 3257 1101 3320 τδν
1123 3258 1224 3340 πάγον,
1239 3257 1273 3320 τὸ
1289 3258 1321 3320 δὲ
1336 3258 1383 3321 διὰ
1398 3259 1450 3342 τὴν
1466 3257 1554 3322 ἀλέαν

198 3361 332 3444 ἀκίνητον
354 3363 446 3423 ποιεῖν
468 3361 517 3424 τδν
540 3360 612 3445 ἀέρα
635 3359 681 3424 διὰ
704 3361 737 3423 τδ
759 3361 792 3423 τό
816 3360 867 3442 μὲν
890 3357 961 3442 άγαν
983 3357 1056 3423 εἶναι
1079 3359 1178 3444 ξηρόν,
1207 3359 1256 3423 τὸν
1279 3361 1312 3423 δὲ
1334 3359 1405 3443 ἄγαν
1428 3362 1554 3447 ψυχρόν·

193 3463 241 3526 καλ
277 3463 307 3526 ἐν
341 3468 401 3532 τοῖς
433 3463 569 3548 αὐχμοῖς,
604 3464 652 3527 ότε
675 3464 800 3546 μαλιστα
827 3463 1036 3546 πνευματώδης
1062 3463 1079 3526 ό
1106 3463 1179 3547 ἀήρ·
1212 3467 1297 3526 τοῦτο
1323 3463 1378 3546 γὰρ
1405 3463 1476 3527 εἶναι
1502 3465 1551 3528 τδν
1569 3489 1593 3528 ιο

193 3563 324 3650 αὐχμόν,
352 3564 439 3650 ξηρᾶς
467 3565 581 3650 πλῆθος
611 3567 845 3650 ἀναθυμιάσεως.
882 3565 1115 3648 ἀπελαυνομένης
1146 3563 1196 3628 οὑν
1223 3569 1275 3649 τῆς
1298 3565 1416 3648 ἀτμίδος
1438 3565 1479 3636 εἰς
1500 3567 1553 3650 τὴν

193 3671 246 3752 γῆν
278 3669 326 3731 καὶ
359 3668 603 3753 καθειργνυμένης
630 3671 760 3754 σφυγμδν
787 3667 916 3752 γίνεσθαι
943 3667 1008 3752 περὶ
1035 3667 1126 3750 αὐτὴν
1151 3668 1199 3730 καὶ
1224 3667 1331 3752 τρόμον
1356 3668 1405 3732 καί
1433 3667 1463 3732 ἐν
1491 3673 1553 3739 ταῖς

193 3771 363 3857 ἐπομβρίαις
391 3771 638 3855 ἐπιφραττομένης
666 3773 723 3836 ὑπὸ
753 3775 812 3836 τῶν
839 3771 933 3854 ὑγρῶν
964 3770 1012 3832 καὶ
1040 3775 1091 3833 τοῦ
1121 3774 1235 3855 ψυχροῦ
1263 3774 1316 3853 τῆς
1342 3773 1396 3854 γῆς
1423 3771 1472 3834 καλ
1501 3776 1553 3854 τῆς

195 3873 274 3944 ἐντδς
296 3873 519 3956 ἀναθυμιάσεως
542 3871 701 3958 αὐξομένης
724 3874 780 3937 ύπδ
803 3877 861 3936 τῶν
885 3873 976 3936 ὑετῶν
999 3872 1047 3935 καὶ
1070 3872 1281 3956 πυκνουμένης,
1308 3871 1384 3936 ώστε
1406 3873 1480 3938 κατά
1500 3875 1553 3958 τήν

195 3976 379 4060 πρόσπτωσιν
403 3976 530 4062 ἰσχυρῶς
552 3979 639 4040 κινεῖν
661 3977 709 4041 καὶ
731 3977 827 4055 σείειν,
849 3978 897 4041 καὶ
919 3976 1024 4044 ἐντοῖς
1047 3975 1206 4060 ὑπάντρους
1227 3976 1275 4039 καὶ
1299 3977 1428 4060 σομφοὺς
1451 3975 1552 4062 ἔχουσι
1571 4014 1594 4053 30

193 4079 260 4149 τούς
283 4081 363 4144 κάτω
385 4079 492 4149 τόπους
514 4078 534 4162 ἢ
557 4080 605 4142 καὶ
632 4079 846 4165 παρακειμένην
869 4079 967 4164 ῥοώδη
991 4078 1135 4142 θάλατταν
1166 4079 1214 4144 διά
1243 4080 1277 4142 τδ
1304 4078 1432 4164 θύραθεν
1455 4082 1554 4144 πλεῖον

193 4181 392 4268 ὑποδέχεσθαι
419 4185 533 4266 πνεῦμα
558 4183 608 4246 καλ
636 4183 683 4247 διὰ
708 4183 741 4246 τὸ
768 4184 821 4268 τὴν
848 4183 993 4245 θάλατταν
1021 4179 1255 4264 προσπίπτουσαν
1282 4181 1412 4246 ἀπωθεῖν
1438 4182 1479 4252 εἰς
1501 4183 1553 4268 τήν

196 4357 208 4407 1
227 4351 379 4408 τούτουκαὶ
398 4353 509 4407 ίπικαῖον
531 4357 568 4406 F:
588 4351 634 4406 οὑκ
656 4354 768 4408 ἑπικάων
789 4357 849 4407 Διί·
901 4353 934 4407 15
952 4349 1092 4422 ἀπολειφθῇ
1106 4355 1143 4404 A:
1163 4357 1262 4405 correxi
1282 4355 1555 4408 υ1.Αότ.11115υέν

192 4451 251 4494 τίοι.
274 4445 290 4493 1.
308 4460 330 4493 c.
350 4439 363 4510 ΙΙ
384 4440 400 4492 2
424 4443 527 4511 ποιτρείς
548 4445 626 4494 Hom·
645 4438 731 4496 8133
749 4451 775 4494 ει
792 4459 848 4495 sne·
900 4438 1025 4512 ἀπολήψει
1045 4437 1058 4509 [ψ
1079 4439 1105 4492 δὲ
1129 4443 1229 4492 addidit
1246 4444 1348 4492 Ηεετοιι
1368 4437 1382 4509 ΙΙ
1404 4441 1437 4493 13
1455 4441 1554 4508 ἀνίμων

192 4534 248 4596 pius
262 4527 275 4598 ψ
286 4528 407 4598 ψολόεντα
421 4539 449 4582 ut
461 4549 483 4582 ω
494 4529 545 4584 539
557 4529 570 4597 ΙΙ
583 4529 626 4582 τόν
637 4533 748 4584 Usener:
759 4529 822 4584 τὸΔ
835 4529 849 4598 ΙΙ
899 4531 995 4598 τροπῆς
1009 4531 1046 4581 A:
1066 4546 1130 4580 corr.
1144 4531 1247 4581 Ηεετειι
1267 4530 1336 4580 conl.
1350 4531 1428 4580 Arist.
1448 4537 1553 4580 meteor.

192 4617 209 4668 4
232 4615 255 4668 oi
277 4615 344 4668 κατὰ
367 4615 500 4687 βαρύτερον
523 4621 562 4670 A:
591 4635 656 4670 corr.
680 4621 790 4670 Ηεετοπ.
818 4621 848 4671 σί.
901 4616 960 4668 118
979 4615 1107 4682 p.366·7
1129 4613 1142 4684 Ιψ
1163 4614 1197 4668 20
1209 4613 1239 4666 τδ
1252 4617 1339 4666 addidi
1359 4618 1389 4667 cf.
1403 4633 1427 4680 p.
1441 4613 1553 4681 454,ΙΙΙ

192 4707 300 4756 Δτῖειοί.
311 4707 327 4755 l.
342 4724 363 4757 ο.
376 4725 401 4772 ρ.
408 4703 518 4760 371123
531 4703 545 4774 ΙΙ
561 4703 620 4758 ὥστ’
633 4710 671 4758 Α;
686 4708 787 4758 correxi
803 4701 815 4771 ΙΙ
831 4705 846 4759 9
899 4702 933 4756 23
951 4701 980 4755 τό
998 4703 1044 4772 γάρ
1056 4707 1136 4756 Arist.
1149 4721 1175 4770 p¹
1188 4701 1293 4758 366124:
1312 4701 1340 4754 τό
1354 4702 1399 4770 μὲν
1412 4706 1448 4754 A:
1467 4699 1496 4754 τὸ
1510 4700 1555 4768 μὲν

193 4791 345 4843 κατίκαυσει
364 4793 473 4845 flectitur
492 4797 575 4846 oratio
594 4803 623 4844 ut
634 4811 659 4860 p.
669 4791 729 4856 458,
737 4791 771 4844 24
785 4789 798 4861 ΙΙ
815 4793 847 4845 10
899 4789 945 4860 γὰρ
957 4793 1062 4844 Ηεετειι
1076 4787 1089 4858 ss
1110 4789 1145 4843 24
1157 4788 1196 4842 διὰ
1208 4789 1237 4842 τὸ
1249 4789 1291 4842 τὸν
1304 4793 1330 4842 Α
1350 4787 1363 4856 ΙΙ
1383 4787 1412 4840 τὸ
1430 4787 1456 4840 δὲ
1474 4791 1553 4839 Arist.

193 4897 249 4931 cum
269 4881 384 4932 clausula
402 4883 434 4932 σι’.
453 4883 500 4933 ecl.
518 4883 569 4932 eth.
588 4883 646 4935 116
666 4899 689 4947 p.
702 4879 744 4942 68,
757 4878 773 4932 3
784 4882 821 4931 Μ.
899 4881 917 4930 l.
929 4897 950 4931 ο.
972 4877 985 4946 ψ
1006 4877 1039 4932 25
1059 4881 1138 4930 Arist·
1151 4881 1167 4929 l.
1181 4895 1202 4930 ο.
1217 4897 1241 4944 p.
1255 4877 1345 4933 366b7
1361 4873 1374 4944 ΙΙ
1390 4875 1424 4928 30
1437 4873 1553 4944 πρόπτω-

231 4968 260 5020 ll
280 4970 313 5020 de
332 4970 362 5020 ir.
379 4966 410 5020 13
429 4971 483 5020 dixi
496 4971 568 5022 Proi.
581 4986 605 5034 p.
619 4966 717 5034 isssqq.
732 4983 742 5020 ι
756 4983 793 5018 ιιι
808 4983 848 5018 vu
901 4980 937 5018 σιν
947 4969 985 5018 A:
996 4969 1097 5018 correxi
1107 4968 1138 5018 ef.
1148 4967 1227 5017 Arist.
1238 4983 1263 5031 p·
1274 4963 1378 5020 3661>ss
1388 4972 1414 5014 ει
1423 4963 1554 5028 Theophr.

192 5072 224 5108 lx
236 5051 250 5124 ΙΙ
263 5053 294 5109 12
306 5055 407 5124 καὶτῆς
419 5057 511 5125 γῆςΔε
525 5057 627 5108 correxi
639 5057 704 5123 σύμ.
717 5053 819 5120 454,18
833 5050 847 5124 ΙΙ
901 5055 926 5105 ἀ.
944 5061 1014 5106 vent.
1028 5051 1059 5106 21
1082 5049 1095 5120 ΙΙ
1115 5051 1149 5106 32
1167 5049 1207 5104 διὰ
1224 5049 1253 5104 τὸ
1265 5053 1298 5104 F:
1318 5047 1346 5104 τὸ
1365 5067 1416 5103 om.
1435 5051 1456 5101 C
1476 5051 1554 5115 vulgo
