3708 5732
318 417 380 482 176
702 423 752 472 xv
789 423 838 472 oro
858 423 1084 474 cousensus
1104 423 1294 474 urrunnun

453 589 469 652 Ι
770 591 803 654 Π
1094 592 1144 656 ΠΙ
1425 591 1471 655 IV

355 690 474 755 Thales
682 690 888 776 Pherecydes
1012 692 1228 776 Empedocles
1340 693 1435 756 Plato

352 791 595 858 Anaximander
683 793 887 878 Pythagoras
1012 795 1195 860 Heraclitus
1339 791 1523 876 Aristippus

353 891 573 960 Anaximenes
682 895 906 980 Xenophanes
1013 895 1170 962 Prodicus
1340 893 1530 961 Theodorus

353 994 567 1077 Anaxagoras
683 997 894 1064 Parmenides
1341 995 1499 1079 Hegesias

355 1094 535 1162 Archelaus
682 1101 772 1166 Zeno
795 1101 927 1166 Eleates
1340 1099 1552 1165 Antisthenes

682 1202 832 1270 Melissus
1341 1200 1506 1283 Diogenes

683 1304 868 1388 Leucippus
1340 1301 1455 1370 Crates

683 1405 886 1472 Democritus

682 1509 886 1575 Metrodorus

682 1612 879 1694 Protagoras

683 1713 847 1796 Diogenes

681 1814 831 1900 Pyrrhon

440 1947 468 2010 V
767 1942 812 2007 VI
1095 1947 1156 2010 VH
1414 1945 1491 2012 VIII

354 2047 517 2113 Arcesilas
682 2045 874 2110 Aristoteles
1010 2046 1098 2114 Zeno
1339 2049 1498 2136 Epicurus

356 2149 544 2218 Carneades
685 2145 931 2230 Theophrastus
1011 2149 1187 2216 Cleanthes

685 2249 794 2314 Strato
1012 2253 1172 2317 Persaeus

685 2348 909 2432 Praxiphanes
1013 2351 1215 2437 Chrysippus

686 2449 847 2515 Critolaus
1012 2455 1178 2536 Diogenes

1012 2553 1188 2621 Panaetius

1013 2655 1207 2722 Posidonius

1013 2755 1240 2823 Athenodorus

411 2871 672 2939 Consentaneum
690 2875 740 2937 est
758 2873 979 2951 excerptorem
1001 2865 1090 2931 haud
1111 2887 1217 2950 panca
1240 2866 1387 2934 omisisse
1408 2867 1497 2934 velut
1512 2866 1681 2934 Academi-

322 2995 432 3041 oornm
460 2975 638 3058 pleniorem
666 2971 902 3040 successionem
930 2966 1019 3054 (nam
1040 2967 1213 3051 Epicurum
1236 2969 1322 3053 quod
1344 2971 1448 3035 solum
1469 2971 1632 3056 nominat,
1660 2991 1679 3037 e

321 3096 411 3142 more
441 3075 518 3162 est),
549 3081 658 3142 tamen
688 3071 860 3156 singularis
886 3069 1046 3154 quaedam
1081 3070 1249 3155 dispositio
1283 3080 1430 3156 apparet.
1473 3073 1575 3139 Ionici
1607 3094 1679 3140 curn

322 3180 458 3246 Socrate
483 3179 616 3261 vulgato
644 3175 771 3259 ordine,
797 3173 874 3240 item
897 3171 1002 3237 Italici
1029 3191 1129 3256 usqne
1156 3173 1199 3240 ad
1225 3175 1441 3261 Pyrrhonem,
1464 3175 1680 3262 Empedocles

321 3279 504 3348 Heraclitus
526 3279 683 3345 Prodicus
705 3279 732 3341 oi
756 3277 914 3361 σποράδην,
935 3279 1002 3338 tum
1024 3293 1103 3340 vero
1125 3275 1168 3342 ab
1191 3275 1339 3344 omnibus
1365 3285 1545 3345 ceterorum
1570 3279 1681 3346 indici-

322 3384 383 3450 bus
410 3383 598 3466 discrepans
623 3371 795 3445 Platonem
821 3377 957 3460 scriptor
983 3374 1157 3443 Socraticis
1179 3377 1324 3463 praeficit
1350 3388 1449 3464 atque
1470 3381 1512 3447 ab
1535 3381 1680 3448 Arcesila

322 3485 450 3552 mediae
472 3481 660 3550 academiae
681 3488 818 3566 parente
844 3498 964 3545 novam
992 3477 1107 3544 seriem
1129 3479 1271 3547 incohat.
1315 3487 1382 3548 tum
1404 3491 1492 3550 recte
1514 3483 1680 3568 Peripate

323 3587 379 3654 tici
403 3593 436 3653 et
458 3585 568 3670 Stoici,
591 3583 723 3650 ultimus
745 3589 777 3648 et
799 3583 887 3647 solus
908 3579 1076 3664 Epicurus.
1114 3579 1295 3648 Stoicorum
1319 3587 1501 3670 catalogus,
1523 3606 1587 3669 quo
1608 3605 1683 3651 nus·

324 3709 421 3772 quam
448 3687 518 3754 iere
544 3687 674 3753 uberior
700 3683 880 3768 iuvenitur,
913 3683 999 3748 ultra
1027 3679 1236 3748 Posidonium
1266 3685 1444 3754 deducitur.
1489 3687 1547 3753 sed
1583 3688 1682 3754 etiam

324 3790 413 3874 apud
435 3789 602 3856 Laertium
623 3788 751 3852 illorum
774 3786 897 3870 διαδοχὴ
921 3782 1098 3850 Caesarum
1120 3791 1267 3870 tempora
1289 3787 1436 3871 ingressa
1458 3797 1516 3856 est.

409 3889 529 3976 Optimi
552 3889 671 3956 deinde
693 3886 857 3972 scriptoris
879 3893 954 3951 sunt
975 3887 1130 3952 lemmata
1151 3895 1244 3972 patre
1267 3889 1438 3974 patriaque
1459 3897 1573 3958 notata
1596 3912 1682 3975 quae

323 4001 432 4060 tamen
454 3991 496 4057 ab
511 3989 697 4076 Epiphanio
714 3989 801 4054 haud
815 3993 1002 4054 constanter
1022 4007 1178 4071 expressa
1199 3995 1232 4055 et
1254 3989 1425 4059 infeliciter
1447 3992 1583 4060 subinde
1607 4001 1682 4060 sunt

324 4100 483 4179 corrupta.
518 4093 754 4158 conclamatum
782 4096 831 4156 eet
857 4089 1016 4174 Σωκράτης
1046 4092 1061 4154 ὁ
1089 4095 1140 4154 τοῦ
1163 4091 1339 4176 ἐλμοὶγλου
1361 4095 1381 4179 ἠ
1404 4095 1611 4182 Σωφρονίσκου
1634 4095 1682 4159 καὶ

325 4197 506 4283 Φαιναρέτης
532 4199 586 4280 τῆς
614 4195 710 4278 μαίας.
754 4197 886 4276 stupent
914 4211 1026 4258 omnes
1052 4191 1133 4257 illud
1168 4200 1346 4259 monstrum
1380 4197 1540 4282 ἐλμοὶγλου,
1573 4203 1684 4262 tamfflr

325 4297 508 4368 emendatio
532 4296 638 4364 estin
660 4293 806 4380 proclivi.
840 4299 876 4358 ut
896 4299 1000 4358 mater
1023 4298 1105 4377 μαῖα,
1127 4295 1173 4361 sio
1189 4301 1283 4380 pater
1297 4299 1477 4385 ἑρμογλύφος
1498 4297 1685 4363 nominatus

326 4401 401 4487 luit,
423 4400 510 4485 quod
531 4397 707 4465 certissime
730 4395 806 4462 olim
828 4413 942 4460 recens
956 4413 978 4460 a
992 4395 1174 4482 Porphyrio
1197 4397 1286 4482 apud
1307 4397 1573 4466 Theodoretum¹
1595 4397 1686 4464 resti·

401 4539 409 4572 ¹
429 4556 467 4605 gr.
486 4541 528 4591 aff.
547 4555 600 4590 cur.
613 4539 634 4588 I.
648 4535 680 4616 27
700 4537 789 4602 Cyrill.
808 4535 867 4585 adv.
886 4537 935 4586 Iul.
954 4537 993 4586 VI
1008 4553 1034 4601 p.
1047 4533 1099 4588 208
1110 4538 1135 4586 A
1150 4538 1181 4587 lr.
1194 4539 1221 4588 X
1239 4537 1341 4589 Nauck.
1360 4533 1381 4587 ri
1399 4533 1425 4588 el
1438 4533 1469 4606 δὴ
1482 4533 1635 4606 ippoplbpoe
1652 4533 1686 4604 ἠν

325 4625 430 4695 [pster].
453 4626 549 4677 ibidem
571 4621 633 4693 ὑπὲρ
658 4625 704 4693 τῆς
728 4619 822 4692 μητρὸς
849 4617 885 4678 ὡς
908 4619 990 4688 μαίας.
1012 4623 1120 4673 Lucian.
1145 4639 1226 4675 somn.
1249 4623 1281 4676 18
1303 4619 1360 4673 tel
1383 4617 1526 4692 Σωκράτης
1544 4623 1588 4676 καὶ
1611 4619 1686 4682 αὑτὸς

325 4712 373 4767 brrb
390 4719 422 4783 τῇ
441 4707 611 4784 ἂρμογλνφιοιῇ
629 4707 708 4779 ταΰτρ
726 4707 835 4779 τραφείς.
855 4723 906 4760 vox
919 4705 1073 4778 ἐρμογλὺφος
1090 4726 1143 4761 nno
1163 4713 1310 4762 testimonlo
1329 4711 1438 4760 Luciani
1456 4725 1538 4762 somn.
1557 4727 1579 4761 c.
1592 4709 1609 4764 3
1623 4718 1686 4762 nota

324 4804 380 4853 luit.
407 4802 503 4852 ibidem
521 4799 629 4850 asditm
646 4799 727 4848 altero
746 4799 805 4848 loco
823 4794 868 4858 §4
885 4789 965 4845 λίθων
983 4794 1089 4865 ἐργάνην
1107 4792 1201 4865 ἀγαθὸν
1213 4794 1273 4848 εἶναι
1292 4831 1299 4846 .
1318 4831 1325 4846 .
1345 4831 1352 4846 .
1371 4793 1414 4846 καὶ
1432 4793 1598 4864 ἑρμογλυφέα,
1616 4797 1686 4848 unde

325 4897 459 4953 utramque
481 4889 589 4938 formam
608 4887 742 4948 consignat
759 4885 852 4934 Tbom.
871 4883 943 4945 Mag.
962 4899 986 4947 p.
1000 4879 1059 4935 365.
1095 4885 1139 4935 sed
1164 4887 1301 4936 rectissime
1324 4885 1431 4934 alteram
1449 4884 1575 4946 analogia
1594 4899 1684 4934 cerem

325 4986 376 5026 tem
394 4979 503 5026 removit
521 4975 635 5024 Cobctus
655 4973 716 5022 Var.
734 4973 806 5022 Lect.
824 4987 849 5034 p.
863 4967 905 5020 81.
1028 4955 1030 4960 ¹
