3708 5738
346 417 410 480 478
665 417 922 470 THEOPHRASTI
942 415 1079 468 PHYSIC.
1099 417 1259 467 OPINION.
1278 416 1331 466 ΕΒ.
1345 415 1400 468 3.4

348 585 452 655 οῦτος
474 585 567 648 δὲτὰ
590 585 651 666 μὲν
675 585 863 666 σωματικὰ
881 588 1055 671 ’στοιχεῖα
1077 587 1173 648 ποιεῖ
1192 583 1355 668 τέτταρα,
1377 587 1445 668 πῦρ
1466 584 1526 647 καὶ
1547 582 1643 667 ἀέρα
1663 581 1717 646 καὶ

350 690 441 772 ῦδωρ
457 688 514 751 καὶ
529 691 592 770 γήν
615 686 714 749 ἀίδια
737 687 800 768 μὲν
824 683 922 765 ὄντα,
946 689 1217 774 μεταβάλλοντα
1239 687 1278 750 δὲ
1300 685 1431 770 πλήθει
1453 685 1510 748 καλ
1532 685 1718 768 ὀλιγότητι

348 791 439 855 κατὰ
465 791 531 874 τὴν
559 789 747 872 σύγκρισιν
775 789 831 852 καὶ
855 791 1047 874 διάκρισιν,
1074 791 1134 860 τὰς
1162 790 1201 854 δὲ
1222 788 1355 873 κυρίως
1376 786 1490 872 ἀρχὰς
1513 788 1569 874 ὑφ’
1601 789 1649 851 ὧν
1672 813 1718 850 κι-

349 897 462 956 νεῖται
484 896 594 954 ταῦτα
615 889 733 976 φιλίαν
757 892 813 954 καί
835 895 965 961 νεῖκος·
989 893 1043 956 δεῖ
1063 894 1125 976 γὰρ
1148 893 1328 955 διατελεῖν
1350 890 1501 960 ἐναλλὰξ
1522 891 1719 973 κινούμενα

321 995 392 1060 ιτὰ
421 998 587 1080 στοιχεῖα
616 994 707 1057 ποτὲ
737 995 798 1075 μὲν
827 995 894 1058 ὁπδ
924 999 988 1080 τῆς
1010 995 1133 1082 φιλίας
1155 993 1436 1078 συγκρινόμενα,
1465 995 1552 1056 ποτὲ
1584 995 1629 1057 δὲ
1652 993 1719 1056 ὁπὸ

348 1103 408 1161 τοῦ
438 1097 576 1166 νείκους
598 1096 869 1180 διακρινόμενα·
900 1099 989 1162 ὥστε
1015 1099 1072 1162 καί
1095 1097 1131 1166 ἓξ
1152 1095 1245 1160 εἶναι
1267 1094 1346 1160 κατ’
1374 1093 1481 1158 αὐτὸν
1501 1097 1564 1167 τὰς
1588 1097 1718 1181 ἀρχάς·

348 1201 405 1264 καὶ
434 1200 498 1285 γὰρ
521 1199 609 1263 όπου
633 1201 693 1281 μὲν
716 1201 907 1284 ποιητικὴν
930 1201 1056 1266 δίδωσι
1079 1200 1226 1283 δύναμιν
1251 1203 1300 1284 τῷ
1323 1198 1436 1262 νείκει
1458 1199 1516 1262 καί
1538 1203 1580 1281 τῇ
1599 1199 1720 1282 φιλίᾳ,

349 1303 432 1367 όταν
455 1302 544 1386 λε’γη

551 1403 676 1468 ἄλλοτε
698 1405 765 1486 μὲν
787 1405 950 1488 φιλότητι
973 1401 1211 1491 συνερχόμεν’
1238 1403 1288 1472 είς
1310 1403 1346 1466 ἓν
1369 1401 1503 1467 ἅπαντα

310 1537 335 1576 10
553 1506 680 1570 άλλοτε
702 1504 728 1568 δ’
757 1505 800 1570 αῦ
823 1507 905 1592 δίχα
927 1509 1036 1571 πάντα
1058 1507 1259 1594 φορεύμενα
1281 1505 1417 1575 νείκεος
1439 1503 1561 1591 ἔχθει·

348 1613 432 1674 ποτὲ
455 1611 493 1672 δὲ
514 1613 585 1679 τοῖς
608 1609 803 1692 τέσσαρσιν
827 1611 873 1678 ὡς
896 1609 1086 1695 ίσόστοιχα
1109 1610 1290 1673 συντάττει
1313 1608 1508 1686 καὶταῦτα,
1531 1607 1618 1672 όταν
1635 1607 1720 1689 λέγη

753 1711 832 1774 τοτὲ
855 1709 880 1773 δ’
909 1712 951 1776 αῦ
975 1713 1075 1798 διέφυ
1098 1707 1214 1776 πλέον’
1242 1709 1277 1778 ἐξ
1300 1709 1378 1780 ἑνὸς
1400 1709 1494 1775 εῖναι

551 1817 618 1896 πῦρ
641 1813 698 1875 καί
722 1813 815 1897 ῦδωρ
838 1815 897 1877 καί
919 1819 1002 1898 γαῖα
1024 1815 1084 1878 καί
1107 1815 1212 1899 ἠέρος
1234 1813 1385 1877 ἄπλετον
1409 1815 1495 1900 ῦψος

551 1915 671 1985 νεῖκός
693 1913 721 1976 τ’
749 1915 949 1999 οὐλόμενον
972 1917 1063 2002 δίχα
1085 1921 1153 1980 τῶν
1176 1917 1374 1981 ἀτάλαντον
1397 1917 1545 1981 ἕκαστον

309 2053 332 2089 ιι,
552 2020 612 2082 καὶ
636 2018 790 2103 φιλότης
813 2019 847 2082 ἐν
870 2023 983 2082 τοῖσιν
1007 2017 1064 2102 ἴση
1088 2019 1199 2103 μῆκός
1221 2041 1257 2082 τε
1279 2020 1413 2088 πλάτος
1434 2043 1480 2082 τε.

405 2383 550 2448 Simplio‚
570 2385 598 2434 in
616 2381 689 2446 phys.
708 2377 930 2434 wem-7¹3.
1021 2295 1043 2358 4

33 2505 228 2550 ‚auu-²
434 2483 501 2550 Τῶν
529 2485 563 2548 δὲ
587 2482 723 2567 ἀπείρους
750 2487 793 2568 τῷ
818 2482 926 2566 πλήθει
953 2483 1094 2566 λεγόντων
1122 2483 1150 2546 οἱ
1177 2483 1229 2566 μίν
1252 2483 1346 2552 ὁπλάς
1368 2480 1466 2566 ἔλεγον
1488 2483 1538 2545 καί
1560 2483 1718 2565 ὁμογενεῖς,

350 2589 377 2652 οἱ
399 2588 432 2651 δὲ
454 2587 609 2656 συνθέτους
631 2585 679 2650 καί
703 2586 885 2668 ἀνομογενεῖς
911 2585 960 2650 καὶ
983 2585 1121 2662 ἐναντίας,
1143 2585 1218 2648 κατὰ
1240 2585 1273 2648 δὲ
1293 2584 1327 2647 τδ
1350 2583 1522 2669 ἐπικρατοῦν
1542 2606 1718 2671 χαρακτηρι-

350 2691 483 2774 ζομένας.
510 2687 748 2772 Ἀναξαγόρας
771 2687 834 2770 μὲν
857 2687 921 2772 γὰρ
939 2687 1199 2774 Ἡγησιβούλου
1220 2684 1474 2770 Κλαζομένιος
1495 2689 1718 2772 κοινωνήσας

348 2797 412 2877 τῆς
430 2790 679 2874 Ἀναξιμένους
701 2789 918 2876 φιλοσοφίας
940 2795 1078 2875 πρῶτος
1101 2789 1297 2873 μετέστησε
1318 2789 1382 2858 τὰς
1404 2789 1572 2873 περὶτῶν
1596 2792 1717 2876 ἀρχῶν

309 2895 454 2966 ιοδόξας
484 2895 541 2958 καὶ
571 2893 633 2976 τήν
662 2891 897 2956 ἐλλείπουσαν
926 2892 1042 2957 αἰτίαν
1072 2893 1306 2976 ἀνεπλήρωσε
1334 2891 1395 2961 τὰς
1425 2891 1488 2973 μὲν
1511 2890 1717 2976 σωματικὰς

350 2997 521 3082 ἀπείρους
542 2997 719 3080 ποιήσας·
743 2996 836 3060 πάντα
857 2996 911 3080 γὰρ
932 2996 970 3059 τά
992 2997 1152 3078 ὁμοιομερῆ
1175 2993 1236 3057 οἶον
1259 2993 1337 3079 ὕδωρ
1359 2994 1379 3077 ἢ
1401 2997 1459 3078 πῦρ
1480 2995 1500 3078 ή
1523 2996 1634 3080 χρυσδν
1656 2991 1717 3076 ἀγέ-

352 3123 424 3184 νητα
453 3101 505 3182 μὲν
536 3098 608 3162 εἶναι
638 3099 687 3162 καί
717 3097 864 3183 ἄφθαρτα,
893 3097 1049 3182 φαίνεσθαι
1078 3097 1111 3160 δὲ
1137 3097 1272 3180 γινόμενα
1293 3097 1341 3160 καί
1365 3097 1550 3179 ἀπολλύμενα
1573 3095 1715 3181 συγκρίσει

350 3203 398 3266 καὶ
421 3203 559 3285 διακρίσει
583 3200 680 3284 μόνον,
702 3202 818 3265 πάντων
841 3201 893 3284 μὲν
916 3201 946 3266 ἐν
962 3203 1049 3265 πᾶσιν
1065 3199 1197 3278 ἐνόντων,
1220 3199 1343 3264 ἑκάστου
1359 3199 1392 3262 δέ
1406 3198 1481 3263 κατὰ
1495 3199 1528 3263 εδ
1545 3201 1715 3286 ἐπικρατοῦν

351 3305 380 3368 ἐν
403 3305 483 3390 αὐτῷ
508 3304 810 3389 χαρακτηριζομένου·
839 3304 947 3390 χρυσὸς
974 3303 1028 3386 γὰρ
1051 3301 1181 3388 φαίνεται
1204 3301 1297 3365 ἐκεῖνο
1319 3299 1397 3388 ἐνῷ
1426 3303 1500 3367 πολύ
1528 3304 1650 3390 χρυσίον
1677 3297 1717 3364 ἔνι

350 3459 365 3510 1
379 3455 460 3516 οὕτως
472 3460 497 3509 D
515 3457 528 3526 ΙΙ
542 3463 574 3512 εί.
589 3463 679 3513 Placlt.
691 3463 704 3512 1
714 3458 730 3512 3
739 3471 764 3510 w
780 3455 1006 3530 Ἐμπεδοκλῆς...
1058 3461 1116 3510 adv.
1130 3461 1208 3510 math.
1222 3458 1311 3512 11317
1328 3456 1342 3528 ΙΙ
1357 3457 1389 3512 15
1402 3459 1465 3526 μετὰ
1476 3465 1552 3514 τοῖσιν
1562 3459 1615 3514 ίσον
1625 3465 1716 3517 Sextus

349 3545 456 3616 τίτταρα
468 3547 513 3614 μὶν
525 3546 589 3617 λέγει
604 3551 712 3618 στοιχεῖα
725 3550 773 3617 πῦρ
792 3547 852 3618 άίρα
871 3545 939 3619 ῦὸωρ
951 3553 1006 3619 γῆν,
1094 3546 1128 3600 16
1147 3545 1191 3598 καὶ
1207 3549 1301 3598 ΒΕΕΙ
1325 3565 1363 3614 pr.
1378 3549 1412 3599 F:
1436 3547 1480 3600 καὶ
1498 3547 1534 3618 μὴ
1554 3567 1570 3600 α
1589 3569 1643 3604 see.
1661 3549 1682 3600 F
1700 3543 1713 3615 ΙΙ

350 3631 393 3685 δύο
411 3631 431 3685 δ’
446 3634 552 3704 ἀρχικός
564 3635 677 3704 δυνάμεις
691 3633 773 3704 φιλίαν
784 3654 812 3688 τι
825 3637 868 3688 καὶ
880 3641 960 3695 νιῖκος
970 3635 1006 3688 ὧν
1061 3635 1092 3688 17
1112 3631 1134 3685 οί
1153 3631 1379 3703 δλ-όνομογινιῖς
1390 3638 1480 3689 ΒΕΕ·
1500 3639 1554 3702 (qui
1574 3637 1714 3706 ἀνομοιογε-

349 3721 425 3791 ήμίν
438 3721 502 3774 ίστιν
515 3721 633 3792 ὁνωτική,
644 3721 673 3774 τό
686 3721 712 3774 δὲ
725 3723 870 3793 διαιρετικόν
882 3727 913 3776 εί.
927 3727 1006 3790 Diog.
1057 3725 1104 3779 νεῖς
1127 3725 1154 3772 in
1182 3721 1365 3791 ἀνθμοῑομερεῖτ
1392 3726 1526 3788 notrum:
1560 3743 1613 3778 om.
1641 3727 1680 3778 oF
1702 3718 1715 3788 Η

349 3813 416 3862 VIII
430 3810 463 3862 76
494 3809 506 3875 ΙΙ
536 3810 580 3861 καλ
602 3819 662 3861 ante
690 3807 758 3878 ῦὸωρ
782 3827 832 3862 om.
860 3814 910 3863 DE
941 3809 955 3878 ΙΙ
992 3811 1008 3863 2
1060 3806 1086 3858 δὲ
1098 3817 1157 3874 post
1169 3809 1235 3860 κατὰ
1247 3811 1370 3861 ΒΕΕΙΕι
1389 3821 1448 3877 poet
1463 3809 1671 3882 ἐπικρατοῦναΙΙ
1688 3809 1716 3861 18

349 3895 538 3966 μεταβάλλοντα
556 3895 583 3947 ὁί
601 3907 660 3962 post
683 3894 806 3966 ὀλιγότητι
829 3899 900 3950 libri:
926 3908 1009 3950 trene-
1060 3893 1223 3965 ὁγησιβούλυυ
1231 3899 1282 3948 DE
1295 3895 1354 3966 1120
1366 3896 1412 3968 μὶν
1424 3901 1554 3952 molestius
1566 3897 1717 3953 referturad

350 3987 436 4050 posuit
463 3986 563 4036 Usener
588 3980 602 4051 ίΙ
627 3985 642 4037 6
666 3981 693 4044 ἓξ
711 3987 742 4036 cf.
762 3986 833 4037 Sext.
852 3988 911 4037 edv.
930 3987 1009 4038 math.
1061 3987 1107 4052 τῆς
1117 3981 1143 4034 δὲ
1153 3981 1275 4052 κινήσεως
1286 3985 1401 4052 ρ.479,ῖ
1413 3983 1426 4054 ΙΙ
1437 3985 1471 4039 21
1481 3987 1650 4058 ἀνομοιομερῆ
1662 3979 1715 4048 ΕΙΙῙ

351 4075 377 4124 X
395 4070 446 4124 317
474 4071 557 4135 [Prol.
581 4067 644 4136 93²]
680 4069 693 4140 ss
727 4071 793 4124 κατὰ
820 4074 908 4124 τοῦτον
936 4075 975 4123 Ε·
996 4067 1009 4141 γλ
1063 4075 1126 4124 haee
1139 4075 1160 4124 εἰ
1173 4074 1251 4124 modo
1270 4073 1466 4139 Theophreetee
1477 4084 1545 4138 eunt,
1564 4091 1597 4126 ex
1611 4078 1715 4126 Aristot.

351 4159 366 4211 9
385 4161 494 4224 Emped.
514 4177 554 4209 vv.
568 4157 610 4213 67.
623 4159 700 4213 6881.
730 4161 802 4213 Sext.
821 4163 838 4210 l.
851 4177 873 4212 ο.
892 4163 932 4212 IX
948 4159 980 4212 10
995 4157 1008 4226 ΙΙ
1063 4164 1204 4228 metaphys.
1214 4160 1254 4214 13
1272 4181 1297 4228 ρ.
1308 4161 1414 4216 984111
1429 4171 1541 4230 sumpte:
1559 4157 1716 4230 Ἀναξαγόρας

350 4243 376 4296 ἓν
390 4242 607 4298 eumenem:
627 4245 669 4300 ἕνα
686 4247 768 4299 πάντα
779 4249 836 4300 BF:
855 4245 897 4298 ἕνα
915 4245 1009 4314 κόσμον
1063 4247 1215 4318 -όπείρους
1233 4247 1294 4301 εἷναί
1311 4264 1372 4319 φησι
1389 4247 1434 4306 τὰς
1452 4249 1538 4319 ἀρχάς.
1569 4247 1658 4319 σχεδόν
1674 4245 1715 4315 γὰρ

350 4335 463 4400 simplic.
474 4333 552 4386 ss8‘4
564 4331 577 4402 Η
592 4335 623 4388 10
632 4331 772 4404 φορούμινα
782 4336 896 4401 simplic.
906 4337 923 4386 f.
931 4335 947 4386 8
955 4330 1007 4402 Γ411
1062 4332 1159 4387 ἅπαντα
1168 4335 1200 4386 τό
1209 4335 1345 4408 ὁμοιομερῆ
1356 4333 1470 4407 καθάπερ
1480 4333 1547 4406 ύδωρ
1560 4333 1577 4405 ἢ
1590 4339 1640 4407 πῦρ
1652 4331 1714 4387 ούτω

350 4419 442 4477 νείκεος
462 4417 531 4489 ἔχθει
553 4423 683 4474 ΒΒΕΕ·ι
707 4427 787 4481 νεῖκος
808 4421 860 4492 ἔχει
882 4423 921 4472 αΕ
941 4419 954 4489 ίΙ
977 4421 1007 4473 11
1061 4419 1184 4492 γίγνεσθαι
1193 4423 1237 4477 καί
1250 4420 1405 4477 ἀπόλλυσθαί
1413 4437 1473 4494 φησι
1483 4422 1606 4494 συγκρίσει
1616 4424 1659 4477 καί
1668 4419 1713 4473 δια-

349 4509 409 4560 ποτὲ
422 4511 526 4560 ΒΕΕῑι
545 4507 602 4561 τοτὲ
615 4511 698 4574 αΕίΒ)
712 4508 726 4578 Η
741 4511 867 4562 συντάττει
884 4511 1008 4561 Romule:
1061 4509 1139 4578 κρίσει
1166 4510 1253 4580 μόνον,
1281 4510 1365 4570 άλλως
1390 4509 1413 4563 δ’
1435 4508 1492 4564 οῦτι
1514 4507 1639 4581 γίγνεσθαι
1660 4503 1711 4562 ούτ’

349 4598 432 4648 τάττει
450 4599 489 4648 αΕ
515 4593 529 4666 Η
552 4596 670 4648 ταυτδΕ
692 4595 705 4662 ΙΙ
729 4598 759 4649 12
779 4617 803 4650 v.
818 4597 923 4650 77—80
936 4599 974 4650 St.
995 4593 1008 4663 ΙΙ
1061 4595 1216 4651 ἀπόλλυσθαι
1233 4598 1297 4652 ἀλλὰ
1311 4597 1431 4668 διαμένειν
1444 4597 1509 4652 ἀίδια
1528 4595 1542 4666 ΙΙ
1561 4598 1595 4652 23
1614 4598 1713 4652 ἐνόντων

349 4685 406 4736 τοτὲ
434 4687 547 4738 Usener:
579 4683 635 4736 τότε
663 4686 809 4736 BDEsstF:
843 4681 931 4736 άλλοτε
953 4701 970 4736 α
995 4683 1009 4752 ΙΙ
1062 4687 1177 4738 Usener:
1196 4683 1276 4738 όντων
1295 4690 1369 4739 codd.
1390 4683 1454 4756 1124
1472 4685 1712 4757 γαρακτηριζομίνετ

349 4769 434 4824 πλέον’
450 4789 480 4826 αι
502 4770 790 4839 πλίονειιρετεειίριυα
810 4774 922 4824 mem
943 4769 956 4840 Η
979 4772 1010 4826 13
1062 4775 1112 4824 DE
1134 4772 1147 4840 ΙΙ
1167 4772 1257 4844 χρυσός
1275 4773 1331 4826 κτλ.
1362 4777 1422 4826 hine
1446 4776 1571 4842 Simplicii
1597 4782 1710 4840 excerp&

350 4861 423 4930 ήίρος
439 4861 528 4912 affl:
547 4857 619 4928 ἀέρος
631 4861 693 4910 ΒΕι
708 4855 807 4929 αίθίρος
820 4861 939 4911 Clemens
952 4849 966 4927 ΙΙ
980 4859 1011 4911 14
1063 4863 1171 4914 fortasse
1190 4867 1295 4930 propius
1319 4865 1353 4914 ad
1375 4863 1551 4929 Theophrasti
1572 4863 1710 4930 exemplum

350 4947 500 5000 ἀπάλαιστον
508 4947 607 5017 έκάστιρ
615 4951 682 4999 coni.
691 4950 798 5010 Usener,
807 4945 1011 4999 ιιιιίὸοἰιότάλαν-
1064 4951 1190 5001 accedunt
1207 4945 1222 5018 ΙΙ
1242 4947 1305 5002 πολδ
1325 4951 1449 5001 ΒΕΕ·Ε;
1467 4947 1531 5002 πολὺ
1549 4948 1578 5002 τὸ
1596 4967 1613 5002 α
1633 4947 1646 5019 ΙΙ
1665 4943 1711 5000 ἐστὶ

350 5052 393 5086 τον
406 5035 516 5104 ὁκόστιμι
534 5033 671 5087 ἀταἈαντον
684 5033 781 5104 ἁπάντη
796 5035 921 5100 (ίάπαντι)
940 5037 1011 5088 Sext.
1064 5037 1149 5087 DEF:
1169 5054 1219 5088 om.
1239 5056 1269 5090 ατ
1288 5040 1389 5090 εστι-επὶ
