3708 5732
332 359 374 422 96
709 361 746 408 VI
783 359 831 408 DE
852 359 1060 410 PLUTAROHI
1080 361 1168 409 VITA
1188 360 1331 410 HOMERI

331 529 383 611 τῆν
407 527 490 590 σκιάν
512 527 603 610 αὐτῆς
626 530 700 612 μήτε
715 530 765 597 τὰς
780 529 987 610 ἀναθυμιάσεις
1038 531 1117 592 τάτω
1140 529 1172 592 δν
1194 531 1242 592 καὶ
1265 531 1298 592 τδ
1315 530 1427 610 μάλιστ’
1447 529 1559 614 ἀπέχον
1574 535 1626 613 τῆς
1640 534 1695 612 γῆς

331 629 566 714 προσδεχόμενον
595 633 635 698 ῶς
662 632 821 714 ἀειλαμπὲς
849 632 896 694 καὶ
924 635 986 696 ὁλο·
1039 632 1086 694 καί
1123 635 1181 693 τῶν
1216 630 1246 699 ἐξ
1277 631 1367 714 αὐτῆς
1397 631 1621 714 ἀναθυμιάσεων
1653 635 1695 700 ῶς

330 733 444 814 λαμπὲς
472 731 600 814 ὄλυμπον
634 733 660 795 οἱ
698 734 813 795 παλαιοὶ
845 731 987 817 προσηγό-
1039 735 1106 797 όλον
1136 735 1268 817 λαμπρόν
1302 755 1388 818 φασιν
1423 731 1553 814 ὄλυμπον
1589 755 1695 817 προση-

332 855 446 918 ρευσαν.
468 839 553 897 τοῦτο
574 835 669 898 δὲκαὶ
685 835 720 897 δι’
736 835 832 898 αὐτῶν
848 837 985 917 δηλοῦται
1038 833 1204 918 γορεῦσθαι.

332 937 362 1000 έν
384 937 427 1006 οίς
449 958 521 1020 φησι
544 939 675 1001 τοιῶσδε·

375 1039 560 1121 οὔλυμπόνδ,
576 1039 625 1102 ὅθι
637 1039 707 1123 φασλ
724 1039 802 1102 θεῶν
816 1038 880 1108 ἕδος
895 1039 985 1123 ἀσφα-

858 1142 907 1210 λὲς
928 1141 987 1204 αἰεί

373 1241 505 1326 ἔμμεναι,
522 1243 581 1306 οὔτ’
598 1242 729 1326 ἀνέμοισι
744 1244 905 1307 τινάσσεται
920 1243 987 1306 οὔτε

795 1345 857 1408 ποτ’
881 1343 982 1429 ὄμβρῳ

373 1449 494 1527 δεύεται,
518 1449 585 1514 οόδὲ
607 1453 681 1534 χιῶν
699 1447 886 1524 ἐπικίδναται,
908 1448 983 1510 ἀλλά

804 1549 870 1631 μάλ’
893 1548 983 1632 αἴθρη

373 1653 514 1716 πέπταται
540 1653 708 1736 άννέφελος,
734 1653 823 1736 λευκὴ
845 1652 869 1736 δ’
892 1650 983 1715 ἐπιδέ-

761 1757 865 1838 δρομεν
887 1754 983 1838 αίγλη.

331 1859 444 1926 eodem
460 1857 587 1923 ratione
607 1856 780 1922 eonoinunt
801 1858 888 1923 ουλΙ
905 1859 945 1922 35
965 1865 996 1918 10
1019 1879 1050 1940 p.
1063 1858 1125 1922 748
1147 1877 1218 1922 eum
1238 1857 1323 1923 Plut.
1339 1878 1366 1923 ο.
1383 1859 1445 1922 124
1468 1856 1518 1944 γοί.
1535 1857 1638 1922 Lehre
1653 1856 1697 1922 de

330 1962 427 2026 Arist.
449 1982 479 2044 p.
496 1957 582 2046 86¹1,
605 1961 665 2026 eol.
687 1961 702 2024 Ι
725 1961 767 2024 25
789 1980 820 2042 p.
836 1961 900 2024 540
921 1959 1027 2024 minue
1048 1965 1198 2026 annotate
1220 1960 1396 2044 respondet
1418 1963 1586 2042 ο.104ιιιη.
1624 1958 1697 2024 eine

330 2063 429 2128 dubio
457 2083 497 2128 ex
520 2062 635 2128 eodem
657 2061 739 2127 libro
762 2061 864 2145 petito
886 2069 961 2126 sunt
976 2069 1130 2145 excerpto
1147 2061 1279 2128 Stobeei
1303 2064 1318 2128 Ι
1343 2067 1396 2127 11
1419 2067 1485 2148 pe
1508 2070 1542 2130 et
1555 2061 1696 2126 sortasse

330 2163 423 2228 florii.
446 2171 469 2228 t.
492 2167 530 2228 11
555 2173 598 2228 24.

417 2265 524 2332 Unum
557 2262 717 2332 exhibebo
751 2265 850 2347 poulo
882 2264 1090 2347 insigniorem
1125 2266 1244 2349 locum,
1281 2264 1401 2350 quippe
1434 2266 1487 2348 qui
1528 2265 1695 2347 utriusque

332 2367 498 2452 noiiptoiie
519 2367 553 2430 in
575 2365 778 2448 exeerpendo
801 2364 961 2432 diversam
985 2366 1142 2432 rationem
1164 2367 1291 2451 prodat.

491 2484 620 2552 Stob.1
644 2487 661 2548 1
686 2491 717 2544 10
740 2503 771 2566 p.
787 2485 830 2548 20
1278 2485 1361 2552 Plut.
1388 2487 1451 2552 145

374 2589 548 2674 Πυθαγόρας
566 2588 689 2670 πλείστῃ
710 2589 823 2670 σπουδῇ
838 2587 902 2671 περὶ
918 2589 985 2657 τοὺς
1037 2587 1136 2674 ἔχεται
1159 2591 1192 2652 δὲ
1213 2594 1265 2672 τῆς
1287 2590 1378 2674 αὐτῆς
1400 2589 1526 2672 θεωρίας
1548 2587 1596 2650 καὶ
1612 2588 1694 2670 ἀριθ-

333 2692 474 2776 ἀριθμοθς
497 2691 645 2776 ἐχρήσατο
671 2691 722 2758 τάς
748 2712 780 2752 τε
809 2695 868 2753 τῶν
898 2687 984 2775 ζῴων
1038 2693 1145 2774 μητιιιὴ
1168 2693 1216 2755 καὶ
1239 2693 1362 2776 μουσικὴ
1386 2691 1420 2760 ἀς
1447 2692 1495 2754 καὶ
1521 2689 1696 2774 Πυθαγόρας

330 2794 454 2875 γενέσεις
480 2793 585 2876 ἀνῆγεν
612 2792 653 2861 είς
683 2791 825 2876 ἀριθμοὺς
852 2793 899 2856 καὶ
926 2797 984 2856 τῶν
1037 2793 1232 2878 διαφερόντως
1254 2795 1437 2877 ἐτίμησεν..
1456 2795 1496 2854 .ό
1518 2792 1572 2875 γὰρ
1595 2790 1695 2855 Πυθα-

331 2894 460 2977 ἀστέρων
475 2894 527 2963 τὰς
541 2891 701 2977 περιόδους.
727 2891 769 2955 ἔτι
785 2894 817 2956 δὲ
832 2899 891 2964 τοῖς
906 2895 985 2964 θεοῖς
1036 2895 1123 2980 γόρας
1152 2897 1218 2966 τοὺς
1244 2897 1386 2980 ἀριθμοὺς
1413 2895 1548 2978 μεγίστην
1576 2894 1696 2976 δύναμιν

331 2997 497 3068 ἀπεικάζων
512 2995 728 3078 ἐπωνόμαζεν,Ι
753 2997 793 3064 ῶς
805 2993 985 3060 Ἀπόλλωνα
1037 2995 1116 3082 ἔχειν
1139 2999 1298 3082 ῆγοόμενος
1320 2999 1368 3062 καὶ
1387 3001 1480 3062 πάντα
1495 2997 1536 3066 είς
1551 2997 1697 3080 ἀριθμοὺς

332 3101 384 3182 μὲν
418 3099 470 3183 τὴν
508 3101 618 3182 μονάδα
648 3096 748 3172 οὖσαν,
779 3093 921 3181 Ἀρτεμιν
953 3099 985 3162 δὲ
1037 3100 1189 3185 ἀναφέρων
1210 3099 1269 3164 τῶν
1287 3123 1319 3164 τε
1337 3101 1450 3185 ἄστρων
1470 3100 1522 3168 τὰς
1540 3099 1693 3183 περιόδους

330 3203 490 3285 τὴνδυάδα
498 3243 621 3278 .....
641 3201 694 3282 τὴν
722 3200 754 3261 δὲ
776 3197 864 3268 ἑξάδα
888 3200 985 3282 Γάμον
1037 3203 1085 3265 καὶ
1114 3205 1172 3266 τῶν
1201 3201 1286 3288 ζῴων
1315 3203 1367 3271 τὰς
1392 3201 1526 3282 γενέσεις,
1555 3201 1607 3265 δύο
1639 3202 1694 3271 τὰς

331 3305 378 3367 καὶ
398 3303 592 3388 Ἀφροδίτην,
614 3303 666 3386 τῆν
690 3302 722 3364 δὲ
744 3302 892 3386 ἑβδομάδα
915 3301 985 3366 Και-
1038 3305 1178 3368 ἀνωτάτω
1193 3305 1288 3390 ἀρχὰς
1306 3304 1461 3388 ἐλάμβανε,
1475 3305 1528 3387 τὴν
1543 3305 1596 3386 μὲν
1612 3309 1697 3388 ῶρισ-

332 3408 380 3490 ρδν
407 3406 455 3468 καὶ
486 3405 637 3489 Ἀθηνᾶν,
664 3403 844 3489 Ἀσφαλειον
871 3406 903 3468 δὲ
931 3405 985 3468 Πο-
1038 3406 1126 3489 μένην
1153 3409 1265 3488 μονάδα
1289 3409 1341 3491 τῆν
1368 3405 1401 3468 δὲ
1434 3405 1568 3488 ἀόριστον
1601 3407 1696 3470 δυάδα

331 3510 457 3572 σειδῶνα
487 3509 539 3592 τῆν
566 3509 702 3591 δγδοάδα,
725 3508 773 3570 καὶ
798 3508 851 3592 τῆν
878 3509 986 3571 δεκάδα
1038 3510 1146 3584 καλῶν,
1172 3510 1225 3592 τῆν
1248 3509 1299 3590 μὲν
1322 3507 1441 3590 ἀγαθῶν
1462 3508 1515 3590 τὴν
1537 3508 1570 3570 δὲ
1593 3513 1694 3572 κακῶν

333 3610 516 3674 Παντέλειαν.
538 3609 627 3674 αὐτοῦ
643 3611 676 3672 δὲ
690 3611 775 3673 παλιν
790 3613 842 3672 τοῦ
858 3611 985 3694 ἀριθμοῦ
1038 3607 1126 3673 οὖσαν
1149 3611 1244 3695 ἀρχήν
1267 3651 1300 3668 ··
1317 3652 1326 3667 ·
1346 3609 1415 3672 ὅθεν
1437 3609 1485 3672 καὶ
1508 3613 1567 3672 τῶν
1590 3611 1697 3695 ἐφεξῆς

285 3773 291 3784 ,
330 3714 379 3776 τδν
413 3713 465 3794 μὲν
496 3711 592 3796 ἄρτιον
618 3714 723 3795 ἀτελῆ,
754 3714 851 3796 πλήρη
878 3713 911 3776 δὲ
937 3711 984 3774 καί
1038 3713 1171 3795 ἀριθμῶν
1186 3714 1235 3775 τδν
1252 3712 1303 3794 μὲν
1318 3711 1415 3795 ἄρτιον
1430 3711 1514 3774 ἐνδεᾶ
1529 3713 1577 3774 καὶ
1593 3713 1696 3796 ἀτελῆ,

331 3815 439 3878 τέλειον
466 3814 597 3900 ἀπέφηνε
624 3816 673 3878 τδν
700 3814 845 3899 περιττόν,
872 3813 915 3877 δτι
943 3837 985 3894 μι-
1037 3815 1086 3878 τδν
1116 3815 1148 3876 δέ
1176 3815 1310 3898 περισσόν
1332 3815 1431 3898 πλήρη
1452 3837 1484 3877 τε
1510 3815 1559 3876 καὶ
1585 3814 1696 3878 τέλειον

331 3917 467 4000 γνίιμενός
486 3941 517 3980 τε
531 3919 604 4001 πρὸς
618 3919 667 3980 τδν
686 3916 781 4001 ἄρτιον
803 3917 848 3979 ἀεὶ
863 3919 985 3978 ποιεῖται
1038 3917 1198 4001 ἀπέφηνεν,
1226 3917 1269 3980 ὅτι
1294 3915 1464 3998 μιγνύμενός
1490 3939 1521 3978 τε
1547 3917 1619 4000 πρὸς
1644 3917 1696 3978 τδν

331 4023 509 4104 περικρατεῖν
521 4021 570 4082 τδν
582 4018 611 4088 ἐξ
623 4019 731 4104 ἀμφοῖν
743 4018 888 4102 περισσόν,
903 4019 984 4103 αὐτῷ
1037 4017 1133 4102 ἄρτιον
1160 4019 1204 4082 ἀεὶ
1232 4020 1285 4103 τῆν
1313 4019 1418 4083 ἑαυτοῦ
1444 4018 1562 4100 δύναμιν
1588 4011 1697 4102 διασηί-

330 4146 362 4186 τε
381 4125 465 4186 παλιν
481 4121 681 4202 συντιθέμενος
700 4126 784 4204 γεννᾷ
806 4123 856 4184 τὸν
878 4119 985 4204 ἄρτιον,
1037 4125 1079 4193 ζει
1109 4125 1161 4184 τοῦ
1191 4124 1328 4204 περισσοῦ
1355 4121 1402 4184 καὶ
1430 4121 1460 4184 ἐν
1492 4121 1603 4190 τούτοις
1635 4121 1696 4184 ἐπι-

332 4225 398 4288 όδ’
421 4225 518 4308 ἄρτιος
540 4223 679 4288 οὐδέποτε
700 4225 748 4286 τόν
771 4222 921 4306 περισσόν,
945 4225 985 4292 ὡς
1037 4227 1217 4307 κρατοῦντος,
1240 4223 1379 4307 ἑαυτῷτε
1394 4221 1596 4305 συντιθέμενος
1609 4227 1694 4306 γεννᾷ

331 4326 365 4390 οδ
380 4327 495 4408 γόνιμος
511 4328 551 4390 ῶν
567 4326 636 4389 οὐδὲ
651 4323 729 4410 ἔχων
745 4325 863 4407 δύναμιν
879 4326 984 4408 ἀρχῆς.
1035 4325 1084 4387 τὸν
1106 4323 1211 4408 ἄρτιον·
1249 4325 1366 4407 γόνιμος
1394 4327 1448 4410 γάρ
1470 4326 1530 4389 ἐστι
1556 4326 1603 4388 καὶ
1630 4323 1695 4409 ἔχει

332 4429 408 4492 ὥστε
430 4429 460 4492 έν
475 4433 517 4514 τῷ
538 4427 710 4512 διαιρεῖσθαι
726 4427 796 4512 δίχα
810 4428 911 4490 πολλοὶ
927 4431 984 4489 τῶν
1037 4427 1155 4508 δύναμιν
1178 4428 1274 4512 ἀρχῆς
1296 4429 1344 4490 καὶ
1367 4429 1502 4512 διαίρεσιν
1526 4427 1578 4490 οίικ
1601 4427 1695 4489 έπιδέ·

331 4531 437 4615 ἀρτίων
459 4531 499 4600 εἰς
521 4531 673 4615 περισσοὺς
693 4531 745 4614 τῆν
766 4530 900 4594 ἀνάλυσιν
915 4533 984 4612 λαμ·
1037 4553 1119 4614 χεται
1143 4529 1187 4592 ἀεὶ
1210 4535 1262 4614 τῆς
1285 4531 1408 4612 μονάδος
1427 4531 1457 4592 ἐν
1479 4531 1560 4614 αὐτῷ
1583 4528 1696 4613 περιού-

404 4775 410 4806 ¹
430 4775 446 4828 5
465 4772 648 4842 ἐπονομάζομεν
667 4771 713 4840 NJ
729 4775 744 4828 9
763 4774 806 4826 καὶ
821 4771 963 4826 Ποσειδῶνα
983 4777 1108 4826 scribebat
1128 4775 1249 4826 Meineke
1265 4773 1277 4843 Η
1295 4773 1326 4828 13
1345 4773 1457 4844 ἀπέφηνε
1475 4784 1542 4826 reete
1561 4777 1595 4826 F:
1615 4776 1695 4838 vulgo

332 4863 476 4933 ἀπεφήνατο
502 4880 535 4915 ex
558 4865 704 4926 Augustani
727 4865 927 4928 interpolatione
943 4861 955 4930 λΙ
971 4862 1004 4914 20
1023 4861 1108 4913 άλυσιν
1126 4863 1147 4912 F
1166 4859 1178 4926 Η
1201 4860 1232 4912 θλ
1257 4858 1388 4920 έξκαίδειια
1410 4865 1443 4914 F:
1473 4879 1538 4914 τοι-τ.
1563 4865 1665 4913 Heeren
1679 4861 1692 4924 i!

332 4949 365 5002 24
378 4957 451 5002 πᾶσιν
469 4953 489 5002 F
504 4949 517 5019 [γ
533 4949 566 5001 34
585 4949 621 5006 ὡς
639 4947 669 5000 ἄν
688 4951 721 5000 in
742 4947 777 5005 ῶς
795 4947 827 5016 δὴ
846 4951 966 5001 Meineke
982 4947 994 5016 ,λ
