3756 5736
327 383 390 448 20³2
600 387 666 436 xv1
701 387 750 436 DE
770 387 872 436 ΑΕΤΙΙ
890 387 1128 438 PLACITORUM
1147 385 1420 438 COMPOSlTIONE

414 552 543 622 Saecnli
573 554 621 620 sul
648 574 769 620 morem
793 555 924 637 egregie
946 555 1113 639 perspexit
1134 555 1252 639 Varro,
1282 573 1354 618 cum
1375 551 1422 618 sic
1442 554 1599 636 aequales
1620 553 1689 637 phi-

329 654 484 740 losophos
506 656 667 722 incusavit
689 653 838 742 [sentent.
856 657 948 722 Varr.
975 678 1006 740 p.
1022 658 1097 740 266,
1112 657 1154 724 28
1174 653 1297 744 Riese]:
1320 676 1357 720 eo
1377 657 1471 720 bodie
1490 658 1690 738 pbilosophis

325 759 508 839 perducitur
530 772 563 824 ut
577 762 742 842 proeclore
763 760 923 824 nobiscum
946 771 1059 842 opotur
1073 764 1102 824 si
1124 763 1158 824 in
1178 761 1227 824 liis
1249 768 1379 824 motois
1401 762 1608 824 consumimus
1631 781 1688 824 ec-

326 862 479 940 ponendis
507 864 617 946 quibus
644 863 765 944 antiqui
791 881 869 926 suoe
888 865 1062 946 portionem
1091 862 1327 927 commodabant
1353 864 1563 928 comecendis.
1595 883 1689 944 opum

328 964 419 1025 mello
447 968 643 1044 comedimus,
669 985 731 1028 non
758 967 820 1047 ipsi
848 967 1001 1045 sommus!
1029 985 1069 1032 ac
1097 984 1140 1032 ne
1165 964 1250 1032 ferte
1271 969 1367 1049 putes
1393 965 1480 1031 intra
1501 965 1589 1032 solos
1610 965 1690 1032 Var-

328 1085 425 1132 rones
452 1067 624 1135 Cicerones
654 1069 750 1134 Arios
776 1067 889 1134 Abtios
915 1069 996 1134 illud
1023 1067 1164 1134 studium
1185 1067 1359 1152 contineri,
1385 1085 1483 1132 unum
1510 1087 1606 1151 quern
1630 1067 1688 1134 illc

329 1169 458 1234 saeculo
481 1190 588 1236 norae
611 1177 719 1236 sectae
743 1170 877 1238 credunt
900 1171 1099 1238 conditorem
1114 1169 1410 1238 Aenesidemnm
1431 1169 1538 1254 ipsum
1560 1189 1690 1254 quoqne

327 1269 469 1352 priorum
491 1272 609 1338 scrinia
632 1272 824 1358 compilasse
847 1279 880 1338 et
902 1273 1141 1340 contaminasse
1163 1271 1391 1357 potiusquam
1412 1291 1500 1338 nova
1522 1273 1689 1358 peperisse

327 1372 567 1441 demonstrabo.
598 1376 656 1442 sed
676 1395 716 1442 ea
731 1381 856 1442 tantum
871 1375 1042 1460 attingam,
1064 1395 1148 1460 quae
1164 1395 1236 1442 cunr
1251 1373 1385 1442 Placitis
1407 1375 1592 1441 necessario
1614 1381 1690 1441 sunt

330 1474 458 1540 vinculo
482 1477 662 1544 coniuncta.

412 1578 606 1646 Notissimus
629 1587 678 1646 est
701 1581 882 1646 Platonis
903 1582 937 1646 in
960 1580 1137 1647 Phaedone
1158 1581 1249 1646 locus
1270 1602 1302 1666 p.
1319 1583 1388 1646 cce
1410 1579 1467 1646 ubi
1481 1579 1689 1664 Empedoclis

326 1679 538 1748 Anaximenis
564 1684 616 1748 vel
639 1683 797 1768 Diogenis
818 1683 974 1749 Heracliti
996 1683 1204 1749 Alcmaeonis
1227 1681 1278 1770 [cs.
1300 1683 1410 1750 Himel
1425 1684 1534 1750 Hem.
1550 1683 1598 1748 XI
1614 1679 1689 1769 241]

326 1779 368 1846 de
389 1782 498 1849 anima
520 1783 652 1851 decreta
675 1785 929 1870 comprehendit.
964 1787 1012 1850 nod
1035 1786 1156 1871 πότερον
1183 1787 1216 1850 τὸ
1238 1786 1313 1870 αἷμά
1336 1787 1412 1851 ἐστιν
1435 1785 1461 1873 ᾦ
1484 1790 1646 1871 φρονοῦμεν
1669 1786 1689 1868 ἡ

327 1887 343 1948 ὁ
366 1885 424 1969 ἀὴρ
454 1911 473 1970 η
502 1888 534 1950 τὸ
563 1893 620 1972 πῦρ
649 1890 669 1972 ἢ
695 1889 805 1954 τούτων
834 1890 886 1972 μὲν
908 1888 1008 1964 οὐδέν,
1036 1891 1051 1951 ὁ
1080 1889 1113 1952 δὲ
1139 1889 1299 1974 ἐγκέφαλός
1326 1890 1403 1954 ἐστιν
1427 1892 1443 1953 ὁ
1464 1890 1516 1959 τὰς
1537 1888 1689 1972 αἰσθήσεις

328 1988 467 2072 παρέχων
490 1994 540 2052 τοῦ
568 1993 683 2057 ἀκούειν
712 1993 760 2056 καὶ
788 1995 857 2078 ὁρᾶν
884 1993 932 2055 καὶ
959 1990 1177 2076 ὀσφραίνεσθαι,
1204 1991 1238 2054 ἐκ
1259 1993 1369 2056 τούτων
1391 1993 1425 2056 δὲ
1445 1991 1566 2074 γίγνοντο
1589 1993 1689 2075 μνήμη

329 2089 377 2151 καὶ
401 2088 486 2168 etta,
513 2093 546 2156 ἐκ
573 2094 605 2156 δὲ
628 2097 745 2179 μνήμης
773 2095 822 2158 καὶ
850 2093 935 2177 δόξης
960 2093 1107 2178 λαβούσης
1133 2095 1166 2157 τὸ
1193 2096 1311 2180 ἠρεμεῖν
1333 2095 1408 2159 κατὰ
1429 2099 1520 2158 ταῦτα
1541 2093 1689 2177 γίγνεσθαι

330 2193 501 2277 ἐπιστήμην.
547 2201 614 2262 tum
636 2197 879 2263 Aristoteles
905 2196 1095 2282 ampliorem
1118 2201 1264 2262 veterum
1285 2202 1494 2281 conspectum
1516 2196 1558 2261 de
1579 2195 1690 2262 anima

328 2295 383 2360 12
411 2295 588 2380 proposuit
628 2298 687 2364 sed
713 2297 755 2364 ab
785 2305 922 2382 utraque
949 2300 1076 2366 ratione
1108 2300 1322 2385 posteriorum
1356 2298 1528 2366 curiositas
1555 2299 1689 2364 multum

329 2396 437 2463 distat.
471 2399 549 2464 audi
573 2399 802 2468 Ciceronem
825 2400 858 2466 in
881 2401 1073 2468 Tusculanis
1094 2402 1110 2467 I
1133 2403 1154 2468 9

372 2508 404 2561 18
440 2501 519 2564 Sunt
541 2505 622 2566 enim
645 2507 697 2586 prii
719 2505 889 2567 discessum
912 2507 1008 2568 animi
1029 2525 1051 2568 o
1073 2525 1206 2587 corpore
1226 2515 1332 2586 putent
1353 2525 1421 2569 esse
1441 2513 1577 2569 mortem.

369 2613 439 2665 sunt
470 2609 523 2686 qui
554 2607 672 2669 stultum
694 2615 838 2669 censeant
866 2609 935 2686 fieri
963 2608 1131 2672 discessum
1164 2611 1220 2672 sed
1251 2629 1315 2694 uno
1348 2611 1483 2673 ocimum
1516 2617 1545 2671 ct
1577 2628 1691 2689 corpus

329 2708 470 2770 occidere
491 2712 684 2791 animumque
714 2714 746 2774 in
775 2730 905 2790 corpore
933 2712 1080 2790 ectinpui.
1126 2715 1178 2793 qui
1209 2711 1368 2775 discedere
1395 2713 1532 2776 animum
1558 2720 1691 2788 cessent,

330 2811 387 2870 aiii
407 2815 510 2874 stetim
534 2814 685 2894 dissipari
707 2815 764 2876 olii
786 2815 840 2875 din
861 2831 1045 2893 permonere
1067 2815 1125 2877 olii
1145 2834 1275 2896 semper.
1311 2813 1363 2896 [cf.
1389 2813 1511 2879 Comm.
1534 2813 1689 2880 Barnous.

330 2931 428 2995 supra
451 2933 482 2996 p.
501 2915 586 2996 raa]
1031 2905 1032 2910 ἵ

374 3020 447 3098 quid
468 3021 509 3080 sit
529 3038 627 3098 porro
649 3021 716 3100 ipse
739 3021 860 3081 citimus
882 3029 935 3080 out
957 3019 1010 3080 ubi
1032 3027 1087 3080 ont
1108 3022 1200 3096 unde,
1223 3039 1337 3102 moprro
1359 3023 1513 3106 disseruip
1536 3029 1590 3082 cst.

373 3122 463 3182 otiis
486 3141 541 3184 cor
562 3124 664 3201 ipsum
685 3125 807 3184 animus
828 3122 950 3184 ridetur
974 3169 980 3181 .
1006 3167 1013 3182 .
1039 3167 1047 3182 .

376 3229 407 3282 lb
444 3223 690 3303 Empedocles
712 3225 847 3286 ocimum
870 3242 936 3286 esse
958 3231 1059 3285 cersset
1081 3225 1170 3286 cordi
1191 3223 1342 3306 suffusum
1363 3227 1552 3306 sonprrinem.

374 3326 467 3389 oliis
487 3346 565 3407 pors
588 3329 741 3407 qnoedom
763 3327 881 3391 cerebri
902 3329 972 3389 oisc
993 3337 1037 3389 est
1060 3328 1156 3388 ocimi
1176 3329 1387 3409 principatum
1409 3336 1520 3393 tenere.

373 3431 461 3491 otiis
477 3451 534 3492 nec
549 3451 603 3494 cor
618 3433 719 3510 ipsum
733 3432 835 3511 placet
850 3450 906 3493 nec
921 3430 1041 3492 cerebri
1056 3429 1212 3510 quandem
1224 3440 1346 3511 portem
1360 3451 1428 3493 esse
1442 3433 1577 3494 ursinum
1593 3433 1649 3494 sed

372 3533 441 3594 olii
463 3534 495 3594 in
518 3536 623 3610 corde,
646 3535 718 3598 clii
739 3536 773 3596 in
795 3534 922 3596 cerebro
945 3534 1091 3596 dicerunt
1114 3535 1211 3595 orsimi
1231 3551 1298 3595 esse
1318 3535 1421 3596 sedem
1443 3544 1472 3597 et
1494 3535 1603 3600 locum.

372 3633 514 3696 Animum
542 3647 642 3700 cutem
672 3639 729 3700 olii
759 3639 895 3702 unimam
924 3645 955 3697 ut
984 3636 1051 3715 fere
1078 3637 1186 3698 nostri.
1231 3637 1372 3698 declaret
1401 3656 1517 3700 nomen.
1563 3657 1635 3700 nom
1663 3647 1691 3700 ct

329 3753 422 3813 opere
450 3740 585 3801 onimom
613 3749 641 3802 et
663 3739 771 3820 efflare
794 3739 944 3812 dicimus;
970 3741 1037 3818 ipse
1059 3747 1160 3801 cutem
1180 3740 1302 3801 onimus
1324 3739 1364 3801 ob
1387 3743 1493 3804 onimo
1514 3741 1615 3803 dictus
1637 3749 1690 3802 est.

373 3837 522 3902 Zenoni
543 3842 649 3904 Stoico
672 3845 794 3905 coimus
816 3843 897 3922 ipsuis
918 3841 1048 3904 uidetur.

414 3940 451 4004 Χ.
494 3945 551 4005 scd
576 3945 653 4007 boec
682 3945 804 4027 quidem
831 3963 911 4027 quoe
932 3944 1002 4006 disi
1030 3963 1085 4006 cor
1112 3945 1269 4008 cerebrum
1296 3947 1432 4008 ommam
1462 3947 1562 4026 iprseos
1590 3947 1691 4027 culpo.

329 4043 451 4123 reliqna
477 4047 545 4126 sere
566 4049 690 4128 sinpuli,
713 4058 744 4110 ut
770 4049 864 4110 mrtlto
886 4055 957 4109 onte
978 4055 1106 4124 oeteres,
1134 4049 1276 4128 proxime
1298 4058 1400 4110 cutem
1431 4048 1692 4111 Aristoxenus

329 4149 465 4210 musicos
486 4151 626 4233 idemmn
646 4151 848 4232 pbilosoplms
869 4150 969 4230 ipsius
991 4151 1134 4232 corporis
1155 4152 1352 4214 intentionem
1381 4151 1537 4232 quondum
1558 4151 1639 4214 oclot
1661 4151 1694 4212 in

330 4264 422 4316 contu
450 4263 478 4317 et
505 4254 617 4332 fidibus
645 4273 724 4335 quoe
751 4253 916 4315 harmonio
943 4253 1066 4316 dicitur.
1111 4255 1158 4315 sic
1185 4273 1224 4314 ec
1246 4256 1390 4335 corporis
1410 4255 1505 4316 totius
1526 4261 1643 4316 naimo
1665 4262 1694 4316 et

328 4359 430 4438 fiper-o
452 4360 560 4420 corios
582 4366 681 4420 motos
703 4359 780 4420 cieri
802 4365 957 4437 tomqucm
972 4358 1003 4417 in
1019 4365 1112 4418 contu
1126 4375 1230 4418 sonos.
1275 4357 1331 4418 20.
1365 4355 1414 4418 liic
1430 4355 1470 4418 ob
1486 4357 1621 4436 artificio
1635 4375 1693 4418 suo

329 4479 392 4523 non
413 4463 541 4524 recessit
563 4471 590 4522 et
612 4469 713 4523 tomen
736 4461 816 4521 dtott
838 4459 959 4540 oiiqnid
981 4459 1065 4539 quod
1085 4461 1186 4538 ipsum
1208 4461 1300 4540 quote
1321 4469 1398 4521 essct
1421 4468 1489 4521 mot
1510 4459 1605 4522 multo
1622 4465 1694 4521 onte

329 4573 358 4626 et
380 4565 494 4626 dictum
517 4573 544 4626 et
566 4564 767 4643 explanatum
790 4581 812 4624 u
834 4562 1002 4624 Plutone.

416 4667 650 4730 Xenocrates
672 4667 768 4727 animi
789 4666 920 4744 tipurom
945 4673 974 4726 ct
997 4667 1087 4746 quasi
1110 4685 1224 4745 corpus
1245 4667 1368 4746 seponit
1391 4683 1457 4727 esse
1479 4683 1602 4726 oerum:
1632 4685 1694 4726 nu-

330 4791 445 4833 merum
462 4772 541 4834 dicit
556 4789 622 4832 esse
644 4770 733 4831 cuius
748 4770 795 4830 cis
817 4777 850 4828 ut
872 4769 936 4828 ium
959 4777 1029 4830 onte
1051 4767 1290 4849 Pythoporoc
1311 4769 1410 4829 onum
1433 4776 1499 4829 erot
1521 4769 1554 4828 in
1577 4777 1694 4831 notura

263 4931 271 4941 .
331 4894 479 4937 mosumo
502 4883 590 4936 esset.

419 4981 484 5040 eins
513 4978 621 5038 doctor
645 4977 762 5037 Ptolo
786 4974 936 5056 triplicem
958 4975 1048 5054 finxit
1077 4973 1213 5036 oninium
1236 4974 1323 5035 euius
1342 4973 1555 5054 principatum
1585 4975 1619 5034 id
1650 4983 1693 5038 cst
