3756 5736
322 403 386 467 250
612 407 704 454 XVIII
741 406 791 454 Da
812 405 949 454 (sunum
969 403 1141 454 HISTORIA
1160 403 1390 455 PHILOSOPHA

322 573 513 656 praesertim
536 573 643 638 Moelri
666 592 780 656 parum
804 577 987 656 opportuna
1002 570 1132 637 mentio.
1163 575 1291 636 constat
1305 571 1391 636 enim
1406 571 1440 635 in
1456 572 1587 656 reliquis
1603 593 1686 639 sana

322 672 483 759 quaedam
511 675 655 740 brevitas
681 695 765 757 quae
793 695 814 740 a
846 674 985 740 verbosa
1016 672 1253 756 disceptatione
1283 679 1316 740 et
1344 672 1531 758 opinionum
1559 682 1685 741 contro-

322 778 429 844 versia
457 779 620 844 abhorret.
663 778 788 842 accedit
819 777 993 842 memoriae
1020 795 1123 860 parva
1151 775 1241 840 fides.
1288 775 1444 842 Heracliti
1474 797 1546 862 aer,
1580 778 1687 862 quode

323 881 447 964 pridem
469 880 699 946 dubitaverunt
721 879 781 943 viri
805 879 891 944 docti
915 875 1063 964 [Krische
1085 877 1392 962 petronellam
1413 881 1503 963 aaa
1526 880 1685 947 Sohuster

324 1006 353 1067 p.
373 982 456 1070 lbll,
479 984 565 1049 unde
588 982 703 1048 ductus
719 981 770 1065 sit,
793 981 969 1047 seeundum
984 999 1025 1045 ea
1046 999 1131 1063 quae
1146 1001 1177 1063 p.
1193 980 1258 1044 210
1279 979 1383 1064 docui,
1406 980 1547 1046 dubitari
1563 984 1685 1068 nequit.

323 1085 528 1150 Aenesidemi
558 1089 666 1149 autem
693 1082 849 1148 memoria
876 1081 919 1148 ab
941 1102 980 1148 eo
1009 1081 1090 1148 libro
1118 1102 1181 1166 quo
1210 1081 1355 1148 Galenus
1378 1103 1455 1148 usus
1482 1089 1532 1150 est
1554 1085 1686 1152 minime

323 1187 464 1270 sceptioo
497 1187 606 1252 aliena
642 1191 700 1251 est.
753 1184 864 1266 quidni
895 1204 934 1249 ex
970 1183 1152 1250 maturioris
1184 1182 1331 1250 leetionis
1363 1182 1519 1250 fructibus
1546 1186 1686 1269 priorem

323 1289 587 1372 pbilosophorum
618 1287 780 1352 dolentum
808 1286 938 1352 auxisse
964 1285 1136 1368 alienaque
1162 1285 1328 1351 intorsisse
1350 1286 1484 1352 Sextum
1512 1291 1687 1370 putamus?

323 1412 383 1474 ego
407 1391 536 1474 quidem
562 1389 640 1472 quid
664 1389 771 1452 obstet
794 1407 859 1452 nou
875 1387 980 1470 video,
1004 1407 1075 1452 eum
1093 1387 1284 1470 praesertim
1298 1389 1481 1470 dogmatica
1496 1396 1570 1473 post
1585 1391 1686 1476 hypo.

323 1501 456 1578 typoses
489 1501 521 1560 et
549 1513 590 1559 ex
619 1489 805 1556 melioribus
833 1489 922 1552 libris
949 1495 1101 1554 contexta
1128 1509 1201 1556 esse
1222 1497 1381 1574 appareat
1403 1490 1456 1573 [os.
1479 1493 1516 1556 E.
1540 1493 1687 1576 Pappen-

323 1596 408 1661 heim
436 1597 477 1662 de
501 1595 592 1660 Sexti
616 1595 652 1659 E.
676 1592 836 1656 librorum
858 1611 993 1656 numero
1021 1597 1054 1656 et
1076 1592 1189 1658 ordine
1211 1591 1317 1659 Berol.
1343 1594 1426 1658 1874
1452 1615 1484 1677 p.
1501 1596 1565 1678 151,
1603 1595 1687 1661 iuter

321 1719 402 1781 quos
423 1697 483 1761 fuit
498 1695 745 1762 Aenesidemus.
780 1715 846 1760 una
869 1715 948 1760 sane
971 1694 1062 1759 Idaei
1084 1693 1240 1759 memoria
1261 1695 1473 1761 intermortua
1493 1696 1592 1760 altius
1614 1705 1686 1762 erat

323 1799 516 1883 repetenda,
539 1804 648 1866 cetera
671 1803 703 1864 et
725 1797 778 1862 vel
799 1795 908 1862 Mochi
930 1795 1104 1862 Phoenicis
1125 1794 1213 1860 fama
1234 1795 1484 1881 haudquaquam
1507 1797 1655 1864 obscura.
1678 1799 1685 1828 ¹

324 1901 431 1968 omnia
459 1901 556 1984 igitur
592 1899 725 1966 alterius
754 1899 816 1964 loci
848 1897 1025 1982 peculiaria
1057 1897 1259 1962 vindicamus
1290 1898 1381 1964 Sexti
1408 1899 1533 1966 iteratis
1560 1898 1686 1966 euris*

323 2003 439 2088 quibus
461 2003 573 2068 roaisio
600 2002 762 2068 simillima
788 2001 868 2066 fiunt
889 1999 1008 2066 Galeni
1031 1999 1187 2082 Sextique
1209 2001 1419 2083 exemplaria.
1457 2002 1543 2068 unde
1566 2010 1686 2084 quanto

323 2126 421 2190 opere
436 2105 499 2170 siut
515 2105 650 2188 pristino
667 2103 843 2188 exemplari
860 2102 1045 2185 mancipati,
1060 2101 1130 2166 iure
1145 2101 1282 2166 mireris.
1307 2108 1417 2170 tamen
1433 2110 1466 2170 et
1477 2111 1607 2188 poterat
1617 2103 1687 2170 fieri

323 2215 358 2272 ut
386 2227 463 2272 casu
490 2207 603 2272 eadem
632 2207 791 2289 utrimque
819 2205 1043 2272 omitterentur·
1072 2209 1105 2268 et
1127 2202 1267 2270 fortasse
1288 2202 1410 2270 fautum
1434 2213 1494 2272 est.
1532 2206 1689 2288 singulari

324 2309 408 2374 enim
436 2308 567 2374 fortuna
596 2309 745 2392 contigit,
772 2315 808 2372 ut
835 2312 984 2390 quartum
1012 2306 1194 2388 exemplum
1217 2305 1332 2372 eodem
1354 2309 1451 2374 modo
1474 2307 1686 2392 compositum

323 2411 381 2475 sed
410 2411 507 2493 paulo
535 2411 661 2474 auctius
689 2410 835 2475 conferre
861 2408 982 2474 liceret.
1022 2407 1108 2490 quod
1138 2414 1352 2474 monstratum
1379 2411 1455 2476 olim
1483 2431 1505 2476 a
1536 2409 1686 2494 Fabricio

323 2533 408 2576 nuno
424 2512 574 2577 enodatis
589 2511 831 2577 difficultatibus
846 2511 984 2594 prodeat
999 2529 1136 2576 caussae
1152 2509 1348 2576 diiudicatae
1362 2512 1456 2578 testis
1471 2511 1686 2594 gratissimus.

323 2620 432 2680 exstat
459 2614 492 2678 in
515 2613 846 2680 Pseudo-Clementis
872 2612 1173 2696 Recognitionibus,
1207 2631 1288 2694 quas
1314 2633 1335 2678 a
1357 2612 1471 2678 Rufino
1499 2613 1687 2696 Aquileensi

325 2715 515 2800 presbytero
550 2717 650 2780 latine
685 2733 829 2798 versas,¹
847 2722 986 2780 exeunte
1019 2716 1148 2780 saeculo
1177 2737 1207 2798 p.
1232 2714 1306 2780 Chr.
1334 2716 1437 2780 altero
1465 2716 1589 2782 Rornae
1615 2737 1687 2782 eon·

324 2817 462 2902 scriptas
490 2837 562 2882 esse
589 2816 669 2882 satis
695 2823 823 2882 constat
846 2817 897 2903 [cf.
921 2818 1071 2884 Uhlhorn
1093 2818 1134 2883 de
1157 2817 1313 2885 Clement.
1337 2819 1429 2883 Rom.
1453 2818 1560 2884 homil.
1585 2825 1618 2884 et
1641 2837 1687 2883 re

325 2939 418 3001 cogn.
442 2920 531 2985 Gott.
556 2916 661 3004 1854}
1097 2959 1105 2970 -

222 3026 232 3036 “
524 3021 623 3087 Olem.
641 3020 718 3084 VIII
737 3021 777 3084 15
1005 3036 1008 3108 l
1196 3021 1285 3088 Sext.
1304 3024 1340 3088 P.
1356 3023 1395 3086 H.
1414 3023 1519 3086 11130

368 3129 558 3188 Graecorum
588 3123 765 3205 philosophi
796 3123 834 3186 da
856 3127 981 3204 priuci-

324 3229 386 3306 pbr
409 3229 515 3290 murrdr'
538 3234 719 3308 quaerentes
742 3226 824 3288 aliua
839 3229 906 3290 alia
928 3231 981 3290 ia-

325 3333 416 3393 ceoar‘t
452 3333 514 3394 ola.
578 3331 710 3409 dentque
745 3327 981 3410 Pylbaporas
1006 3378 1008 3389 .
1033 3331 1060 3392 ol
1084 3330 1116 3392 δὲ
1138 3330 1202 3412 περὶ
1226 3329 1435 3413 Πυθαγόραν
1457 3330 1524 3398 τοὺς
1545 3331 1687 3413 ἀριθμούς

324 3433 472 3496 elemento
497 3434 724 3514 priucipr'orum
750 3451 893 3496 nameus
916 3453 981 3496 esee
1504 3433 1509 3442 '

324 3537 409 3612 dicit,

347 3638 619 3702 Callistralas³
644 3639 819 3720 qualitales,
1033 3636 1199 3720 Στράτων
1222 3637 1255 3698 δὲ
1277 3637 1428 3720 opaeum(
1446 3636 1497 3706 τὰς
1519 3636 1674 3720 ποιότητας

346 3741 544 3804 Alcmaeon
567 3742 814 3813 contrarietates,

348 3843 657 3905 Anaximandrua
679 3843 922 3914 immensitatem
1029 3839 1314 3924 Ἀναξίμανδρος
1337 3841 1449 3904 δὲ
1472 3842 1505 3904 τὸ
1529 3840 1646 3924 ἄπειρον

347 3946 598 4024 Arraaayoras
617 3946 820 4024 aequalitates
833 3945 980 4023 partiam,
1029 3942 1265 4027 Ἀναξαγόρας
1288 3943 1320 4005 δὲ
1344 3984 1401 4002 ··.
1425 3943 1625 4027 ὁμοιομερείας

347 4047 534 4128 Εραῗοννοα
557 4057 685 4121 atomos,
1032 4045 1212 4129 Δημόκριτος
1234 4043 1267 4106 δὲ
1289 4041 1549 4129 ναὶἘπίκοορος
1565 4046 1691 4126 ἀτόμους

349 4150 541 4212 Diodorus
573 4151 668 4232 ἀμερῆ
695 4149 753 4208 boc
784 4155 829 4209 ost
863 4167 903 4209 eo:
933 4149 981 4210 uic
1033 4147 1207 4229 Διόδωρος
1227 4147 1260 4210 δὲ
1280 4147 1295 4208 ὁ
1317 4146 1484 4229 ἐπικληθεὶς
1500 4145 1611 4231 Κρόνος
1626 4149 1689 4210 ἐλαί-

368 4254 400 4312 ia
424 4253 531 4332 quibua
553 4260 662 4332 portes
685 4271 748 4314 uon
770 4257 853 4325 auru,
1055 4270 1142 4333 χιστα
1165 4249 1213 4310 καὶ
1236 4249 1331 4332 ἀμερῆ
1356 4249 1479 4331 σώματα

326 4387 416 4396 .-..-.
434 4391 648 4396 -.-..-..-.--..-
659 4392 666 4396 .
680 4392 687 4397 .

399 4454 404 4484 ¹
425 4457 455 4505 cf.
473 4457 574 4506 Fabric.
587 4458 621 4506 ad
633 4457 706 4509 Sexti
719 4460 735 4507 l.
755 4476 780 4522 p.
792 4455 840 4510 621
862 4460 902 4508 cni
915 4459 1027 4510 addendi
1045 4467 1105 4510 aunt
1122 4461 1173 4510 loci
1186 4460 1282 4508 Laertii
1302 4473 1417 4524 prooem.
1434 4456 1445 4507 l
1467 4453 1521 4521 [nbi
1534 4459 1620 4522 inepte
1634 4459 1689 4506 rul-

325 4551 399 4604 gatur
412 4547 519 4606 antiquo
533 4537 703 4613 errore'llpor
722 4561 769 4610 pro
784 4541 904 4613 Μῶχον],
923 4548 1054 4596 Damascii
1072 4547 1103 4594 de
1117 4548 1195 4610 princ.
1215 4563 1239 4610 p.
1253 4543 1313 4607 385,
1333 4547 1434 4610 Ampel.
1447 4546 1491 4594 lib.
1504 4559 1610 4594 memor.
1625 4545 1651 4592 Il
1666 4543 1691 4594 7.

397 4627 407 4660 ²
426 4633 593 4680 certissimum
613 4635 791 4682 testimonium
810 4635 869 4683 inde
890 4635 1002 4696 capitur,
1026 4633 1191 4696 quodetiam
1209 4634 1311 4682 tertium
1330 4634 1356 4682 X
1375 4629 1426 4682 313
1452 4633 1541 4680 similis
1560 4633 1691 4692 catalogus

324 4725 430 4782 apparet
448 4717 490 4780 (cl.
510 4734 590 4782 supra
608 4735 632 4782 p.
654 4718 698 4779 91)
719 4721 766 4769 sed
786 4721 882 4770 mixtae
901 4728 927 4768 et
945 4721 987 4769 ille
1005 4721 1165 4770 eruditionis.
1195 4719 1305 4770 indeed
1324 4715 1437 4772 1x361.
1451 4717 1502 4772 362
1521 4718 1692 4782 Xenophanis

324 4805 544 4870 Empedoullsque
565 4821 652 4854 versus
670 4815 817 4857 manarunt.

396 4889 538 4956 ³corrupti
566 4888 677 4941 nominib
702 4893 809 4943 alteram
833 4901 931 4958 partem
955 4888 1074 4962 Στράτων
1096 4909 1150 4944 esse
1177 4901 1285 4944 constat.
1324 4887 1392 4942 Calli
1415 4907 1447 4942 ex
1470 4892 1599 4956 prioribus
1621 4892 1692 4941 velut

327 4973 473 5046 όΙνόα-ρόρας
492 4977 523 5026 τὰ
542 4983 594 5027 τῶν
613 4978 702 5048 ἀρχῶν
723 4983 833 5048 στοιχεῖα
852 4977 972 5048 ἀριθμοὺς
990 4978 1081 5032 καλεῖ
1098 4981 1226 5032 residuum
1246 4981 1370 5032 videatur.
