3708 5738
8 2112 213 2150 w
228 2127 232 2130 ·

337 407 401 473 486
635 405 891 460 THEOPHRASTI
909 405 1048 458 PHYSIC.
1068 405 1228 457 OPINION.
1248 403 1302 455 FB.
1318 403 1358 454 ll.
1375 401 1405 454 12

337 580 460 665 χάριν,
483 584 529 650 ύς
550 581 613 644 καὶ
635 583 708 649 τοῖς
730 579 972 663 διαγράμμασι
995 575 1346 660 παρακολουθοῦμεν
1369 574 1584 657 γινομένοις’
1612 577 1708 659 φησί·

333 681 438 764 ’πλὴν
461 681 545 754 ἴσως
568 684 587 768 ἡ
609 682 747 766 γένεσις
769 679 836 766 οὐχ
859 681 991 762 ὁμοίως
1013 677 1090 764 ἔχει
1112 679 1176 743 καὶ
1199 677 1256 741 ἐπὶ
1278 681 1346 740 τῶν
1369 676 1678 760 διαγραμμάτων’.

999 967 1016 1030 1

376 1073 495 1138 [Philo]
513 1067 726 1140 περλ’άφθαρσίας
744 1069 840 1138 κόσμου
859 1087 895 1120 cc.
906 967 1054 1136 23-27212
1066 1067 1124 1131 510,
1135 1065 1402 1133 11-516,20Mang.
1421 1065 1710 1132 264‚3—276‚713em.

288 1179 330 1243 23
425 1175 658 1259 Θεόφραστος
686 1173 783 1258 μέντοι
813 1172 884 1258 φησὶ
910 1171 978 1240 τούς
1003 1171 1112 1254 γένεσιν
1140 1171 1188 1234 καὶ
1217 1171 1330 1256 φθοράν
1360 1175 1411 1234 τοῦ
1441 1171 1552 1254 κόσμου
1581 1193 1709 1252 κατηγο-

341 1283 460 1363 ροῦντας
483 1277 539 1339 ὑπὸ
562 1277 705 1360 τεττάρων
728 1275 915 1358 ἀπατηθῆναι
938 1278 997 1337 τῶν
1021 1273 1172 1356 μεγίστων,
1193 1277 1247 1357 γῆς
1269 1274 1446 1354 ἀνωμαλίας,
1469 1275 1615 1355 θαλάττης
1638 1273 1710 1334 ἀνα-

310 1407 322 1446 ι
340 1381 512 1464 χωρήσεως,
535 1379 658 1442 ἑκάστου
680 1381 738 1442 τῶν
760 1381 812 1441 τοῦ
836 1375 904 1441 όλου
928 1382 1024 1462 μερῶν
1047 1375 1217 1453 διαλύσεως,
1240 1375 1385 1460 χερσαίων
1407 1377 1520 1460 φθορᾶς
1542 1375 1616 1438 κατὰ
1634 1375 1708 1458 γένη

339 1481 435 1567 ζῳων.
473 1481 695 1552 κατασκευάζειν
723 1481 757 1544 δὲ
783 1479 816 1542 τδ
843 1480 895 1562 μὲν
922 1482 1037 1562 πρῶτον
1064 1478 1171 1548 ούτως·
1195 1477 1236 1540 ‘el
1259 1479 1300 1561 μὴ
1323 1479 1461 1560 γενέσεως
1483 1479 1578 1563 ἀρχὴν
1601 1475 1709 1562 ἔλαβεν

339 1588 358 1668 ἡ
386 1589 440 1668 γῆ,
473 1583 559 1667 μέρος
587 1582 746 1652 ύπανεστδς
772 1581 856 1645 οὐδὲν
886 1581 920 1644 άν
948 1578 990 1644 ἔτι
1016 1580 1108 1663 αὐτῆς
1130 1581 1257 1664 ἑωρᾶτο,
1286 1581 1429 1666 χθαμαλὰ
1455 1579 1481 1643 δ’
1509 1579 1567 1664 ἤδη
1590 1581 1626 1643 τὰ
1648 1578 1706 1664 ὄρη

339 1685 424 1750 πάντ’
452 1684 602 1769 ἐγεγένητο
624 1685 672 1746 καὶ
695 1685 723 1746 ul
744 1684 888 1769 γεωλόφοι
911 1685 1016 1752 πάντες
1039 1682 1168 1746 ίσόπεδοι
1190 1688 1227 1765 τῇ
1251 1685 1377 1748 πεδιάδι·
1400 1682 1545 1747 τοσούτων
1564 1683 1619 1768 γὰρ
1633 1680 1701 1745 καθ’

340 1789 461 1853 ἕκαστον
495 1787 625 1850 ἐνιαυτὸν
659 1784 776 1871 ὄμβρων
809 1785 839 1854 ἐξ
865 1787 959 1850 ἀιδίου
988 1785 1156 1870 φερομένων
1183 1785 1261 1855 εἰκὸς
1288 1785 1324 1871 ἦν
1352 1791 1411 1850 τῶν
1441 1785 1603 1869 διηρμένων
1630 1786 1708 1868 πρὸς

298 1919 323 1958 rc
342 1891 412 1975 ύψος
434 1890 470 1952 τὰ
493 1890 545 1972 μὲν
569 1890 736 1974 χειμάρροις
758 1889 956 1975 ἀπερρῆχθαι,
978 1889 1015 1952 τὰ
1037 1885 1061 1950 δ’
1083 1888 1318 1972 ύπονοστήσαντα
1340 1889 1534 1973 κεχαλάσθαι,
1557 1886 1649 1949 πάντα
1671 1887 1710 1948 δὲ

339 1995 386 2058 διὰ
408 1995 523 2056 πάντων
547 1990 605 2074 ἤδη
629 1991 807 2054 λελειάνθαι·
830 1992 889 2054 νυνὶ
912 1993 945 2056 δὲ
967 1993 1097 2075 συνεχεῖς
1120 1990 1284 2071 ἀνωμαλίαι
1306 1993 1355 2054 καὶ
1377 1991 1558 2073 παμπόλλων
1580 1989 1656 2072 δρῶν
1672 1991 1707 2052 αἱ

340 2097 412 2180 πρὸς
433 2095 562 2179 αἰθέριον
586 2093 657 2178 icor
679 2093 835 2178 ὑπερβολαὶ
858 2091 1001 2178 μηνύματ’
1030 2093 1090 2156 ἐστὶ
1112 2095 1164 2154 τοῦ
1186 2092 1239 2176 την
1261 2097 1315 2176 γῆν
1338 2095 1378 2177 μὴ
1399 2094 1491 2158 ἀίδιον
1505 2092 1591 2156 εῖναι·
1613 2094 1707 2154 παλαι

339 2201 405 2283 γάρ,
426 2201 467 2267 ὡς
489 2195 573 2282 ἔφην,
596 2197 627 2260 ἐν
649 2195 762 2280 ἀπείρῳ
784 2195 884 2281 χρόνῳ
910 2201 973 2266 ταῖς
994 2195 1164 2280 ἐπομβρίαις
1191 2196 1250 2258 cirri
1273 2197 1405 2280 περάτων
1427 2196 1475 2258 ἐπὶ
1495 2197 1606 2280 πέρατα
1627 2193 1699 2258 πᾱσ’

341 2301 375 2366 ἂν
397 2300 545 2385 λεωφόρος
567 2299 727 2382 ἐγεγένητο.
750 2297 862 2382 πέφυκε
881 2299 936 2384 γὰρ
958 2301 978 2383 ἡ
1002 2297 1105 2368 ύδατος
1126 2297 1212 2383 φύσις
1233 2297 1281 2361 καὶ
1305 2297 1428 2380 μαλιστα
1444 2297 1493 2384 ἀφ’
1515 2299 1705 2384 ὑψηλοτάτων

299 2431 322 2470 ιι
340 2405 558 2488 καταράττουσα
571 2400 608 2464 τὰ
631 2402 683 2483 μὲν
705 2399 825 2470 ἐξωθεῖν
847 2406 884 2483 τῇ
909 2400 968 2486 βίη,
989 2400 1027 2464 τὰ
1048 2401 1081 2463 δέ
1102 2406 1145 2486 τῷ
1169 2403 1286 2484 συνεχεῖ
1298 2403 1357 2464 τῶν
1372 2402 1505 2484 ψεκάδων
1521 2402 1709 2466 καλύπτουσα

340 2507 492 2570 κοιλαίνειν
521 2503 735 2588 ύπεργάζεσθαί
761 2525 794 2566 τε
819 2503 872 2588 τὴν
906 2503 1090 2588 σκληρύγεων
1124 2505 1173 2567 καὶ
1206 2503 1423 2586 λιθωδεστάτην
1454 2504 1621 2589 δρυκτηρων
1650 2505 1708 2568 οὐκ

338 2605 481 2672 ἐλάττον’.
514 2607 577 2669 ικαὶ
601 2608 693 2690 μὴνῆ
716 2628 749 2689 γε
771 2603 918 2670 θάλασσα’
945 2605 1032 2692 φασίν
1050 2605 1124 2690 ίἤδη
1148 2606 1322 2689 μεμείωται·
1347 2606 1487 2689 μάρτυρες
1509 2605 1535 2669 δ’
1556 2609 1586 2670 αί
1608 2610 1707 2692 νήσων

341 2710 571 2792 εύδοκιμύταται
589 2706 688 2779 Ῥόδος
709 2731 742 2771 τε
763 2709 812 2772 καὶ
834 2707 944 2792 Δῆλος·
966 2708 1052 2772 αύται
1074 2709 1128 2794 γὰρ
1150 2711 1184 2772 τδ
1207 2709 1259 2792 μέν
1281 2707 1404 2770 παλαιδν
1422 2707 1615 2792 ἠφανισμέναι
1630 2711 1707 2773 κατὰ

338 2817 391 2896 τῆς
419 2813 564 2895 θαλάττης
592 2811 762 2875 ἐδεδύκεσαν
789 2811 1024 2894 ἐπικλυζόμεναι,
1049 2812 1150 2898 χρόνῳ
1179 2809 1204 2874 δ’
1235 2810 1360 2894 ὕστερον·
1379 2809 1588 2895 ἐλαττουμένης
1611 2814 1709 2897 ἠρέμα

298 2912 403 2982 ιοκατ’
431 2913 526 2997 ὀλίγον
549 2914 719 2998 ἀνίσχουσαι
742 2915 933 2999 διεφάνησαν,
957 2918 998 2984 ίυς
1024 2915 1055 2978 ci
1084 2915 1149 2998 περὶ
1178 2911 1275 2976 αδτῶν
1309 2911 1517 2997 άναγραφεῖσαι
1550 2915 1708 2998 μηνύουσιν

340 3018 478 3102 ἱστορίαι·
501 3017 553 3099 τὴν
576 3017 609 3080 δὲ
634 3017 730 3100 Δῆλον
757 3017 805 3080 καλ
824 3014 950 3102 Ἀνάφην
980 3017 1135 3100 ὠνόμασαν
1158 3011 1195 3079 δι’
1224 3013 1397 3098 ἀμφοτέρων
1420 3014 1570 3098 ὀνομάτων
1592 3021 1707 3084 πιστού-

340 3144 420 3203 μενοι
441 3119 475 3182 τδ
497 3120 666 3203 λεγόμενον,
688 3119 789 3202 ἐπειδὴ
804 3119 859 3204 γὰρ
881 3121 1060 3204 ἀναφανεῖσα
1080 3121 1156 3205 δήλη
1179 3116 1291 3201 ἐγένετο
1313 3115 1499 3202 ἀδηλουμένη
1520 3121 1569 3183 καλ
1592 3121 1707 3207 ἀφανὴς

340 3222 414 3288 υύσα
436 3223 469 3286 τδ
492 3223 591 3285 πάλαι.
631 3222 703 3306 πρὸς
726 3221 759 3285 δέ
779 3221 891 3292 τούτοις
914 3223 1046 3306 μεγάλων
1069 3223 1202 3305 πελαγῶν
1226 3219 1367 3302 μεγάλους
1389 3219 1514 3291 κόλπους
1536 3223 1585 3286 καὶ
1604 3223 1707 3309 βαθεῖς

341 3325 589 3411 άναίηρανθέντας
618 3324 803 3409 ηπειρῶσθαι
830 3325 878 3388 καὶ
906 3325 1079 3410 γεγενῆσθαι
1106 3329 1159 3409 τῆς
1186 3320 1400 3407 παρακειμένης
1422 3325 1523 3408 χώρας
1546 3330 1646 3410 μοῖραν
1669 3328 1705 3392 ού

298 3457 322 3496 u
340 3429 449 3514 λυπράν
465 3428 670 3514 σπειρομένους
685 3426 734 3490 καὶ
749 3428 970 3511 φυτευομένους,
992 3427 1036 3498 οίς
1050 3425 1150 3511 σημεῖ’
1170 3426 1243 3490 άτοα
1257 3428 1310 3508 τῆς
1324 3427 1450 3495 παλαιᾶς
1464 3425 1706 3514 ἐναπολελεῖφθαι

340 3533 553 3600 θαλαττιύσιως
575 3531 704 3615 ψηφῖδάς
726 3530 828 3594 τεκαὶ
850 3531 961 3616 κόγχας
982 3529 1032 3594 καῖ
1054 3530 1110 3594 όσα
1132 3530 1310 3613 ὁμοιότροπα
1332 3527 1404 3611 πρὸς
1426 3527 1573 3612 αἰγιαλούς
1598 3529 1703 3596 εἴωθεν

339 3633 583 3720 άπαβράττεσθαι.
628 3631 672 3695 διδ
695 3632 743 3696 καὶ
766 3631 908 3718 Πίνδαρος
929 3632 977 3696 ἐπὶ
999 3637 1053 3717 τῖγς
1074 3631 1171 3717 Δήλου
1193 3630 1280 3717 φησί·

1049 3744 1248 3755 ...——-—--

340 3785 404 3840 ἀλλὰ
421 3785 580 3847 διδασκαλίας
602 3788 675 3858 χάριν
697 3786 733 3846 ὡς
756 3788 850 3856 μᾶλλον
868 3789 997 3859 γνωριζόν-
1047 3787 1092 3858 όρη
1116 3789 1196 3839 πάντα
1219 3789 1261 3840 M:
1285 3785 1330 3857 όρη
1354 3789 1456 3840 πάντων
1472 3805 1490 3840 a
1513 3792 1581 3843 unde
1603 3793 1704 3850 πάντως

339 3892 392 3926 των
417 3871 502 3943 ὥσπερ
523 3873 553 3927 τό
580 3873 723 3944 διάγραμμα
744 3874 885 3945 γιγνόμενον
907 3873 997 3930 θεασα·
1048 3879 1163 3944 Mergey
1192 3871 1206 3944 ΙΙ
1236 3875 1252 3930 9
1275 3875 1394 3928 ἐνιαυτῶν
1418 3879 1447 3928 Μ
1471 3873 1485 3945 ΙΙ
1510 3875 1649 3948 διηρμένων
1672 3897 1702 3931 αι

340 3963 437 4031 μένους.
459 3960 572 4014 τοῖιτοδ1
594 3961 920 4017 1στ1ν...ούτὸαύτό.
943 3967 997 4018 Xe·
1048 3963 1206 4034 διηρημένων
1233 3965 1263 4015 Μ
1296 3961 1309 4030 ΙΙ
1344 3963 1405 4033 πρὸς
1434 3967 1476 4016 Mc
1508 3963 1543 4023 είς
1576 3983 1593 4016 α
1624 3963 1636 4034 ΙΙ
1673 3965 1704 4019 13

341 4059 473 4102 uocrutem
493 4061 518 4102 et
531 4050 703 4118 Speusippum
721 4067 778 4102 eum
797 4055 998 4120 explicationem
1049 4057 1116 4106 πᾶσα
1138 4049 1265 4121 λεωφόρος
1288 4055 1349 4104 cM:
1375 4056 1476 4105 correxi
1499 4057 1611 4119 itemque
1634 4057 1703 4106 Bue-

340 4141 470 4190 inveniese
480 4139 626 4206 Simplicius
636 4141 669 4190 ad
680 4140 705 4190 h.
718 4137 999 4207 1.cecuurp.4eeb15
1049 4142 1134 4192 cheler
1152 4141 1220 4191 Mus.
1233 4139 1281 4191 Rh.
1296 4141 1403 4192 xxxn
1416 4141 1466 4193 441
1488 4140 1502 4208 ii
1525 4141 1556 4193 11
1575 4141 1704 4210 ἐγεγένητο

340 4227 384 4277 Br.
403 4228 433 4277 ci.
447 4244 472 4292 ρ.
485 4225 642 4290 48928131„
669 4244 733 4293 quoe
747 4230 858 4280 Crantor
871 4237 896 4279 et
908 4229 997 4280 liudo-
1049 4231 1162 4292 evulgo
1183 4229 1214 4278 cf.
1233 4226 1300 4278 ue:
1320 4225 1486 4295 έγίνετοΜΙλ
1504 4227 1535 4280 15
1552 4233 1590 4296 τῷ
1609 4233 1706 4297 συνεχεῖ

340 4330 383 4364 rue
402 4317 482 4365 secuti
493 4323 561 4366 eunt.
576 4316 607 4366 ci.
621 4317 706 4370 Zeller
717 4317 754 4378 11,
769 4314 801 4367 1³
813 4313 881 4370 δόθ’
894 4310 908 4382 ΙΙ
923 4313 939 4366 θ
952 4313 997 4368 καλ
1048 4333 1066 4365 α
1084 4317 1176 4381 vulger
1194 4313 1226 4382 τη
1240 4317 1338 4384 συνεχεῖ
1348 4317 1379 4366 Μ
1396 4318 1465 4367 unde
1476 4319 1509 4385 τη
1522 4315 1634 4384 συνεχείᾳ
1646 4331 1702 4367 cer·

341 4417 391 4452 om.
410 4403 491 4452 altero
510 4403 569 4452 loco
588 4419 609 4453 υ.
622 4400 655 4455 27
1047 4404 1147 4468 rigebat
1159 4403 1303 4452 Buecheler
1322 4399 1334 4468 ΙΙ
1356 4401 1388 4453 21
1408 4397 1514 4472 Ἀναφὴν
1531 4405 1624 4469 vulgo:
1643 4403 1702 4455 άνα·

375 4487 391 4541 3
410 4489 442 4540 de
465 4490 555 4554 fragm.
571 4487 602 4541 12
627 4492 659 4542 ef.
681 4492 753 4542 Prcl.
771 4507 796 4556 p.
813 4489 923 4554 106eqq.
945 4487 957 4554 li
978 4487 995 4540 θ
1047 4489 1148 4558 γράφειν
1160 4490 1189 4540 Μ
1210 4487 1223 4554 li
1244 4491 1276 4540 de
1295 4491 1346 4540 hoc
1365 4491 1423 4540 loco
1443 4492 1474 4541 ci.
1492 4493 1564 4542 Prol.
1583 4509 1608 4557 p.
1622 4491 1674 4544 105
1688 4491 1701 4556 il

339 4579 386 4646 γῆς
403 4575 536 4640 a[ldinum
553 4577 672 4628 Philonis
692 4579 725 4628 de
742 4579 839 4628 mundo
859 4586 994 4642 excerpto·
1047 4575 1080 4628 22
1091 4573 1175 4644 ἐπειδὴ
1187 4575 1233 4644 γάρ
1243 4577 1284 4627 M:
1299 4573 1383 4644 ἐπειδὴ
1397 4579 1474 4642 vulgo
1485 4579 1701 4645 ci.edTheophr.

339 4681 395 4716 rum
418 4666 564 4730 exemplum
587 4667 680 4716 Venet.
699 4663 768 4716 1497
791 4667 808 4716 f.
822 4661 934 4728 ieesqq.
963 4665 994 4715 ci.
1046 4665 1071 4714 d.
1090 4679 1156 4714 eene.
1174 4661 1234 4726 §23
1254 4659 1269 4729 ΙΙ
1289 4660 1353 4732 δήλη
1372 4673 1590 4730 praetermorem
1612 4668 1667 4718 hiet
1687 4663 1701 4734 ΙΙ

339 4747 540 4816 P101.p.108²
566 4753 683 4818 Bernuye
707 4753 748 4803 die
770 4753 841 4804 Dici.
864 4751 889 4801 d.
914 4752 994 4802 Aristc
1046 4747 1080 4803 23
1092 4747 1208 4818 μεγάλων
1221 4768 1250 4802 αι
1270 4749 1379 4821 μεγάλην
1392 4753 1434 4803 M:
1447 4751 1575 4804 immerito
1589 4757 1701 4805 otiosum

338 4856 364 4906 p.
383 4837 459 4902 165J2
486 4839 532 4906 τῆς
554 4838 709 4902 mediceris)
733 4834 748 4906 ΙΙ
777 4841 793 4893 6
815 4838 995 4899 κατασκευάζει
1045 4841 1172 4890 iudicetur
1190 4841 1222 4890 ci.
1240 4857 1265 4905 p.
1278 4837 1340 4902 489,
1350 4837 1392 4892 25.
1411 4836 1483 4907 λόγος
1501 4843 1542 4892 vel
1554 4837 1701 4910 ὁμολογοῦσι

338 4927 399 4978 alli
419 4941 484 4978 corr.
497 4927 598 4978 Usener
611 4921 624 4992 ΙΙ
640 4922 812 4984 ’ίύττανεστόις
825 4943 852 4976 αι
865 4923 994 4995 ύπαναστη
1046 4928 1151 4992 corrigit
1168 4927 1311 4978 Buecheler
1330 4925 1343 4992 ΙΙ
1363 4925 1398 4980 25
1417 4931 1507 4996 σημεῖα
1525 4927 1556 4979 τά
1568 4930 1614 4980 all
1634 4945 1701 4980 corr.

338 5015 381 5066 Me
399 5009 570 5080 ύπανεστηκδς
587 5013 703 5080 Berueye
722 5013 767 5064 σεδ
786 5015 817 5065 ci.
836 5031 861 5081 ρ.
876 5011 959 5078 4913
979 5011 993 5082 Η
1044 5015 1161 5080 Berneys
1181 5009 1194 5080 Η
1214 5011 1248 5066 27
1268 5008 1388 5082 Πίνδαρος
1405 5017 1436 5066 ir.
1450 5014 1486 5069 64
1503 5015 1562 5081 [87]
1579 5017 1674 5082 Bergk.
