3708 5738
309 401 374 466 540
418 407 549 460 CICERO
560 409 609 458 DE
619 407 727 460 DEOR.
738 409 762 458 N
766 409 823 460 ΔΤ.
833 410 847 460 1
860 405 890 460 13
901 417 932 458 ee.
942 417 966 455 3⁴
1106 408 1313 459 PHILODEMI
1322 409 1372 460 DE
1384 411 1477 462 PIET.
1488 411 1543 462 Fu.

353 576 407 643 eit
430 597 530 664 esse,
553 599 619 645 non
634 579 826 662 intellegens
843 579 967 646 eoelum

352 679 464 746 mundi
498 701 570 748 esse
605 686 744 768 portem,
778 703 873 765 quem
902 683 967 749 olio

349 783 427 848 loeo
456 783 527 868 ipse
549 784 726 866 designarit
752 785 858 852 deum.
904 805 966 868 quo

353 883 450 950 modo
482 891 591 952 autem
628 887 710 954 oeeli
746 887 875 954 divinus
911 888 966 954 ille

324 1005 469 1051 rsensus
491 987 525 1052 in
547 988 713 1055 eeleritate
733 996 826 1055 tento
842 1009 967 1057 oonser-
1003 983 1007 992 '

349 1088 420 1154 vari
448 1089 577 1173 potest?
611 1089 665 1156 ubi
693 1090 812 1160 deinde
840 1093 886 1159 illi
918 1101 966 1161 tot

350 1191 400 1275 di,
428 1191 455 1256 si
482 1213 689 1259 numeramus
717 1193 816 1260 etium
839 1198 964 1264 eaelum

349 1294 466 1360 deum?
489 1315 560 1361 oum
576 1304 685 1363 eutem
705 1297 788 1364 sine
804 1317 964 1384 eorpore

345 1397 447 1463 idem
479 1400 565 1466 vult
598 1419 683 1466 esse
716 1400 841 1484 deum,
876 1402 962 1468 omni

204 1514 207 1522 ·
304 1529 327 1566 ιι
346 1499 435 1565 illum
472 1521 570 1568 sensu
604 1501 726 1588 privat,
761 1502 857 1568 etiem
891 1525 963 1587 pru-

349 1602 470 1668 dentis.
500 1624 563 1687 quo
575 1625 671 1688 porro
687 1605 784 1672 modo
801 1603 961 1695 [mundus]

346 1705 469 1771 moveri
499 1725 614 1772 oureus
645 1727 780 1792 eorpore
811 1713 867 1772 aut
897 1729 959 1791 quo

347 1805 443 1872 modo
480 1827 609 1893 semper
645 1830 681 1877 re
717 1831 851 1877 movens
887 1831 960 1879 esse

347 1909 474 1992 quietus
497 1916 530 1977 et
552 1909 668 1978 beatus
689 1915 817 1998 potest?

304 2037 327 2074 n
387 2011 456 2078 Neo
471 2033 549 2080 vero
565 2014 651 2082 eius
667 2017 1000 2102 oondisoipulus34

347 2112 597 2184 Xenoerutes
644 2118 678 2183 in
728 2119 791 2186 hoo
840 2141 959 2204 genere

347 2215 551 2303 prudentior,
596 2219 705 2287 ouius
753 2222 791 2288 in
828 2224 957 2311 libris,

342 2317 406 2400 qui
430 2326 521 2386 sunt
543 2322 600 2389 De
621 2329 765 2390 natura
786 2326 957 2412 deorum,

340 2420 453 2487 nullu
475 2424 633 2508 speeies
659 2426 793 2494 divino
812 2429 958 2495 deseri-

302 2521 455 2590 robitur.
493 2525 588 2593 deos
616 2529 714 2595 enim
749 2538 836 2597 ooto
869 2552 957 2600 esse

341 2623 451 2690 dieit:
495 2628 665 2714 quinque
702 2654 783 2718 eos,
821 2635 883 2719 qui
917 2636 955 2702 in

339 2727 473 2794 stellis
527 2733 642 2816 rogis
691 2736 954 2823 nominantur,

338 2848 469 2916 unum,
499 2834 563 2916 qui
586 2855 630 2901 ex
654 2837 831 2905 omnibus
852 2839 955 2906 side·

338 2931 458 3018 ribus,
477 2955 576 3019 quoe
590 2937 716 3004 infixa
731 2942 841 3007 eaelo
857 2949 954 3027 sunt,

296 3060 320 3099 u
338 3053 384 3098 ex
413 3034 608 3120 dispersis
635 3043 746 3125 quasi
774 3044 954 3110 membris

336 3135 512 3222 simplex
534 3141 588 3207 sit
615 3145 815 3228 putandus
842 3147 952 3233 deus,

336 3239 542 3324 septimum
593 3244 718 3314 Solem
771 3250 953 3334 adiungit

335 3347 589 3430 ootovamque
618 3348 777 3416 Lunam:
806 3352 861 3437 qui
884 3373 948 3437 quo

291 3527 490 3539 ----...-.......
998 3535 1199 3549 ---.....,...

290 3637 306 3690 3
325 3649 384 3691 unte
403 3659 452 3708 quo
471 3643 544 3696 modo
563 3649 724 3713 popularium
743 3651 849 3704 deorum
871 3669 942 3707 men.
995 3649 1073 3698 olium
1087 3653 1140 3715 ipse
1153 3654 1308 3708 Aristoteles
1321 3659 1353 3709 de
1367 3661 1463 3710 oaelol
1476 3658 1492 3711 3
1504 3679 1530 3727 p.
1543 3659 1655 3716 270b22

289 3731 385 3779 tionem
400 3733 525 3782 excidisse
539 3735 639 3798 putavit
657 3739 796 3803 Heindorf,
819 3749 946 3795 astrorum
997 3730 1086 3804 elllpe
1104 3739 1300 3810 προσωνόμασαν
1318 3743 1360 3798 τὸν
1374 3745 1497 3798 ἀνωτάτω
1511 3747 1587 3800 τόπον
1605 3751 1654 3804 ἀπὸ

289 3818 432 3867 divinitati·
467 3819 631 3872 Sohoemunn
668 3819 681 3890 ii
720 3825 750 3876 ll
782 3844 832 3893 quo
863 3845 946 3896 porro
996 3825 1041 3874 ’ωῧ
1064 3819 1115 3876 θῖῖν
1134 3827 1170 3879 ἀεὶ
1189 3831 1222 3880 01⁴·
1241 3831 1295 3883 Ciu·
1315 3835 1347 3884 de
1366 3836 1437 3886 deor·
1458 3843 1512 3886 uai-
1531 3837 1559 3888 Π
1581 3837 1611 3890 15
1629 3850 1652 3888 ss

290 3902 367 3952 modo
390 3904 502 3956 mundus
524 3907 624 3959 moveri
642 3905 676 3960 tl:
702 3926 751 3976 quo
773 3915 848 3966 modo
861 3932 946 3984 porro
997 3919 1023 3961 ei
1049 3915 1137 3964 crebro
1169 3913 1181 3982 ii
1207 3916 1224 3970 8
1252 3919 1306 3971 ω’ῐω
1329 3936 1448 3988 corpore:
1478 3924 1509 3974 ω’·
1539 3925 1563 3974 (1-
1588 3928 1651 3977 ωωΙ·

289 3991 387 4041 moveri
413 3993 546 4045 Heindorf
568 3996 653 4048 deleto
681 4000 833 4062 glossemate
859 4015 887 4056 ut
905 4008 944 4057 in·
995 3999 1038 4051 19
1057 4017 1082 4065 p.
1096 3997 1205 4056 279116
1226 4001 1275 4064 ἔξω
1294 4004 1320 4058 ll
1338 4010 1383 4059 τοῦ
1403 4006 1510 4078 οὐρανοῦ
1522 4009 1651 4076 δέδεικται,

287 4078 422 4140 tellogetur
441 4080 503 4130 deus
522 4099 547 4132 ν.
562 4081 586 4134 9.
622 4083 688 4136 deus
706 4091 804 4140 moveri
824 4092 943 4157 Schuetz,
996 4081 1033 4136 ὅτι
1051 4083 1105 4138 οὔτ’
1127 4087 1192 4140 ἔστιν
1212 4087 1268 4144 οὔτε
1282 4091 1406 4164 ἐνδέχεται
1419 4091 1533 4164 γενέσθαι
1547 4102 1620 4166 σῶμα
1635 4097 1648 4167 Η

286 4162 409 4213 otiandum
434 4183 534 4218 mouere
552 4171 657 4224 Ernesti
678 4169 690 4241 ii
713 4173 745 4226 13
764 4191 792 4226 oe
810 4193 859 4229 om.
878 4182 901 4231 P
920 4192 945 4232 et
999 4171 1032 4226 13
1050 4189 1151 4239 ωωΡω
1170 4193 1197 4228 ³⁶
1216 4195 1332 4233 ωωωωωῑ
1356 4184 1478 4249 11111οω1θί
1498 4189 1585 4252 01111110
1604 4199 1649 4250 ωῑι

286 4252 459 4315 Wyuenbach
485 4253 513 4306 τὸ
536 4262 636 4325 πρῶτον
660 4263 743 4312 κινοῦν
766 4265 943 4319 Aristoteliam
996 4269 1025 4310 ut
1056 4273 1133 4315 ωῑωω
1160 4267 1265 4319 mosem.
1297 4271 1416 4321 videlieet
1447 4273 1594 4326 Aristotelis
1619 4273 1649 4326 τὸ

289 4340 450 4390 restituturus
480 4337 491 4408 il
523 4344 554 4396 17
580 4346 740 4410 prudentior
768 4352 851 4404 13ss1>2
877 4369 943 4421 pru.
994 4351 1096 4417 πρῶτον
1108 4354 1192 4404 κινοῦν
1205 4351 1322 4424 ἀκίνητον
1334 4371 1387 4407 ιιοιι
1406 4357 1532 4424 adgnovit
1546 4357 1559 4429 ΙΙ
1576 4361 1606 4413 17
1619 4362 1648 4414 io

286 4423 447 4478 (lentiorem
470 4431 518 4480 Ac
542 4432 590 4492 (erl
608 4437 635 4486 iu
652 4437 678 4486 A
695 4452 799 4489 rasurae
817 4457 943 4507 superscr.
996 4435 1073 4487 libri-t
1095 4439 1142 4502 qm'
1163 4451 1226 4491 tunt
1245 4441 1287 4494 De
1309 4452 1409 4494 ιωΐωω
1432 4443 1552 4498 demum:
1570 4451 1648 4516 Dlog·

285 4530 317 4562 m.
337 4510 399 4576 seo.)
422 4511 433 4581 ii
457 4515 489 4569 18
506 4528 568 4570 sont
587 4521 615 4570 in
633 4531 733 4574 notura
752 4527 847 4579 ACEP
871 4525 884 4595 ll
908 4528 941 4581 24
993 4525 1033 4574 IV
1050 4523 1081 4576 13
1102 4529 1128 4576 in
1147 4528 1203 4579 libr.
1222 4531 1275 4580 ind.
1290 4524 1350 4598 Περὶ
1369 4525 1435 4582 θεῶν
1453 4522 1525 4600 ofili
1541 4533 1575 4587 20
1587 4535 1648 4588 deos

282 4599 332 4650 sint
347 4601 439 4654 ABCP
453 4599 465 4670 i(
478 4601 512 4657 28
526 4614 693 4673 octavumque
705 4615 825 4666 nonnulli
838 4618 940 4668 codices
993 4610 1132 4663 -ltmamt
1146 4617 1176 4666 ef·
1188 4615 1268 4666 Clem·
1279 4618 1364 4670 Proir·
1375 4637 1399 4684 p·
1410 4618 1443 4673 58
1449 4623 1479 4672 P·
1493 4615 1647 4692 Ξενοκράτης

993 4692 1174 4768 Καλχηδόνιος,
1193 4698 1264 4760 οὗτος
1283 4701 1345 4756 ἑπτὰ
1363 4703 1409 4773 μὲν
1427 4702 1499 4766 θεοὺς
1511 4709 1569 4768 τοὺς
1586 4709 1647 4763 πλα-

991 4783 1080 4854 νήτας,
1108 4785 1194 4855 ὄγδοον
1217 4787 1243 4840 δὲ
1268 4788 1311 4842 τὸν
1329 4789 1359 4842 ἐκ
1382 4793 1482 4846 πάντων
1500 4795 1584 4850 αὐτῶν
1602 4798 1645 4862 [ef.

990 4873 1060 4924 Prol.
1083 4891 1108 4939 p.
1129 4872 1206 4941 130¹]
1233 4883 1374 4930 συνεστῶτα
1399 4879 1493 4950 κόσμον
1516 4883 1646 4937 αἰνίττεται

987 4963 1047 5010 Aet.
1061 4963 1133 5012 Piae.
1144 4963 1156 5011 l
1167 4961 1182 5012 'l
1193 4973 1217 5010 eo
1235 4959 1292 5015 θεὸν
1310 4963 1336 5018 δὲ
1349 4965 1408 5019 εἶναι
1428 4969 1471 5021 καὶ
1487 4968 1530 5021 τὸν
1542 4971 1644 5040 οὐρανὸν

986 5043 1029 5095 καὶ
1048 5045 1105 5104 τοὺς
1124 5047 1229 5118 ἀστέρας
1247 5049 1371 5120 πυρώδεις
1390 5053 1526 5124 ὀλυμπίους
1543 5055 1615 5117 θεοὺς
