3708 5738
524 397 781 449 FRAGMENTUM
799 395 849 446 DE
869 394 1041 447 SENSIBUS
1060 394 1074 459 5
1090 391 1191 448 16-22
1476 394 1539 458 505

227 573 319 633 πᾶσαι
330 569 452 651 γίνονται
464 565 542 650 (καὶ)
554 567 662 649 μᾶλλον
678 565 739 650 όσιρ
755 563 790 628 ἄν
801 565 920 648 πλήρεις
935 564 990 627 ῶσι
1005 567 1063 628 τῶν
1079 563 1198 645 ὁμοίων,
1213 564 1240 626 εἰ
1252 565 1293 648 μή
1308 585 1350 633 τις
1364 562 1487 647 λεχθείη

226 672 291 756 περὶ
317 671 427 735 τούτων
454 669 611 754 διορισμός.
764 664 806 730 ἔτι
834 667 867 730 δὲ
891 667 925 730 τό
947 668 1012 752 περί
1038 668 1091 752 τὴν
1112 667 1273 750 ἀπορροήν,
1302 665 1405 748 καίπερ
1428 665 1486 751 οόχ
1504 675 1539 727 20

228 775 335 843 ἱκανῶς
361 772 514 856 λεγόμενον
544 771 609 856 περί
637 771 689 853 μὲν
711 769 762 840 τάς
784 769 873 839 ἄλλας
895 769 977 852 ὅμως
999 767 1060 834 ἔστι
1081 793 1144 839 πως
1167 769 1336 853 ὑπολαβεῖν,
1365 767 1430 852 περί
1457 769 1490 832 δὲ

227 876 279 960 τὴν
301 875 380 960 ἁφὴν
401 875 450 938 καί
471 878 568 957 γεῦσιν
598 871 633 936 οδ
660 871 767 957 ῥᾴδιον.
812 876 876 942 πῶς
902 871 956 956 γὰρ
982 873 1021 956 τῇ
1047 873 1180 958 ἀπορρυῇ
1207 871 1347 955 κρίνωμεν
1376 871 1395 954 ἢ
1423 875 1487 940 πῶς

201 1007 213 1044 e
231 978 404 1061 ἐναρμόττον
425 979 485 1045 τοῖς
507 975 607 1060 πόροις
628 975 662 1037 τό
683 974 777 1059 τραχό
799 974 848 1036 καὶ
870 974 903 1036 τό
925 977 1016 1058 λεῖον;
1043 975 1132 1058 μόνου
1158 974 1213 1058 γὰρ
1234 975 1316 1037 δοκεῖ
1335 977 1393 1036 τῶν
1416 995 1488 1038 στοι-

227 1080 318 1165 χείων
340 1083 391 1143 τοῦ
414 1079 504 1162 πυρὸς
525 1080 672 1162 ἀπορρεῖν,
693 1077 752 1140 ἀπὸ
775 1077 808 1140 δὲ
828 1081 887 1140 τῶν
909 1075 1006 1140 ἀλλων
1028 1077 1154 1146 οὐδενός.
1191 1074 1234 1139 ἔτι
1255 1073 1281 1138 δ’
1303 1075 1329 1138 εἰ
1351 1076 1370 1158 ἡ
1390 1076 1489 1160 φθίσις

225 1183 274 1246 διὰ
294 1183 347 1266 τὴν
369 1182 531 1265 ἀπορροήν,
556 1179 637 1266 ᾧπερ
666 1184 774 1265 χρῆται
801 1180 960 1264 κοινοτοίτιρ
987 1181 1112 1264 σημείῳ,
1140 1177 1289 1264 συμβαίνει
1311 1178 1344 1240 δὲ
1366 1178 1414 1241 καί
1436 1178 1487 1248 τὰς

228 1283 321 1366 ὀσμὰς
343 1283 476 1367 ἀπορρυῇ
501 1283 646 1365 γίνεσθαι,
673 1281 709 1344 τὰ
737 1281 872 1364 πλείστην
896 1279 1002 1366 ἔχοντα
1029 1283 1123 1366 ὀσμὴν
1150 1277 1263 1366 τάχιστ’
1292 1279 1383 1365 ἐχρῆν
1405 1280 1487 1364 φθεί-

225 1386 337 1469 ρεσθαι.
368 1389 417 1448 νῦν
433 1385 466 1448 δὲ
488 1385 593 1469 σχεδὸν
616 1385 751 1454 ἐναντίως
773 1382 849 1469 ἔχει·
872 1383 909 1446 τὰ
929 1384 984 1468 γὰρ
1006 1383 1216 1466 ὀσμωδέστατα
1237 1387 1295 1446 τῶν
1317 1387 1416 1467 φυτῶν
1439 1384 1487 1446 καί

188 1515 212 1554 ιο
229 1493 287 1550 τῶν
308 1485 405 1550 οῶιλων
428 1487 489 1551 ὀστί
517 1489 708 1572 χρονιώτατα.
753 1486 903 1571 συμβαίνει
929 1486 962 1548 δὲ
989 1486 1037 1548 καί
1064 1485 1113 1548 ἐπί
1138 1490 1191 1569 τῆς
1217 1485 1313 1571 φιλίας
1340 1485 1416 1554 όλως
1442 1486 1484 1570 μὴ

225 1589 297 1653 εἰναι
319 1587 455 1673 αἴσθησιν
478 1589 498 1674 ἢ
520 1589 606 1672 ἧττον
628 1590 676 1654 διὰ
698 1591 731 1652 τό
754 1587 954 1671 συγκρίνεσθαι
976 1588 1041 1652 τότε
1062 1589 1110 1652 καί
1134 1589 1174 1671 μὴ
1198 1589 1343 1672 ἀπορρεῖν.

287 1691 363 1755 ἀλλὰ
378 1692 441 1776 περὶ
454 1693 506 1774 μὲν
521 1693 573 1775 τὴν
589 1693 680 1776 ἀκοὴν
696 1694 764 1756 όταν
779 1691 882 1774 ἀποδῷ
897 1694 957 1760 τοῖς
972 1688 1084 1754 ἔσωθεν
1098 1690 1227 1773 γίνεσθαι
1242 1690 1356 1775 ψόφοις,
1376 1689 1483 1754 ἀτοπον
1501 1697 1531 1752 21

223 1795 256 1856 τό
279 1791 393 1858 οἴεσθαι
410 1796 498 1877 δῆλον
520 1793 593 1858 εῖναι
615 1799 678 1864 πῶς
700 1793 867 1870 ἀκούουσιν,
894 1789 975 1856 ἔνδον
1002 1795 1163 1878 ποιήσαντα
1191 1792 1285 1877 ψόφον
1308 1793 1407 1877 ῶσπερ
1430 1794 1485 1855 κώ-

225 1897 324 1966 δωνος.
369 1901 427 1959 τῶν
451 1897 503 1978 μὲν
526 1897 579 1980 γὰρ
602 1895 658 1966 ἔξω
686 1895 722 1959 δι’
751 1895 859 1958 ἐκεῖνον
881 1895 1040 1978 ἀκούομεν,
1067 1895 1177 1957 ἐκείνου
1200 1895 1233 1957 δὲ
1254 1899 1414 1979 ψοφοῦντος
1436 1893 1484 1958 διά

185 2025 208 2063 n
226 1997 255 2060 τί
261 2019 268 2081 3
290 2001 376 2060 τοῦτο
399 1997 452 2081 γὰρ
474 1999 546 2062 αότό
569 1997 697 2062 λείπεται
720 2001 824 2080 ζητεῖν.
869 1997 986 2067 ἀτόπως
1008 1997 1110 2060 δὲκαὶ
1132 1997 1166 2059 τό
1188 1997 1252 2080 περὶ
1274 1997 1326 2081 τὴν
1343 1993 1483 2081 ὄσφρησιν

223 2099 346 2185 εἴρηκεν.
392 2103 508 2183 πρῶτον
531 2099 659 2185 μὲνγὰρ
682 2099 716 2164 οό
739 2101 837 2183 κοινὴν
859 2099 951 2162 αἰτίαν
974 2099 1140 2163 ἀπέδωκεν·
1169 2096 1231 2162 ἔνια
1254 2098 1306 2181 μὲν
1328 2099 1383 2183 γὰρ
1405 2101 1482 2169 όλως

223 2200 285 2267 οόδ’
313 2201 448 2266 ἀναπνέει
469 2205 527 2265 τῶν
555 2203 799 2287 ὀσφραινομόνων.
844 2199 945 2265 ἔπειτα
973 2203 1007 2264 τδ
1037 2201 1161 2283 μαλιστα
1188 2200 1394 2285 ὀσφραίνεσθαι
1416 2201 1483 2270 τούς

223 2308 356 2368 πλεῖστον
385 2304 604 2386 ἐπισπωμένους
633 2302 754 2387 εὔηθες·
788 2303 871 2368 οὐδὲν
898 2303 952 2386 γὰρ
981 2301 1084 2388 ὄφελος
1113 2304 1153 2386 μὴ
1184 2303 1364 2386 ὑγιαινούσης
1391 2303 1410 2386 ἢ
1439 2303 1480 2386 μὴ

223 2406 407 2490 ἀνεῳγμένης
436 2427 499 2475 πως
526 2411 578 2490 τῆς
608 2404 785 2490 αἰσθήσεως.
829 2408 946 2475 πολλοῖς
974 2405 1007 2469 δὲ
1032 2405 1181 2490 συμβαίνει
1210 2405 1404 2488 πεπηρῶσθαι
1434 2405 1482 2469 καί

183 2537 208 2574 ιο
226 2510 302 2578 ὀλως
325 2508 415 2592 μηδὲν
437 2507 640 2573 αἰσθάνεσθαι.
684 2508 755 2591 πρός
785 2507 818 2570 δὲ
846 2507 957 2576 τούτοις
986 2507 1014 2570 οἱ
1040 2507 1176 2571 δύσπνοοι
1202 2508 1251 2571 καί
1277 2509 1304 2570 οί
1331 2513 1484 2577 πονοῦντες

222 2609 270 2672 καί
297 2611 324 2672 οί
354 2609 543 2679 καθεύδοντες
571 2613 680 2693 μᾶλλον
702 2608 736 2673 ἀν
759 2609 942 2674 αἰσθάνοιντο
964 2615 1022 2672 τῶν
1050 2610 1164 2692 ὀσμῶν·
1192 2612 1241 2674 τὸν
1268 2613 1401 2676 πλεῖστον
1428 2611 1482 2694 γὰρ

222 2711 355 2775 ἕλκουσιν
388 2711 470 2796 ἀέρα.
514 2716 563 2776 νύν
590 2713 623 2776 δὲ
653 2711 803 2796 συμβαίνει
835 2709 1007 2774 τοίιναντίον.
1160 2712 1194 2775 οό
1227 2713 1281 2796 γὰρ
1311 2711 1381 2782 ίσως
1406 2711 1474 2776 καθ’
1498 2723 1532 2776 22

221 2813 294 2876 αύτό
316 2814 349 2876 τὸ
373 2813 508 2877 ἀναπνεῖν
530 2813 621 2878 αἴτιον
643 2819 696 2898 τῆς
718 2813 900 2897 ὀσφρήσεως,
922 2814 998 2877 ἀλλὰ
1020 2814 1094 2877 κατὰ
1116 2815 1309 2900 συμβεβηκός,
1332 2818 1372 2884 ὡς
1395 2813 1429 2878 ἔκ
1451 2839 1482 2880 τε

220 2919 278 2978 τῶν
304 2915 400 2980 ἄλλων
428 2915 515 3002 ζῴων
544 2919 728 3000 μαρτυρεῖται
755 2915 803 2978 καὶ
831 2915 879 2978 διὰ
908 2919 966 2978 τῶν
996 2915 1156 3000 εἰρημένων
1184 2918 1304 2982 παθῶν·
1336 2921 1353 2981 ό
1384 2917 1410 2981 δ’
1440 2922 1480 2988 ὡς

182 3043 207 3082 ιι
224 3017 330 3101 ταύτης
352 3016 442 3101 οὔσης
464 3024 516 3103 τῆς
538 3019 632 3088 αἰτίας
653 3019 702 3081 καί
724 3018 772 3081 ἐπὶ
787 3016 862 3080 τέλει
878 3019 963 3081 πάλιν
978 3018 1091 3103 εἴρηκεν
1107 3021 1206 3103 ὥσπερ
1221 3019 1481 3104 ἐπισημαινόμενος

370 3121 430 3184 ὧδε
453 3122 505 3203 μὲν
528 3121 578 3186 ούν
601 3125 702 3204 πνοιῆς
724 3143 755 3183 τε
777 3119 933 3206 λελόγχασι
956 3123 1049 3186 πάντα
1070 3123 1119 3186 καί
1143 3122 1253 3204 ὀσμῶν.

170 3303 370 3312 -υ--ι-ι-

171 3415 182 3466 l
200 3415 244 3466 καί
262 3414 357 3483 μᾶλλον
375 3414 426 3487 ὀσῳ
446 3416 480 3490 ἂν,
493 3422 593 3485 ecripei.
623 3435 683 3470 nem
701 3413 752 3484 όσφ
771 3434 824 3468 non
876 3419 890 3482 ξ
905 3420 920 3472 9
936 3415 949 3486 il
968 3417 997 3472 13
1017 3425 1071 3477 πῶς
1083 3423 1120 3470 eie
1132 3423 1176 3472 PF
1191 3418 1203 3486 Η
1219 3419 1355 3488 ποιήσαντα
1368 3425 1454 3476 PFee.
1468 3427 1529 3475 Em·

167 3512 290 3566 aequente
304 3502 400 3571 μᾶλλον
412 3509 583 3558 Aristoteleue
597 3513 635 3556 eet
647 3523 702 3556 moe
715 3503 758 3568 [ci.
771 3505 823 3556 ind.
875 3509 1022 3572 ρεάοοίεω,
1049 3511 1092 3572 qui
1118 3510 1262 3559 audiendus
1289 3517 1328 3558 eet
1353 3512 1379 3559 in
1403 3512 1530 3562 infinitivo

167 3591 282 3640 Bonitzii
300 3607 324 3656 p.
337 3589 461 3656 453142]
479 3610 527 3644 nee
540 3597 623 3644 minue
637 3593 715 3658 probe
729 3588 827 3658 μᾶλλον
876 3591 977 3645 οἴεσθαι.
1005 3593 1154 3662 ποιήσαντος
1171 3597 1297 3646 Wimmer
1317 3591 1328 3660 Η
1357 3595 1388 3646 14
1407 3593 1530 3655 κώδωνας

167 3679 368 3742 οοωρεεειίνεω
390 3683 493 3746 exeipit.
516 3699 540 3732 ν.
560 3683 662 3732 Vahlen
686 3680 720 3730 ed
738 3677 823 3745 poeti
875 3682 931 3732 PF:
951 3697 1015 3731 corr.
1035 3682 1110 3734 Sturz
1129 3683 1159 3732 ci.
1178 3681 1222 3746 §9
1243 3677 1255 3748 ίΙ
1277 3678 1304 3733 δι’
1321 3680 1402 3732 ἰκεῖνα
1420 3685 1479 3734 PF:
1498 3680 1527 3734 δι’

169 3761 261 3828 12ῖεη.
272 3767 303 3815 τό
322 3781 346 3830 p.
358 3763 445 3826 5022
464 3765 523 3836 δρᾶν
536 3805 543 3819 .
556 3805 563 3818 .
577 3804 584 3818 .
596 3772 633 3835 τῷ
646 3764 758 3834 διαφανεῖ
774 3802 780 3817 .
795 3801 801 3816 .
816 3801 822 3816 .
877 3767 970 3818 ἐκεῖνον
990 3769 1144 3832 Schneider,
1162 3777 1224 3835 puta
1240 3766 1362 3820 ethium:
1385 3766 1414 3820 δι’
1435 3769 1529 3823 ἐκείνου

166 3850 209 3901 καὶ
223 3847 275 3918 ὀσιρ
287 3848 318 3901 ἀν
330 3847 509 3922 καθαρώτερον
521 3849 538 3922 ᾗ
553 3849 655 3920 μᾶλλον.
668 3849 718 3921 ὀσφ
729 3849 824 3918 μᾶλλον
876 3858 977 3908 Usener
989 3852 1001 3922 ii
1013 3852 1145 3922 ἀκούωμεν
1155 3859 1223 3922 pnF
1238 3855 1249 3924 Η
1262 3856 1341 3908 ἰκεῑνο
1349 3859 1380 3920 (1)
1390 3875 1428 3923 pr.
1438 3861 1459 3909 F
1470 3855 1484 3926 λλ
1499 3859 1530 3912 15

166 3935 378 3990 ἀνοοίίοεενετεε
386 3937 618 4008 ὃσθοεῖείειίίείμὴ
626 3937 681 3990 κτλ.
691 3942 825 3991 referende
875 3942 910 4006 πί;
939 3941 968 3994 τὸ
987 3943 1033 4012 γὰρ
1059 3945 1117 3996 PF:
1146 3960 1212 3995 οοιτ.
1234 3947 1360 3996 Wimmer
1380 3941 1392 4010 Ιλ
1412 3943 1530 4014 ὄσφρησις

166 4033 225 4075 eunt
237 4027 270 4075 ed
288 4029 365 4076 πᾶσαι
384 4029 415 4076 ci.
429 4045 453 4092 p.
464 4025 523 4090 503,
536 4025 595 4091 3eq.
612 4023 623 4092 λλ
639 4025 700 4078 2εά
711 4023 821 4096 περίδλλ
875 4047 926 4081 εεσ.
953 4033 976 4082 Ρ
1003 4034 1031 4082 in
1058 4047 1122 4096 meg.
1152 4028 1164 4097 Ιί
1196 4031 1227 4083 17
1256 4029 1358 4084 ἀναπνεῖ
1383 4035 1529 4098 corrigebat

164 4109 317 4178 όκρίνομεν
338 4114 395 4164 PF:
421 4129 486 4164 corr.
505 4114 650 4180 Stephanae
673 4116 703 4164 ei.
727 4111 823 4179 peon,
1164 4152 1201 4202 ,ηρ

165 4194 198 4247 27
238 4193 250 4262 Η
287 4195 303 4250 5
340 4197 489 4267 ίναρμόττον
528 4203 564 4254 Ρι
600 4199 755 4270 ίναρμόττειν
788 4201 823 4251 F:
876 4205 1017 4256 Schneider
1036 4201 1048 4270 Ιλ
1067 4205 1097 4258 19
1116 4203 1334 4285 ἀνεγνωσμίνηςΡ
1349 4207 1530 4274 (superscripta

165 4285 243 4348 vulgo
268 4283 412 4352 ἰναρμόττει
437 4303 469 4339 ex
493 4287 644 4340 Schneideri
668 4291 823 4339 coniectare.
875 4309 908 4342 m.
927 4293 1002 4354 εεο.)τ
1021 4291 1207 4361 ἀνεγνωσμίνηε
1226 4295 1247 4343 F
1269 4290 1281 4360 Ιλ
1306 4295 1337 4346 19
1350 4291 1530 4362 πεπληρῶσθαι

165 4371 209 4420 ned
248 4366 405 4424 iudiendum
442 4373 558 4442 κρίνομεν
590 4371 602 4440 li
636 4373 651 4426 7
682 4373 823 4442 συμβαίνειν
874 4381 931 4432 ΡΙίι
950 4396 1015 4430 corr.
1035 4381 1119 4444 Gerny
1141 4377 1153 4446 li
1174 4379 1206 4432 21
1226 4376 1388 4436 καθεύδοντες
1399 4417 1528 4432 ........

162 4457 206 4506 1²1⁴*
212 4476 219 4506 τ
246 4461 336 4522 scripti
367 4457 494 4526 συμβαίνει
524 4457 558 4512 δί.
594 4462 727 4512 deleverat
762 4475 821 4527 συμ·
875 4503 1056 4518 ...........
1069 4473 1170 4534 νοσμῶν
1192 4471 1286 4519 ίεοιιυιι
1310 4477 1425 4520 extremo
1453 4484 1528 4520 vereu

163 4539 252 4608 βαίνειν
278 4547 404 4596 wimmer
438 4542 450 4612 11
485 4546 502 4599 8
530 4543 637 4614 φθείρειν
668 4548 725 4598 PF:
756 4565 820 4599 corr.
873 4557 961 4605 relicte
979 4572 1017 4621 pr.
1036 4557 1066 4616 P,
1085 4571 1163 4618 quem
1181 4557 1295 4620 explevit
1312 4573 1363 4607 τεο.
1382 4558 1417 4607 Ρι
1436 4551 1527 4607 καθεύ-

161 4629 304 4682 Schneider
324 4627 417 4699 φθίνειν
440 4635 515 4684 simui
540 4651 696 4700 proponens·
720 4636 765 4686 ted
788 4637 819 4686 ef·
871 4639 955 4698 δοντες
972 4653 1086 4693 extremo
1105 4659 1190 4706 versu,
1208 4647 1308 4710 νοσμῶν
1320 4645 1394 4694 initio
1414 4645 1526 4708 proximi

161 4733 185 4780 p.
199 4713 301 4778 teeti
328 4715 341 4783 Ιί
369 4718 400 4772 10
427 4717 496 4789 φιλία
518 4723 695 4787 Empedoclea
722 4725 819 4787 opponi
871 4731 943 4778 nuile
966 4731 1059 4779 lecune
1084 4731 1208 4793 indieete,
1235 4731 1280 4781 eed
1303 4733 1330 4780 iu
1355 4745 1418 4793 ειυς.
1437 4731 1527 4780 eedem

161 4805 262 4854 videtur
279 4807 312 4871 τῇ
331 4801 411 4871 φθίσει
433 4825 457 4858 v.
471 4809 495 4870 6,
521 4811 592 4872 quod
610 4810 738 4859 intellexit
756 4811 817 4860 Phi·
870 4813 1126 4884 ωεῃιιζήβεθθοί.
1146 4811 1527 4883 ρ.498,15112411’ννίί

159 4891 271 4956 lippeen.
295 4889 354 4942 hine
367 4889 538 4960 συγκρίνεσθαι
556 4913 580 4944 ν.
591 4895 621 4946 11
635 4897 817 4960 explicandum
870 4899 903 4953 26
922 4904 999 4970 πνοῆς
1017 4918 1044 4952 τε
1063 4903 1123 4954 Pii:
1143 4919 1209 4954 corr.
1228 4904 1374 4970 Stephanus

160 4977 191 5028 ef.
203 4979 283 5028 Arist.
302 4995 327 5044 ρ.
341 4975 457 5032 333112.
477 4979 586 5032 934110
602 4978 614 5048 ii
632 4979 663 5032 12
677 4977 772 5034 ῖσωθεν
784 4985 816 5036 ei.
