3708 5732
692 379 963 431 PROLEGOMENA

247 669 292 724 [X
327 669 376 723 llll
393 664 650 724 efflorentem
667 663 869 723 usmetum!
887 665 986 723 APUD
1005 663 1210 724 CICERONEM
1227 663 1407 724 tussiens

227 825 321 904 Quod
332 823 373 889 de
385 821 568 888 Aristotelis
583 823 746 888 rhetorum
762 820 920 904 epitome¹
936 821 1058 888 iudicat
1067 821 1109 886 Μ.
1122 821 1246 886 Tullius
1260 820 1453 890 adulescens
1464 823 1505 890 de

152 931 268 995 invent.
284 928 351 992 112
371 937 387 990 6
413 923 465 988 ‘uc
479 935 595 988 celeres
611 926 731 1007 quidem
745 927 914 1004 scriptores
930 926 1008 988 ortis
1022 945 1118 1006 usqae
1133 943 1154 986 a
1174 925 1316 1008 principe
1337 927 1392 989 illo
1414 936 1505 1008 alque

151 1035 304 1096 incentore
327 1030 412 1093 Tisia
432 1030 577 1109 repetitos
599 1049 693 1091 unum
715 1030 748 1090 in
771 1029 871 1090 locum
893 1028 1043 1091 conducit
1065 1027 1245 1091 Aristoteles
1270 1039 1299 1091 et
1325 1030 1504 1092 nominatim

152 1137 294 1216 cuiusque
313 1141 483 1214 praecepta
506 1150 618 1212 mopua
640 1131 814 1212 conquisita
829 1151 907 1194 cura
919 1133 1084 1212 perspicue
1106 1133 1290 1212 conscripsit
1312 1141 1404 1213 atque
1426 1151 1504 1195 eno-

151 1240 222 1300 data
244 1237 408 1318 dilipenter
423 1235 576 1315 esposuit.
600 1251 638 1295 ac
660 1241 777 1296 tantum
798 1233 1008 1296 inventoribus
1030 1235 1108 1314 ipsis
1129 1236 1283 1297 suauitate
1305 1236 1333 1297 et
1354 1235 1504 1298 brevitate

151 1339 270 1404 dicendi
295 1337 465 1420 praestitit,
495 1346 528 1398 ut
554 1353 642 1397 nemo
664 1335 789 1398 illorum
809 1346 979 1416 praecepta
1001 1339 1201 1418 exipsorum
1227 1338 1316 1401 libris
1338 1351 1503 1418 capnoscat

147 1443 201 1506 sed
222 1461 326 1506 omnes
350 1441 402 1522 qui
427 1439 509 1520 quod
531 1439 579 1500 illi
598 1440 795 1520 praecipiant
817 1440 911 1502 uelint
932 1439 1105 1520 intellepere
1128 1441 1170 1502 od
1192 1441 1272 1504 hunc
1294 1445 1384 1524 quusi
1406 1463 1501 1524 quen-

149 1548 217 1610 dam
242 1545 337 1607 multo
365 1541 601 1607 commodiorem
628 1542 848 1622 explicatorem
874 1541 1093 1619 revertantur,’
1126 1542 1212 1608 idem
1240 1543 1302 1609 diei
1329 1551 1436 1628 potest
1460 1544 1502 1611 de

148 1644 360 1733 Theophrasti
377 1641 578 1730 Opinionum
594 1643 731 1728 sylloge.
754 1649 852 1725 atque
867 1641 900 1708 in
916 1641 987 1728 ipso
1001 1643 1157 1710 Cicerone
1172 1645 1335 1712 luculenta
1351 1649 1502 1732 exempla

149 1749 360 1818 inveniuntur.
383 1743 625 1830 limpidissimus
647 1743 719 1810 fone
741 1743 875 1809 scaturit
889 1744 923 1808 in
938 1745 1139 1812 Academicis
1161 1767 1200 1813 eo
1216 1749 1288 1814 loeo
1311 1749 1364 1814 dhi
1388 1757 1501 1816 contra

145 1851 295 1920 Antiochi
311 1850 444 1916 Sosum
459 1843 471 1878 ¹
485 1845 750 1913 Academicorum
770 1845 984 1929 patrocinium
1004 1847 1149 1914 sustinet.
1184 1870 1318 1934 quorum
1341 1853 1499 1920 dubitatio

145 1962 178 2022 ut
198 1951 407 2036 defendatur,
435 1947 701 2034 philosophorum
722 1947 868 2032 inprimis
891 1947 924 2012 in
947 1947 1113 2033 principiis
1135 1950 1292 2019 dissensio
1316 1955 1497 2022 effunditur.

224 2053 372 2122 Lucull.
393 2053 432 2116 37
452 2059 512 2115 118.

224 2159 374 2238 Princeps
398 2155 545 2230 Thales,
567 2173 647 2216 unus
669 2173 686 2215 e
706 2163 821 2234 septem
844 2156 896 2217 cai
915 2173 973 2218 sen
1001 2157 1137 2238 reliquos
1169 2159 1359 2224 concessisse
1379 2161 1499 2242 primus

142 2265 255 2344 sarrai,
278 2281 318 2324 ea
340 2277 423 2341 uque
445 2257 525 2320 diait
549 2267 691 2319 constare
712 2259 816 2320 omnia

224 2373 259 2427 at
280 2364 338 2426 hoo
359 2359 646 2424 Anaximandro
667 2361 816 2440 populari
838 2371 865 2422 et
886 2361 991 2425 sodali
1009 2379 1067 2424 suo
1086 2382 1149 2426 non
1167 2369 1343 2445 persuasit:
1370 2369 1398 2429 is
1419 2369 1498 2430 enim

142 2469 321 2547 infinitatem
343 2472 477 2526 naturae
500 2461 580 2523 dixit
601 2481 668 2524 esse
690 2483 706 2524 e
729 2483 790 2544 quo
813 2466 918 2526 omnio
938 2465 1134 2544 pipnerentur

220 2579 293 2652 post
326 2568 393 2628 eim
426 2561 552 2626 auditor
579 2565 829 2628 Anaaimenes
855 2567 1006 2646 infinitum
1034 2575 1112 2630 atra
1140 2569 1196 2630 sed
1223 2589 1261 2632 ea
1288 2589 1367 2652 quae
1393 2591 1433 2633 ea
1460 2591 1496 2634 eo

140 2681 301 2736 orerentur
323 2669 466 2748 definita:
486 2667 572 2746 pioni
594 2675 694 2728 aulem
716 2675 831 2729 terrum
852 2685 966 2749 aquam
987 2669 1087 2750 ipnem
1109 2680 1171 2732 tum
1193 2691 1233 2732 ea
1253 2673 1301 2736 his
1323 2675 1428 2736 omnia

221 2773 477 2852 Anuaaporus
507 2770 668 2831 materiam
695 2771 846 2850 infinitum
874 2771 930 2833 sed
957 2791 996 2832 ea
1024 2790 1062 2832 ea
1081 2775 1258 2852 particulas
1278 2778 1394 2840 similes
1416 2779 1495 2841 inter

136 2897 168 2939 se
190 2880 344 2948 minutam
367 2892 421 2936 eas
440 2875 572 2954 primum
593 2873 741 2952 confusas
759 2881 870 2952 postea
892 2875 925 2935 iu
948 2873 1088 2936 ordinem
1103 2875 1257 2940 adductas
1271 2889 1369 2942 mente
1388 2881 1495 2944 diuina

220 2977 472 3056 Xenophanes
499 2976 595 3055 poulo
627 2977 719 3038 etiam
748 2977 906 3057 antiquior
927 2995 1020 3036 ursum
1042 2996 1108 3039 esse
1129 2981 1234 3042 omnia
1253 3000 1350 3062 neque
1372 2983 1406 3044 id
1428 3004 1494 3046 esse

136 3080 281 3143 mutabile
304 3088 332 3142 et
354 3078 389 3139 id
411 3097 477 3140 esse
499 3077 588 3139 deum
611 3097 706 3158 neque
728 3086 834 3140 notum
855 3097 998 3160 umquam
1025 3090 1053 3140 et
1073 3083 1287 3161 sempiternum
1310 3087 1495 3166 conplohuta

36 3225 39 3232 ·
134 3185 236 3262 fipurn

218 3283 462 3347 Parmenides
485 3283 586 3363 ipuem
608 3284 810 3364 quimorem,
834 3291 951 3346 terram
974 3303 1054 3366 quae
1077 3283 1116 3346 alr
1139 3305 1175 3348 eo
1195 3287 1353 3366 formetur

217 3387 433 3467 Leucippus
454 3387 577 3466 plenum
599 3395 627 3448 et
649 3387 742 3446 inune

217 3491 451 3552 Democritus
472 3490 542 3551 huic
564 3489 597 3550 iu
618 3488 676 3550 hoe
697 3489 818 3564 similis,
841 3489 967 3551 uberior
989 3491 1022 3550 in
1045 3491 1153 3552 ceteris

217 3593 466 3672 Empedocles
487 3593 564 3654 haec
584 3591 768 3672 percolpata
790 3601 817 3652 et
839 3599 914 3654 notu
936 3599 1082 3672 quattuor

218 3695 436 3757 Heraclitus
458 3696 557 3774 ipnem

216 3797 394 3860 Melissus
423 3797 480 3860 hoe
510 3795 592 3878 quod
619 3803 698 3858 esset
729 3796 881 3874 infinitum
914 3805 941 3856 ct
976 3795 1153 3858 inmutabile
1182 3806 1210 3858 et
1240 3797 1340 3877 [uisse
1373 3819 1493 3880 semper

133 3907 159 3958 el
178 3899 251 3978 [ore

215 4001 329 4063 Plato
356 4019 395 4062 ea
417 4003 549 4064 materia
575 4002 608 4062 in
629 4020 663 4062 se
685 4001 790 4062 omnia
811 4000 977 4080 recipiente
998 4001 1143 4064 mundum
1163 4004 1282 4083 [aetum
1304 4025 1370 4068 esse
1393 4017 1493 4069 censet

132 4121 152 4164 a
177 4105 237 4168 dec
260 4104 479 4185 sempiternum

215 4207 444 4288 Pythoporei
476 4225 515 4268 ea
542 4206 677 4268 nummis
704 4212 733 4267 el
761 4206 1043 4268 mathematicorum
1076 4207 1174 4270 initiis
1202 4211 1362 4291 proficisci
1388 4211 1493 4274 colunt

131 4312 245 4373 omnio.

198 4397 267 4474 'Ex
291 4427 409 4492 graeco
433 4409 513 4476 haee
535 4429 631 4475 versa
657 4429 728 4474 esse
751 4413 784 4474 et
806 4407 900 4472 solito
924 4407 1052 4490 quidem
1082 4408 1194 4474 durius
1216 4411 1377 4478 neminem
1400 4413 1492 4496 fugit.

104 4521 108 4526 '
131 4509 254 4578 seilicet
276 4511 456 4576 Romanum
478 4531 543 4594 qua
562 4511 718 4594 gloriatur
740 4509 911 4576 verborum
946 4511 1147 4576 abundantia
1173 4512 1282 4577 deficit
1303 4511 1492 4598 impeditum

199 4698 207 4730 ¹
227 4695 425 4770 Ἀριστοτέλης.
441 4699 520 4753 ..διὰ
537 4704 583 4770 τῆς
602 4699 722 4768 ἐπιτομῆς
740 4705 792 4752 τῶν
812 4696 929 4768 ῥητόρων,
944 4702 1090 4752 Demetrius
1104 4703 1214 4766 Magnes
1232 4705 1300 4768 apud
1319 4705 1450 4755 Laertium
1464 4705 1492 4756 11

132 4786 189 4839 104.
220 4790 253 4838 ct.
274 4789 307 4838 V.
326 4790 395 4842 Rosa
413 4792 460 4840 Ar.
479 4792 523 4842 Pe.
542 4807 567 4854 p.
583 4787 681 4852 145sq.

200 4871 211 4904 ²
229 4891 265 4926 ex
284 4891 335 4939 qno
354 4879 419 4928 libro
438 4879 485 4928 suh
505 4877 607 4928 Luculli
626 4891 736 4940 persona
755 4876 900 4926 Antiochea
918 4877 1036 4926 doctrina
1055 4894 1076 4927 c.
1090 4875 1178 4928 5-18
1196 4879 1348 4942 explicatur.
1372 4877 1403 4926 cf.
1422 4875 1491 4938 510.

133 4959 170 5012 lt.
184 4959 227 5014 29.
242 4961 286 5014 49.
315 4966 346 5015 ct.
365 4965 472 5017 Krische
493 4965 555 5014 uber
572 4963 687 5013 Cicero'e
706 4961 862 5012 Academica
881 4961 978 5026 [Goett.
997 4963 1070 5014 stud.
1091 4962 1171 5028 1845]
1190 4981 1215 5028 p.
1233 4961 1282 5015 193
1293 4979 1331 5027 sq.
