3708 5738
496 419 757 471 rnnennnrun
774 421 823 470 nn
843 417 1014 470 snnsrens
1034 417 1167 480 §er-58
1447 415 1510 480 515

198 591 235 653 τὰ
258 591 442 672 διαστήματα
463 593 527 656 πῶς
550 588 728 673 ἐμφαίνεται,
750 587 862 670 καίπερ.
876 586 1064 671 ἐπιχειρήσας
1085 585 1177 668 λέγειν
1199 585 1252 650 οῦκ
1275 586 1461 650 ἀποδίδωσιν.

197 691 261 775 περί
286 691 338 773 μὲν
361 689 411 752 οῦν
435 688 531 774 ὄψεως
554 690 634 760 ἰδίως
656 688 718 754 ἔνια
733 688 906 774 βουλόμενος
921 688 1013 770 λέγειν
1027 687 1119 750 πλείιο
1133 687 1313 772 παραδίδωσι
1330 689 1459 772 ζήτησιν.
1477 695 1511 750 55

199 794 252 877 τήν
275 792 301 856 δ’
329 792 422 876 ἀκοὴν
445 791 656 877 παραπλησίως
678 794 755 854 ποιεῖ
774 794 834 859 τοῖς
856 790 963 860 ἄλλοις.
1000 789 1041 859 εἰς
1055 791 1109 874 γὰρ
1124 793 1157 855 τδ
1180 792 1262 855 κενδν
1286 791 1463 874 ἐμπίπτοντα

199 897 249 960 τὸν
272 897 345 981 ἀέρα
367 894 478 978 κίνησιν
500 895 643 976 ἐμποιεῖν·
667 895 742 978 πλὴν
765 894 808 957 ότι
830 895 905 958 κατὰ
920 897 977 956 πᾶν
993 893 1045 975 μέν
1062 893 1170 974 ὁμοίως
1184 894 1218 956 τὸ
1233 897 1320 978 σῶμα
1335 894 1462 973 εἰσιέναι,

149 1001 325 1081 ,ιμαλιστα
345 999 385 1064 ,δὲ
410 997 459 1060 καὶ
487 1000 620 1060 πλεῖστον
647 998 694 1060 διὰ
721 1001 779 1060 τῶν
808 997 908 1074 ὤτων,
936 997 979 1059 ότι
1002 995 1049 1058 διὰ
1071 997 1205 1060 πλείστου
1226 1020 1258 1060 τε
1280 1001 1365 1061 κενοῦ
1388 996 1460 1082 δέρ-
1501 1000 1502 1003 ’

200 1123 285 1185 χεται
319 1101 367 1164 καὶ
401 1103 507 1185 ἥκιστα
534 1097 758 1182 ’διαμίμνει’.
802 1099 846 1161 διὸ
877 1099 925 1162 καὶ
952 1097 1030 1162 κατὰ
1055 1098 1106 1180 μὲν
1134 1099 1167 1160 τὸ
1195 1097 1266 1162 ἄλλο
1295 1103 1383 1182 σῶμα
1409 1099 1463 1162 οὐκ

204 1202 406 1281 αἰσθάνεσθαι,
429 1204 522 1285 ταύτῃ
539 1203 572 1266 δὲ
587 1202 682 1284 μόνον.
718 1203 786 1266 όταν
802 1201 835 1264 δὲ
853 1201 933 1271 ἐντὸς
953 1201 1080 1284 γένηται,
1097 1200 1337 1266 “σκίδνασθαι’
1359 1202 1407 1266 διὰ
1428 1203 1462 1266 τὸ

202 1307 306 1388 τάχος·
329 1306 381 1388 τήν
397 1306 451 1390 γὰρ
466 1306 566 1390 φωνήν
581 1304 653 1368 εἶναι
669 1304 867 1386 ποκνουμένου
888 1308 940 1367 τοῦ
963 1303 1048 1388 ἀέρος
1062 1303 1111 1366 καί
1133 1304 1206 1386 μετὰ
1229 1305 1292 1390 βίας
1315 1305 1462 1374 εἰσιόντος.

202 1409 302 1492 ὥσπερ
325 1407 375 1474 οῦν
398 1409 481 1478 ἐκτὸς
503 1412 581 1472 ποιεῖ
600 1413 638 1490 τῇ
662 1409 724 1493 ἁφή
747 1409 800 1492 τὴν
822 1405 969 1489 αἴσθησιν,
992 1407 1069 1470 οῦτοι
1092 1406 1140 1470 καὶ
1155 1405 1246 1476 ἐντός.
1401 1406 1462 1477 eei·
1479 1417 1513 1473 56

161 1539 185 1578 10
202 1533 274 1574 τατα
295 1509 320 1573 δ’
348 1511 475 1588 ἀκούειν,
497 1510 522 1574 εἰ
546 1512 562 1573 ὁ
585 1510 637 1591 μὲν
666 1507 723 1579 ἔξω
745 1513 836 1594 χιτὼν
859 1507 905 1592 εἴη
933 1509 1055 1588 πυκνός,
1083 1510 1120 1572 τὰ
1143 1509 1175 1572 δὲ
1196 1509 1301 1594 φλεβία
1323 1509 1394 1574 κενὰ
1415 1511 1464 1574 καί

201 1619 242 1683 ὡς
265 1615 390 1696 μαλιστα
411 1612 519 1694 ἀνικμα
540 1611 588 1675 καί
610 1609 734 1696 εῦτρητα
757 1613 831 1676 κατά
853 1635 885 1674 τε
910 1611 944 1673 τδ
973 1611 1045 1674 ἀλλο
1074 1615 1162 1694 σῶμα
1188 1612 1236 1674 καί
1258 1611 1312 1696 τὴν
1334 1613 1464 1697 κεφαλὴν

203 1717 251 1780 καί
279 1716 331 1784 τὰς
357 1717 462 1792 ἀκοάς,
489 1712 531 1778 ἔτι
559 1715 592 1778 δὲ
617 1714 655 1778 τὰ
682 1715 755 1778 ὀστᾶ
782 1715 876 1778 πυκνὰ
903 1713 951 1776 καὶ
978 1715 994 1776 6
1019 1712 1178 1798 ἐγκέφαλος
1200 1711 1339 1798 εὔκρατος
1360 1716 1409 1778 καὶ
1430 1715 1464 1778 τὸ

200 1819 265 1902 περὶ
286 1819 374 1882 αὐτὸν
405 1821 445 1887 ὡς
472 1817 644 1901 ξηρότατον·
671 1817 779 1901 ἀθρόον
808 1817 862 1901 γὰρ
895 1815 929 1880 ἂν
956 1816 1048 1885 οῦτιυς
1077 1816 1194 1880 εἰσιέναι
1216 1817 1269 1901 τήν
1291 1818 1391 1902 φωνὴν
1415 1818 1466 1882 ἀτε

202 1921 250 1984 διὰ
263 1923 373 1984 πολλοῦ
387 1924 472 1985 κενοῦ
488 1921 536 1984 καί
552 1919 674 2001 ἀνίκμου
689 1920 737 1982 καί
752 1919 892 2004 εῦτρήτου
907 1919 1052 1982 εἰσιοῦσαν
1069 1919 1116 1983 καί
1132 1919 1208 2004 ταχῦ
1219 1918 1459 1984 *σκίδνασθαί

164 2049 187 2087 ιι
206 2023 254 2086 καὶ
277 2025 397 2106 ὁμαλῶς
418 2022 493 2086 κατὰ
515 2022 549 2084 τδ
572 2025 658 2104 σῶμα
680 2022 728 2085 καί
751 2021 785 2084 οό
809 2021 981 2084 διεκπίπτειν
1004 2019 1070 2090 ἔξω.
1189 2024 1223 2085 τδ
1247 2023 1299 2105 μὲν
1322 2021 1372 2087 οῦν
1395 2025 1464 2088 ἀσα-
1481 2031 1515 2086 57

205 2130 269 2210 φῶς
292 2127 438 2212 ἀφορίζειν
467 2125 575 2208 ὁμοίως
603 2122 666 2209 ἔχει
695 2129 756 2196 τοῖς
781 2123 888 2194 ἄλλοις.
932 2123 1040 2188 ἄτοπον
1069 2125 1101 2188 δὲ
1129 2125 1178 2188 καί
1207 2123 1278 2188 ίδιον
1305 2124 1364 2210 (τὸ)
1390 2125 1465 2190 κατὰ

201 2232 257 2292 πᾶν
279 2229 312 2291 τὸ
341 2232 428 2311 σῶμα
456 2229 505 2292 τὸν
532 2227 626 2312 ψόφον
654 2227 788 2304 εἰσιέναι,
815 2229 863 2291 καί
887 2227 954 2292 ὅταν
977 2226 1099 2310 εἰσέλθῃ
1127 2228 1174 2291 διὰ
1196 2232 1249 2311 τῆς
1273 2228 1381 2312 ἀκοῆς,
1405 2230 1463 2292 δια-

205 2331 324 2415 χεῖσθαι
357 2330 432 2394 κατὰ
464 2335 539 2408 πᾶν,
572 2330 672 2413 ὥσπερ
705 2330 739 2393 οὐ
773 2336 834 2400 ταῖς
862 2332 978 2409 ἀκοαῖς,
1011 2328 1075 2394 ἀλλ’
1109 2331 1169 2415 όλιμ
1197 2335 1240 2415 τῷ
1270 2333 1384 2413 σώματι
1411 2332 1464 2416 τὴν

203 2431 339 2516 αἴσθησιν
363 2432 462 2497 οὖσαν.
500 2433 534 2497 οὐ
557 2433 611 2517 γὰρ
633 2431 686 2496 κᾶν
709 2435 871 2519 συμπάσχρ
894 2455 920 2496 τι
942 2439 979 2517 τῇ
1003 2436 1091 2516 ἀκοή,
1114 2433 1162 2496 διὰ
1183 2438 1268 2496 τοῦτο
1291 2435 1339 2497 καί
1362 2434 1463 2500 αἰσθά-

165 2561 189 2600 eo
206 2559 295 2600 νεται.
338 2537 444 2607 πάσαις
466 2537 520 2622 γὰρ
542 2536 627 2600 τοῦτό
650 2559 683 2619 γε
705 2538 814 2620 όμοίιυς
840 2541 931 2616 ποιεῖ,
957 2537 1005 2600 καὶ
1027 2535 1061 2598 οό
1090 2536 1176 2618 μόνον
1198 2541 1261 2607 ταῖς
1284 2537 1465 2623 αἰσθήσεσιν,

206 2639 282 2702 ἀλλὰ
315 2640 363 2702 καὶ
395 2647 433 2722 τῇ
467 2645 561 2725 ψυχῇ.
606 2639 654 2702 καὶ
680 2641 745 2724 περὶ
773 2641 825 2724 μὲν
853 2639 948 2725 ὄψεως
974 2640 1022 2704 καί
1050 2640 1141 2724 ἀκοῆς
1169 2639 1262 2710 οὕτως
1294 2641 1466 2722 ἀποδίδωσι,

204 2741 255 2811 τὰς
284 2742 318 2805 δὲ
345 2741 434 2811 ἄλλας
461 2743 614 2827 αἰσθήσεις
640 2742 746 2826 σχεδὸν
773 2741 881 2826 ὁμοίως
909 2747 988 2808 ποιεῖ
1011 2745 1071 2811 τοῖς
1097 2741 1251 2813 πλείστοις.
1401 2745 1466 2831 περὶ
1483 2755 1517 2808 58

206 2845 239 2906 δὲ
260 2848 313 2908 τοῦ
334 2848 448 2930 φρονεῖν
471 2845 518 2908 ἐπὶ
540 2849 677 2910 τοσοῦτον
704 2843 832 2929 εἴρηκεν,
860 2846 904 2911 ότι
930 2847 1035 2930 γίνεται
1064 2846 1236 2930 συμμέτρως
1262 2845 1389 2932 ἐχούσης
1414 2853 1467 2934 τῆς

205 2951 303 3032 ψυχῆς
336 2948 410 3012 κατὰ
443 2948 495 3032 τὴν
528 2952 641 3032 κροῖσιν·
676 2947 726 3011 ἐὰν
759 2948 792 3011 δὲ
820 2948 996 3032 περίθερμός
1022 2971 1064 3019 τις
1091 2949 1110 3033 ή
1137 2949 1314 3035 περίψυχρσς
1340 2950 1467 3035 γένηται,

165 3079 190 3118 25
208 3052 409 3133 μεταλλάττειν
438 3049 520 3134 φησί.
576 3049 620 3112 διδ
649 3051 697 3113 καὶ
728 3051 795 3121 τοῦς
821 3052 961 3122 παλαιοὺς
987 3054 1085 3121 καλῶς
1113 3051 1196 3116 τοῦθ’
1225 3053 1393 3140 ὑπολαβεῖν,
1424 3056 1468 3119 ότι

206 3155 282 3220 ἐστὶν
299 3149 573 3238 ’ἀλλοφρονεῖν’.
608 3153 684 3216 ὥστε
699 3154 833 3239 φανερόν,
855 3155 899 3218 ότι
920 3159 958 3238 τῇ
982 3155 1081 3240 κράσει
1102 3159 1155 3218 τοῦ
1177 3157 1313 3240 σώματος
1335 3161 1414 3221 ποιεῖ
1434 3159 1468 3221 τδ

204 3261 335 3344 φρονεῖν,
362 3255 433 3339 ὅπερ
459 3253 530 3324 ίσυντ
556 3255 637 3340 αὐτῷ
665 3258 714 3320 καί
736 3259 811 3322 κατὰ
832 3258 916 3342 λόγον
940 3258 1000 3322 ἐστὶ
1023 3261 1111 3341 σῶμα
1132 3261 1260 3320 ποιοῦντι
1283 3259 1335 3344 τήν
1358 3262 1465 3346 ψυχήν.

157 3397 293 3467 Ιφαίνεται
302 3399 358 3449 PF:
374 3412 438 3447 corr.
450 3397 603 3461 Philippeon
617 3391 631 3462 ΙΙ
644 3392 691 3446 οῦκ
705 3397 813 3448 Sehnei-
868 3398 900 3452 15
930 3402 1017 3466 σαφῶς
1044 3399 1100 3449 PF:
1132 3400 1239 3450 correxi.
1270 3395 1300 3450 οἰι
1327 3404 1415 3468 σαφῶς
1450 3405 1519 3454 eoni.

157 3487 334 3542 σετιπιῖιςΡΙί
348 3479 361 3551 Η
376 3479 813 3551 4ροετπλὴνει1ι1.μὲνσιο6υιι1ε-
864 3490 990 3541 Wimmer
1013 3482 1027 3553 ΙΙ
1056 3485 1086 3538 16
1115 3483 1159 3536 καί
1184 3481 1217 3535 δι’
1245 3483 1282 3536 ὧν
1306 3489 1362 3539 PF:
1390 3488 1434 3540 καί
1459 3486 1521 3541 ίδιον

156 3575 268 3626 letumF
283 3569 297 3641 ΙΙ
312 3575 327 3626 6
341 3570 464 3640 διαμίμνει
476 3573 533 3622 FP:
553 3569 660 3639 διαμένει
673 3575 814 3624 Οειοοιίαε.
865 3577 950 3626 Ζε11ετ
973 3577 1004 3626 ef.
1024 3575 1155 3638 Theophr.
1175 3574 1207 3622 de
1226 3575 1299 3624 odor.
1320 3572 1354 3628 62
1375 3571 1520 3646 θαυμαστόν

157 3670 260 3714 servate
272 3669 311 3712 est
320 3678 372 3712 vox
381 3663 546 3711 Democritea
559 3661 590 3710 cf.
601 3677 626 3725 p.
638 3657 813 3722 513,26et29.
866 3660 892 3714 δὲ
915 3660 959 3712 καλ
989 3658 1050 3712 ίδιον
1077 3656 1106 3710 τό
1134 3658 1286 3728 συμπάσχειν
1309 3658 1378 3713 κτλι
1406 3660 1435 3715 τό
1460 3661 1522 3716 ίδιον

158 3753 275 3802 similiter
299 3743 444 3800 σκίδνασθαί
468 3745 598 3798 vv.7.14
621 3749 651 3798 ci.
670 3765 694 3812 p.
710 3745 815 3811 512,10
867 3752 1003 3802 Wimmer:
1022 3745 1065 3798 καὶ
1078 3743 1170 3816 ἄδηλον
1183 3748 1307 3798 ΜυΙΙιιοΙι.
1331 3747 1374 3800 καλ
1392 3745 1425 3800 δι’
1447 3747 1522 3803 ὤτοιν

157 3839 261 3902 Proleg.
280 3853 304 3902 ρ.
317 3833 369 3888 219
389 3832 403 3903 ΙΙ
425 3835 441 3888 8
465 3831 504 3884 διὰ
536 3830 565 3883 τὸ
587 3832 664 3902 τάχος
690 3835 748 3887 PF:
776 3833 815 3886 διὰ
866 3837 999 3888 Bureherd
1021 3831 1035 3904 Η
1054 3831 1082 3885 τὸ
1101 3835 1189 3885 addidi
1209 3829 1224 3902 ΙΙ
1245 3832 1277 3887 19
1297 3831 1326 3886 οἰι
1349 3835 1394 3904 γὰρ
1412 3837 1521 3890 Schnei-

158 3925 251 3994 τάχους
269 3924 386 3975 Mulleeh
410 3923 477 3973 conl.
501 3918 562 3984 §56
588 3940 613 3972 v.
628 3920 661 3972 14
679 3920 744 3990 ταχὺ
763 3921 815 3973 σκί-
867 3927 925 3976 der:
951 3922 972 3975 εἰ
995 3921 1040 3992 γὰρ
1066 3924 1110 3975 PF
1130 3917 1144 3990 ίΙ
1164 3921 1208 3972 καὶ
1227 3923 1366 3991 συμπάσχει
1384 3926 1442 3976 PF:
1467 3942 1523 3977 eor·

159 4008 270 4063 δνασθαι.
289 4005 430 4077 πανταχόσε
440 4011 542 4060 Usener
551 4011 581 4060 cf.
593 4027 618 4060 v.
630 4007 662 4061 18
674 4006 687 4078 ΙΙ
699 4011 815 4063 8τυπτυ·
867 4015 931 4064 rexi.
955 4010 976 4063 εἰ
988 4011 1032 4063 καὶ
1045 4010 1184 4078 συμπάσχιι
1196 4009 1338 4062 Schneider
1353 4007 1366 4078 Ιί
1380 4011 1423 4064 καλ
1437 4009 1523 4064 αἰσθά·

160 4099 236 4166 μίνου
254 4101 321 4149 coni.
340 4097 475 4148 Burehard
494 4097 525 4146 ci.
545 4097 611 4148 Geli.
628 4099 662 4148 N.
680 4099 713 4148 A.
730 4099 755 4149 V
772 4093 831 4172 15ιι
868 4096 952 4151 νισθαι
969 4101 1026 4151 PF:
1050 4115 1115 4150 eorr.
1139 4097 1289 4149 Schneider.
1317 4093 1365 4148 οῦκ
1383 4095 1525 4152 αἰσθάνεται

159 4183 334 4256 θρυπτομένου
346 4185 511 4250 Pepeneordt
522 4185 590 4234 conl.
600 4179 815 4250 PlacitJVliieii
869 4197 973 4239 servato
992 4188 1019 4238 in
1037 4186 1135 4252 protasi
1157 4181 1178 4234 εἰ
1197 4185 1322 4236 wimmer
1341 4182 1354 4254 ΙΙ
1375 4185 1410 4238 26
1432 4183 1525 4254 ὁμοίως

161 4271 177 4325 9
196 4269 264 4323 οὕτω
282 4277 314 4341 τῇ
333 4271 400 4341 ἀκοή
419 4269 487 4330 ἐντός
506 4274 573 4351 coni·
592 4272 742 4324 Schneider·
764 4271 817 4322 ior·
869 4271 1005 4342 πράτιστα,
1023 4269 1052 4324 οδ
1064 4274 1165 4324 Usener
1178 4266 1192 4339 ΙΙ
1206 4269 1240 4322 22
1258 4269 1351 4340 ὁμοίως
1363 4275 1420 4326 Pr:
1439 4270 1526 4342 ὁμοίας

162 4369 229 4412 iesse
247 4369 316 4412 reete
336 4356 350 4427 ΙΙ
370 4355 488 4417 όξότατον
507 4361 597 4424 vulger
619 4364 719 4411 correxi
743 4353 756 4427 ΙΙ
784 4357 817 4410 11
869 4361 1016 4427 Stephanus
1036 4357 1050 4427 ΙΙ
1069 4361 1136 4410 ποιοῖ
1152 4373 1229 4410 roser.
1248 4357 1297 4427 liii
1312 4358 1347 4414 24
1361 4359 1445 4431 ψυχῆς
1463 4361 1527 4430 μετὰ

162 4446 255 4515 ἄναιμα
277 4450 316 4501 P:
342 4445 432 4513 ἔνικμα
457 4463 494 4512 pr.
518 4449 540 4498 F
568 4447 594 4510 (ιι
618 4450 721 4499 iteravit
743 4461 820 4512 super
870 4445 917 4516 τὴν
929 4445 1025 4516 κίνησιν
1033 4448 1090 4499 PF:
1104 4447 1216 4498 correxit
1225 4445 1366 4501 Schneider
1378 4451 1409 4501 ci.
1422 4467 1447 4500 τ.
1455 4447 1488 4503 26
1502 4457 1528 4500 ει

162 4551 265 4587 versum
294 4551 346 4586 see.
369 4535 413 4596 m.)
441 4531 456 4602 ΙΙ
481 4533 548 4584 κατὰ
571 4531 598 4585 δὲ
620 4536 664 4587 PF
689 4529 703 4602 ΙΙ
729 4533 763 4585 12
788 4531 820 4584 ni
871 4553 896 4602 p.
910 4533 971 4598 516,
984 4535 1023 4590 16.
1036 4533 1080 4586 17:
1098 4536 1232 4600 vulgatum
1244 4536 1339 4586 frustra
1350 4545 1453 4587 tuentur
1464 4537 1527 4588 Phi·

162 4619 224 4672 ὀστᾶ
250 4625 285 4675 P:
309 4621 342 4673 τὰ
365 4624 448 4674 ο1ιΙίιι1
471 4622 493 4673 F
518 4617 532 4688 ΙΙ
559 4619 590 4672 13
609 4619 782 4690 ΕυρότατονΙί
807 4617 820 4688 ΙΙ
872 4625 989 4688 Ιίρρεσιι,
1012 4623 1165 4687 Heimeneth
1189 4623 1215 4672 d.
1233 4625 1311 4673 anim.
1337 4623 1416 4674 σατις.
1441 4641 1466 4689 p.
1485 4621 1527 4686 11,

163 4707 193 4761 ἂν
214 4711 272 4762 PF:
301 4727 352 4761 om.
374 4713 451 4764 Voss.
479 4709 579 4760 Oemot.
603 4705 616 4776 ΙΙ
643 4709 674 4762 15
698 4707 755 4760 οῦδὲ
778 4705 820 4759 ἐκ·
872 4708 1113 4776 Μυ11υε1ιρ.345,
1135 4710 1220 4761 ΖεΙΙει·
1236 4707 1269 4760 1⁴
1287 4707 1356 4762 8211
1380 4707 1394 4780 ΙΙ
1415 4709 1449 4764 25
1468 4707 1529 4762 διότι

163 4795 260 4848 πίπτειν
271 4797 329 4849 PF:
349 4799 451 4848 correxi
469 4798 499 4848 ef.
519 4797 650 4863 Theophr.
668 4799 693 4848 d.
711 4801 765 4863 ign.
780 4795 821 4848 17.
872 4798 930 4849 PF:
967 4801 1068 4850 eorrexi
1099 4795 1113 4866 ΙΙ
1145 4796 1179 4851 26
1210 4793 1368 4865 άλλοφρονεῖν
1402 4799 1455 4851 PF.
1497 4800 1529 4849 σί.

163 4887 273 4937 Annoe
295 4885 379 4951 probi.
406 4883 439 4936 14
464 4893 488 4932 14
515 4901 540 4948 p·
555 4882 668 4942 910117
697 4893 723 4936 et
751 4883 822 4936 141⁶
872 4885 953 4935 Arist.
980 4886 1013 4935 de
1046 4889 1133 4937 enimn
1154 4882 1203 4936 12
1236 4901 1261 4950 p.
1279 4881 1390 4936 404127
1417 4885 1529 4949 metaph.

165 4991 189 5038 p.
208 4971 303 5026 91015
327 4969 414 5040 ἀραιοῦ
436 4969 482 5040 γὰρ
505 4968 574 5029 όντος
597 4968 681 5029 αὐτοῖς
702 4971 748 5021 τοῦ
771 4967 820 5022 erir-
874 4965 924 5024 Γ5
946 4989 972 5038 p.
990 4969 1116 5024 1009136
1138 4970 1190 5034 [La
1207 4973 1296 5024 Reche
1319 4972 1388 5023 hom.
1407 4972 1530 5024 Texierit.

165 5075 243 5126 ματος
269 5057 299 5110 τὸ
330 5054 423 5128 θερμὸν
454 5055 539 5110 αῦτιῖιν
566 5055 616 5120 ίΕιυ
643 5056 779 5112 διεκπίπτει
808 5054 821 5126 ΙΙ
873 5075 898 5124 p.
911 5057 958 5123 31]
978 5053 992 5126 11
1012 5057 1045 5112 27
1065 5055 1126 5111 αῦτδ
1144 5059 1223 5126 pnF

1259 5141 1326 5209 33*
