3708 5732
513 435 519 449 .
652 405 927 488 rnonnoourus
1066 481 1068 488 y
1408 403 1470 470 129

120 575 281 660 seriptum,
309 591 380 641 eum
404 575 585 642 Stoieorum
608 573 757 640 notiones
779 592 1009 657 usquequaque
1037 592 1175 656 regnare
1202 583 1376 660 coeperant
1397 575 1418 642 i.
1442 597 1470 644 e.

120 677 336 744 soleatioorum
362 683 486 761 aetate,
515 695 651 760 quorum
678 674 792 742 studiis
820 674 934 740 Oieero
962 675 1065 740 Varro
1086 674 1183 741 Arius
1209 677 1339 743 omnino
1367 679 1472 745 omnis

120 779 216 846 ultimi
237 784 316 846 ante
333 778 408 846 Chr.
426 777 548 847 saeeuli
570 777 778 864 philosophia
792 776 912 843 nititur.
932 775 939 808 ¹
967 783 1066 860 atque
1080 796 1122 843 ex
1136 777 1259 844 eisdem
1274 780 1473 870 temporibus

120 879 312 947 Plaoitorum
342 902 471 967 quoque
498 881 639 966 origines
660 879 858 965 repetendae
883 885 972 965 sunt,
1001 898 1085 962 quae
1106 885 1223 962 postea
1250 882 1412 966 excerpsit
1441 891 1474 950 et

120 983 326 1067 locupletavit
357 984 480 1050 Attius.
525 984 584 1052 sed
620 983 663 1050 de
693 982 745 1048 his
777 980 911 1048 inferius
946 981 1061 1050 uiuam
1106 1001 1191 1048 nune
1223 982 1265 1050 de
1297 983 1474 1052 Clementis

119 1083 326 1153 Alexandrini
354 1087 501 1170 eegnatis
523 1084 684 1170 excerptis
710 1082 873 1150 corollarii
893 1083 997 1151 instar
1019 1083 1195 1169 disputatio
1217 1085 1293 1170 erit,
1321 1105 1364 1152 ne
1386 1087 1475 1170 quid·

120 1207 209 1272 quam
231 1188 319 1272 qnod
340 1187 384 1254 ari
406 1187 654 1255 Oieeronianum
676 1187 782 1252 loeum
803 1184 904 1253 faeiat
924 1186 1132 1271 praeteriisse
1154 1185 1334 1254 videamur.

198 1289 391 1375 Protreptie.
414 1291 435 1356 5
458 1300 493 1354 64
514 1311 545 1374 p.
561 1290 603 1355 55
618 1290 704 1355 Pott.

193 1389 414 1478 Ἐπιδραίμωμεν
436 1393 470 1457 δὲ
490 1392 516 1456 εί
539 1391 636 1478 βούλει
658 1391 707 1454 καὶ
728 1393 787 1454 τῶν
809 1391 977 1478 φιλοσόφων
999 1392 1051 1462 τὰς
1072 1393 1156 1465 δόξας
1178 1395 1249 1464 όσας
1270 1393 1395 1479 αὐχοῶσι
1409 1395 1474 1480 περὶ

118 1501 171 1559 τῶν
192 1495 284 1574 θεῶν,
305 1493 336 1558 εί
354 1494 396 1578 [θ]
424 1519 487 1566 πως
509 1494 558 1558 καὶ
581 1491 755 1579 φιλοσοφίαν
777 1492 868 1578 αύτῆν
894 1493 1056 1566 κενοδοξίας
1078 1495 1174 1562 ἕνεκεν
1197 1499 1475 1562 ἀνειδωλοποιοιῖσαν

119 1599 167 1684 τῆν
190 1599 262 1682 ύλην
287 1598 456 1684 ἐφεύρομεν
482 1597 508 1661 εἰ
531 1596 610 1680 [θῆ]
636 1597 684 1660 καί
707 1595 841 1679 δαιμόνια
866 1595 939 1660 ἄττα
960 1597 1167 1670 έκθειάξουσαν
1190 1601 1265 1664 κατὰ
1286 1601 1476 1684 παραδρομὴν

118 1705 299 1785 παραστῆσαι
322 1701 495 1786 δυνηθῶμεν
518 1700 742 1784 όνειριύττουσαν
764 1699 817 1784 τὴν
839 1698 991 1783 ἀλήθειαν.

199 1802 339 1889 Στοιχεῖα
360 1803 413 1886 μὲν
436 1800 486 1866 οόν
508 1801 604 1887 ἀρχὰς
626 1800 766 1866 ἀπέλιπον
785 1799 994 1886 ἐξυμνήσαντες
1016 1802 1137 1887 Θαλῆς
1160 1803 1335 1890 όΜιλήσιος
1349 1807 1382 1868 τδ
1399 1806 1477 1891 ύδωρ

198 1906 248 1969 καὶ
267 1903 494 1988 Ἀναξιμένης
516 1905 533 1967 ό
555 1903 603 1967 καὶ
626 1902 714 1972 αὐτὸς
735 1901 880 1988 Μιλήσιος
901 1905 951 1967 τδν
973 1904 1057 1989 ἀέρα,

199 2006 226 2094 ᾧ
249 2009 417 2093 Διογένης
440 2009 558 2092 όστερυν
582 2007 598 2068 ό
621 2003 857 2089 Ἀπολλωνιάτης
879 2005 1145 2090 κατηκολούθησεν.

202 2107 429 2194 Παρμενίδης
451 2109 484 2172 et
509 2109 526 2172 ό
548 2103 684 2190 Ἐλεάτης
705 2105 794 2177 θεοὺς
814 2107 990 2192 εἰσηγήσατο
1012 2111 1070 2193 πῦρ
1092 2109 1141 2173 καὶ
1163 2115 1228 2196 γῆν,

201 2211 325 2297 θάτερον
348 2213 382 2276 δὲ
402 2210 502 2276 aaron
524 2207 628 2291 μόνον,
650 2208 684 2270 τδ
705 2213 779 2294 πδρ,
802 2209 872 2274 θεδν
894 2209 1090 2295 δπειλήφατον
1106 2205 1268 2283 Ἵππασός
1289 2235 1321 2277 τε
1344 2217 1360 2278 ό
1382 2213 1479 2281 Μετα·

119 2315 247 2382 παντῖνος
269 2313 318 2378 καί
341 2316 357 2379 ό
376 2311 507 2399 Ἐφέσιος
525 2308 758 2396 Ἡράκλειτος.

202 2433 234 2498 p.
251 2414 335 2481 561³.
366 2413 604 2500 Ἐμπεδοκλῆς
625 2412 679 2497 γὰρ
702 2414 718 2476 ό
737 2411 954 2499 Ἀκραγαντῖνος
977 2413 1018 2483 είς
1039 2415 1154 2499 πλῆθος
1176 2417 1312 2500 ἐμπεσὼν
1334 2422 1405 2504 πρὸς
1420 2426 1479 2490 τοῖς

121 2515 252 2602 τέτταρσι
275 2518 429 2604 παχείαις
449 2515 562 2584 τούτοις
583 2517 677 2583 νεῖκος
699 2516 748 2578 καὶ
770 2517 868 2601 φιλίαν
890 2516 1110 2601 καταριθμεῖται
1132 2565 1141 2581 .
1164 2565 1173 2581 .
1197 2566 1205 2582 .
1231 2518 1243 2552 ²

203 2619 224 2703 §
239 2619 283 2684 66
297 2639 328 2704 p.
344 2619 385 2684 57
392 2619 429 2684 P.
463 2616 531 2682 Τῶν
553 2617 587 2680 δὲ
603 2615 700 2680 ἄλλων
714 2618 882 2704 φιλοσόφων
899 2620 962 2685 όσοι
983 2619 1020 2684 τὰ
1042 2625 1173 2706 στοιχεῖα
1193 2624 1366 2710 ὑπερβάντες
1380 2627 1481 2690 ἐπολυ

118 2722 326 2806 πραημόνηοοίν
340 2745 367 2786 τι
383 2720 560 2806 ὑψηλότερον
576 2719 625 2783 καὶ
639 2721 836 2806 περιττότερον
851 2723 879 2786 οἱ
902 2723 954 2806 μὲν
976 2723 1074 2788 αὐτῶν
1095 2725 1129 2788 τδ
1152 2723 1269 2810 ἄπειρον
1291 2727 1481 2812 καθύμνησαν

120 2824 160 2888 ὧν
179 2822 452 2908 Ἀναξίμανδρος
474 2825 491 2887 δ
514 2820 660 2907 Μιλήσιος
681 2821 718 2908 ῆν
741 2823 788 2887 καὶ
808 2821 1038 2910 ’Ἀναξαγόρας
1058 2824 1287 2910 όΚλαξομένιος
1303 2830 1351 2892 καὶ
1367 2828 1481 2915 δἈθη-

118 2930 198 2998 ναῖος
216 2925 425 3012 Ἀρχέλαος·
458 2926 553 2990 τούτω
576 2925 629 3008 μέν
651 2949 684 3008 γε
705 2924 796 3010 ἄμφω
818 2929 867 2990 τὸν
889 2931 955 2992 νοῦν
977 2928 1177 3013 ἐπεστησάτην
1198 2936 1235 3013 τῇ
1259 2932 1390 3017 ἀπειρίη·

205 3032 223 3094 δ
247 3029 281 3092 δὲ
303 3027 448 3113 Μιλήσιος
470 3028 668 3098 Λεύκιππος
690 3028 738 3092 καί
761 3031 777 3092 ό
800 3027 874 3099 Χῖος
897 3028 1133 3116 Μητρόδωρος
1155 3032 1251 3102 διττὰς
1270 3036 1311 3103 ῶς
1325 3032 1418 3100 ἔοικεν
1433 3037 1482 3100 καί

118 3131 199 3197 αὐτῶ
223 3131 320 3218 ἀρχὰς
342 3131 518 3216 ἀπελιπέτην
538 3133 573 3194 τδ
595 3133 704 3215 πλῆρες
726 3133 774 3196 καὶ
797 3133 831 3197 τδ
853 3133 945 3198 κενόν.

203 3255 236 3319 p.
254 3233 342 3298 581³.
386 3233 554 3319 προσέθηκε
575 3233 608 3296 δὲ
629 3233 728 3319 λαβιδν
753 3235 864 3299 τούτοιν
889 3240 950 3299 τοῖν
980 3238 1057 3302 δυεῖν
1086 3236 1123 3300 τὰ
1149 3233 1258 3300 εἴδωλα
1280 3237 1484 3326 όἈβδηρίτης

120 3336 355 3420 Δημόκριτος.

204 3439 299 3522 όηιίρ
320 3459 364 3502 τοι
386 3434 590 3523 Κροτωνιάτης
609 3437 804 3522 Ἀλκμαίων
831 3437 919 3507 θεοδς
947 3435 1023 3524 ᾤετο
1049 3440 1116 3509 τοὺς
1143 3441 1266 3525 ἀστέρος
1291 3441 1364 3506 εῖναι
1396 3443 1485 3528 ἐμψύ,

122 3561 193 3624 χους
216 3539 312 3610 ὄντας.

203 3643 240 3706 ού
260 3644 446 3727 σιωπήσομαι
468 3643 538 3708 οὐδὲ
559 3645 612 3728 τὴν
633 3643 743 3708 τούτων
758 3643 971 3728 ἀναισχυντίαν.
1005 3642 1225 3730 Ξενοκράτης
1248 3643 1450 3732 Καλχηδόνιος
1465 3646 1486 3724 ’,

193 3863 201 3896 ¹
221 3866 398 3918 Tertullianus
421 3869 449 3918 iu
472 3868 549 3917 simili
572 3875 690 3918 νοιεαοιιι
707 3875 859 3931 argumento
878 3867 937 3918 adv.
956 3867 1117 3918 Marcionem
1135 3869 1150 3920 1
1170 3867 1215 3922 13:
1236 3905 1242 3918 .
1261 3906 1268 3920 .
1288 3906 1294 3919 .
1313 3871 1394 3920 deos
1412 3885 1487 3933 pro-

122 3955 361 4004 nuntiaverunt
383 3963 417 4004 ut
438 3954 557 4005 Thales
575 3969 700 4019 aquam,
719 3963 752 4006 ut
769 3956 956 4006 Heraelitue
974 3957 1079 4018 ignem
1097 3964 1130 4006 ut
1147 3958 1365 4008 Anaximenes
1384 3971 1489 4008 aerem

121 4051 154 4088 πι
170 4041 423 4092 Anaximander
445 4044 596 4094 universa
619 4039 778 4093 eoelestia
801 4052 835 4091 ut
859 4041 968 4093 Strato
993 4043 1118 4094 eaelum
1142 4053 1173 4095 et
1196 4052 1329 4106 terram,
1353 4051 1386 4094 ut
1404 4045 1489 4094 Zeno

121 4141 229 4178 aerem
248 4137 282 4178 et
299 4128 470 4190 aetherem,
490 4137 521 4178 ut
539 4130 635 4180 Plato
654 4130 761 4179 sidera
779 4129 863 4194 quod
881 4143 980 4192 genus
993 4130 1122 4181 deorum
1135 4132 1263 4196 igneum
1277 4131 1426 4196 appellet.
1445 4129 1491 4179 sed

122 4223 276 4280 exeerptnm
294 4215 398 4266 brevius
416 4223 455 4266 est
473 4231 550 4279 quern
569 4223 598 4265 ut
617 4218 649 4266 de
668 4217 768 4280 origm
787 4217 912 4281 disputari
931 4219 1019 4282 possit

192 4297 204 4330 ¹
228 4305 364 4368 impugnat
385 4305 437 4354 iam
461 4303 580 4354 Clemens
602 4303 771 4368 philosophos
795 4305 965 4355 barbarorum
990 4305 1060 4354 eultn
1086 4304 1169 4354 obiter
1197 4313 1347 4356 memorato.
1383 4303 1491 4369 Scythas

123 4389 244 4452 gladium
262 4392 382 4441 venerari
402 4385 517 4458 καθάπερ
536 4385 645 4448 Εύδυξος
663 4387 689 4440 ἐν
706 4386 809 4458 δευτέρᾳ
828 4385 879 4458 Γῆς
892 4387 1011 4459 ,περιόδου
1028 4387 1106 4458 λέγει,
1129 4391 1296 4442 Sauromatae
1315 4392 1437 4440 acinacen
1457 4386 1492 4446 ῶς

121 4489 197 4542 φησιν
205 4469 310 4532 Ἱκέσιος
322 4474 348 4528 έν
356 4481 394 4544 τῷ
405 4471 465 4548 Περὶ
475 4476 629 4547 μυστηρίων,
639 4479 777 4530 Persarum
790 4493 889 4542 mages,
902 4481 983 4530 Asiae
996 4479 1062 4528 alios
1072 4481 1181 4542 incolae,
1194 4479 1352 4530 Macedonas
1362 4480 1447 4542 ignem
1457 4474 1493 4533 ῶς

122 4575 184 4630 φησι
195 4557 318 4632 Διογένης
336 4561 362 4614 έν
373 4559 468 4633 τρόπῳ
482 4559 622 4634 Περσικῶν,
640 4564 751 4616 eundem
763 4563 939 4630 Sauromatas,
959 4576 988 4617 ut
1001 4559 1175 4633 Νυμφόδωρος
1194 4564 1220 4616 ἐν
1234 4561 1358 4633 Νομίμοις
1377 4561 1493 4631 βαρβαρι-

121 4655 185 4707 κοῖς.
211 4653 309 4702 Persas
321 4651 415 4702 Medos
433 4667 523 4716 magos
542 4654 590 4704 sub
609 4653 670 4704 diro
684 4665 757 4704 saera
774 4652 860 4703 faeere
872 4648 886 4702 ό
901 4647 993 4704 Δείνων
1006 4649 1071 4720 λίηιι
1089 4656 1175 4718 ignem
1188 4661 1214 4704 et
1226 4668 1321 4717 aquarn
1335 4659 1493 4702 reuerentes.

122 4739 231 4789 eosdem
254 4747 358 4789 anctore
382 4739 529 4792 Artaxerxe
550 4743 625 4805 rigna
645 4739 731 4790 colere
749 4741 865 4804 coepisse
888 4733 1026 4808 Βῆρωσσυς
1044 4737 1070 4790 ἐν
1087 4739 1159 4808 τρίτη
1181 4733 1335 4790 Χαλδαϊκῶν
1352 4735 1492 4807 παρίστησι.

119 4826 264 4877 ambitiosa
281 4827 386 4876 testium
406 4830 567 4879 enumeratio
587 4830 700 4880 alienum
718 4827 816 4877 iontem
834 4826 962 4878 adscitum
981 4843 1038 4878 esse
1058 4835 1191 4879 monstrat.

193 4909 306 4978 3νιιίςυ
329 4905 522 4982 Καρχηδόνιας,
539 4909 711 4983 Χαλκηδόνιος
735 4914 874 4966 Haeselrel.
911 4907 1086 4984 Καλχηδόνιος
1109 4923 1258 4966 correxerat
1275 4913 1415 4965 Kriselrene
1428 4909 1492 4965 318π

124 5009 186 5052 anta
205 4999 338 5051 Cobetum
357 4995 446 5069 Δόγιυς
460 4995 557 5070 Ἑρμῆς
575 5003 589 5055 I
608 4999 667 5056 244.
1076 5003 1080 5014 '

174 5107 272 5160 Diale,
290 5109 436 5163 nexooroprn
455 5111 538 5162 ςτιοοί.
1275 5083 1295 5148 9
