3710 5730
712 399 989 450 Pnonnconnun
1487 387 1525 460 21

253 568 390 635 Constat
416 568 547 633 conlato
576 567 722 650 Diogene
748 567 808 632 Vll
832 567 894 632 138
923 565 1004 632 hacc
1037 566 1070 632 in
1097 567 1263 632 Posidonii
1295 571 1525 650 μετεωρολοηικη

166 675 349 758 στοιχειώσει
363 669 459 735 simili
474 669 571 735 modo
587 675 726 734 tractata
738 668 849 752 fuisse,
865 666 916 754 [cf.
929 668 996 732 Arii
1012 669 1141 753 Didym.
1153 670 1191 734 fr.
1204 671 1246 736 29
1262 675 1295 735 et
1307 671 1357 752 31,
1374 667 1528 755 [Aristotl

164 774 207 840 de
233 773 342 838 mund.
363 774 384 838 2
406 793 436 856 p.
454 773 675 838 391119-16.
704 771 811 837 Zellcr
831 771 879 836 lll
900 773 928 852 1,
955 769 1045 858 bill,
1076 772 1134 837 sed
1156 772 1250 837 simul
1272 779 1411 855 apparet
1432 792 1527 853 qnam

166 875 280 941 inscite
303 894 456 940 nnmems
477 873 533 938 ille
552 872 699 938 senarius
721 873 887 938 conlectus
909 873 959 938 sit.
995 873 1052 939 sed
1074 873 1116 939 de
1130 874 1259 940 inscitia
1273 893 1338 938 non
1354 873 1527 955 litigamus.

165 977 266 1044 trahit
295 976 381 1044 enim
411 994 471 1040 sua
502 995 661 1060 quemque
689 977 840 1060 voluptas
872 996 979 1059 neque
1010 981 1141 1041 nostrae
1168 975 1267 1042 aetati
1299 975 1528 1060 Pythagoreas

165 1078 404 1165 superstitionis
426 1077 571 1144 fautores
592 1077 800 1143 illustrissimi
823 1078 1003 1144 doluerunt.
1045 1079 1144 1143 multo
1167 1079 1299 1162 gravius
1322 1075 1477 1160 peccavit,
1501 1075 1526 1139 si

165 1183 340 1266 genuinam
363 1179 509 1263 magistri
531 1179 714 1246 doctrinam
728 1179 950 1246 fraudulenter
968 1181 1038 1245 istis
1054 1180 1146 1263 nugis
1162 1180 1438 1245 accommodatam
1455 1197 1528 1243 esse

167 1285 298 1370 probari
320 1289 437 1368 potest.
471 1280 666 1348 Posidonius
688 1287 806 1346 terram
829 1281 862 1346 in
885 1288 1007 1365 septem
1032 1301 1130 1346 zonas
1145 1281 1255 1346 divisit
1277 1279 1326 1366 [os.
1344 1280 1453 1345 Posid.
1469 1281 1526 1346 rel.

169 1389 244 1454 coll.
258 1386 353 1452 Balre
375 1406 405 1469 p.
421 1382 485 1470 96].
513 1383 589 1466 quid
612 1403 690 1450 vero
717 1382 860 1449 Achilles
880 1382 948 1465 phoc
974 1391 1024 1449 est
1049 1383 1235 1450 Diodorus?
1265 1404 1296 1466 p.
1315 1383 1399 1448 lblo
1426 1384 1452 1444 ct
1475 1383 1527 1462 μὲν

164 1493 218 1574 γὰρ
248 1489 279 1559 ἓξ
306 1489 395 1557 αὐτὰς
423 1487 504 1550 εἶπον
533 1491 573 1555 ὡς
602 1485 742 1571 Πολύβιος
770 1487 818 1549 καὶ
850 1485 1041 1557 Ποσειδώνιος
1071 1489 1123 1572 τὴν
1153 1485 1380 1567 διακεκαυμένην
1409 1486 1449 1553 εἰς
1475 1485 1527 1548 δύο

163 1594 348 1677 διαιροῦντες,
372 1592 399 1652 ol
421 1589 454 1652 δὲ
476 1589 560 1652 πέντε
582 1587 744 1672 παρέλαβον
768 1589 867 1671 ὥσπερ
886 1587 1095 1673 Ἐρατοσθένης
1117 1591 1164 1652 καὶ
1187 1588 1268 1652 ἄλλοι
1291 1588 1391 1651 πολλοὶ
1415 1587 1457 1656 οἷς
1479 1587 1526 1649 καὶ

165 1698 249 1778 ἡμεῖς
272 1688 439 1781 [Achilles]
462 1692 768 1774 κατηκολουβήσαρεν.
814 1697 848 1754 υ1
870 1690 998 1775 Polybii
1020 1701 1107 1756 recte
1130 1690 1267 1756 refertur
1288 1689 1459 1771 sententia,
1481 1688 1528 1753 ita

166 1794 333 1861 Posidonii
360 1799 473 1878 aperte
500 1794 584 1858 salso
607 1793 647 1858 cl.
671 1792 777 1858 Strab.
793 1793 861 1857 113
883 1814 914 1876 p.
930 1793 988 1877 96,
1016 1793 1068 1874 qui
1097 1791 1194 1857 etiam
1223 1792 1341 1857 erroris
1368 1790 1526 1855 rationem

165 1919 232 1964 non
255 1897 392 1963 obscure
413 1894 578 1979 patefacit.
612 1915 686 1960 nam
709 1894 754 1960 ibi
776 1915 904 1977 quoque
919 1895 1075 1979 Polybius
1090 1895 1316 1960 Posidonianis
1339 1893 1542 1959 coniunctus·

167 2007 226 2066 cst
271 1999 397 2066 amsdit
417 1999 557 2064 fortasse
579 1998 636 2063 illa
658 2017 785 2080 quoquc
807 2017 923 2082 causa,
951 1997 1036 2080 qnod
1063 2017 1119 2062 sex
1142 1998 1241 2062 caeli
1264 1998 1373 2063 circuli
1395 2017 1416 2060 a
1438 1997 1527 2062 Posi·

164 2102 264 2169 donio
280 2121 397 2168 revera
411 2100 590 2166 enumerati
605 2120 677 2166 esse
689 2099 848 2183 videntur,
864 2099 891 2164 si
907 2099 1036 2182 quidem
1048 2100 1173 2165 Seneca
1185 2099 1224 2164 N.
1238 2097 1296 2176 Qu.
1313 2100 1340 2164 V
1358 2100 1395 2164 17
1416 2099 1528 2164 stalis

164 2205 384 2272 ratiocinatur.
428 2203 477 2268 Ex
506 2201 640 2268 Diodori
667 2202 764 2284 igitur
792 2201 1019 2266 Posidonianis
1048 2201 1286 2268 commentariis
1314 2201 1525 2286 repetendum

163 2317 237 2373 esse
252 2307 413 2373 contendo
428 2305 580 2390 quioquid
595 2304 775 2370 Stoicorum
798 2323 887 2368 more
909 2303 1209 2369 mathematicorum
1226 2307 1428 2388 explanatur.
1457 2304 1525 2370 reri
1592 2385 1595 2391 ἱ

162 2408 268 2474 simile
299 2417 349 2476 est
376 2415 549 2493 praeterea
578 2427 661 2490 quae
689 2407 821 2472 decreta
848 2404 1022 2489 Chrysippi
1051 2403 1092 2490 [p.
1111 2407 1196 2471 1261
1210 2443 1250 2452 „.
1265 2408 1324 2472 127
1333 2403 1361 2490 υ]
1390 2405 1526 2490 proban-

166 2517 217 2574 tnr
239 2517 297 2574 aut
318 2511 548 2596 Epicureorum
572 2509 751 2574 aliorumve
773 2508 1003 2592 impugnantur
1026 2506 1063 2594 [c.
1082 2507 1132 2594 131
1156 2528 1196 2573 ex
1219 2510 1334 2575 codem
1350 2507 1526 2572 Posidonio

163 2619 200 2678 nt
223 2633 263 2679 er
286 2612 376 2680 sonte
396 2614 574 2698 repetenda
596 2631 679 2694 esse,
703 2611 789 2677 unde
805 2610 988 2676 Cleomedis
1010 2610 1141 2676 libellus
1163 2611 1281 2677 acerba
1295 2609 1525 2694 Epicureorum

160 2714 311 2782 irrisione
340 2715 476 2798 insignis
504 2735 609 2798 paene
636 2721 722 2780 totos
750 2718 922 2797 excerptus
944 2719 1002 2778 cst.
1049 2713 1123 2778 hinc
1150 2733 1221 2778 cunr
1249 2712 1316 2777 alia
1345 2713 1526 2778 communia

161 2818 290 2902 utrique
319 2827 384 2883 tum
413 2818 615 2902 planetarum
639 2823 746 2881 motus
768 2817 927 2898 exempla.
961 2815 1105 2880 Achilles
1128 2817 1264 2898 p.132n
1287 2817 1386 2898 ὥσπερ
1408 2817 1434 2878 εἰ
1453 2819 1525 2885 νεὼς

159 2919 202 2988 εἰς
225 2919 328 3004 βορέαν
349 2920 455 3004 ἄνεμον
476 2922 638 3006 φερομένης
652 2921 790 3005 ἐπιβάτης
807 2919 811 2949 ¹
837 2919 877 2987 εἰς
894 2920 975 2982 νότον
991 2918 1053 3002 παρ’
1082 2917 1114 3002 ll.
1131 2915 1189 3003 ἐπ’]
1211 2918 1287 3000 αὐτῇ
1303 2923 1340 3000 τῇ
1356 2919 1401 3000 νηὶ
1417 2918 1523 3002 τρέχει.

160 3028 195 3087 et
215 3043 247 3104 p.
265 3023 358 3086 1401,
381 3025 426 3086 διὸ
448 3025 496 3088 καὶ
520 3022 695 3106 παρατρέχει
718 3023 803 3104 ἡμῶν
822 3023 873 3104 τὴν
891 3019 954 3103 ὄψιν
975 3023 993 3104 ἡ
1017 3025 1067 3084 τοῦ
1084 3021 1233 3104 μύρμηκος
1250 3021 1368 3102 κίνησις,
1391 3021 1524 3104 ὀξυτέρας

160 3125 251 3206 οὔσης
273 3125 351 3208 (τῆς)
370 3131 421 3189 τοῦ
437 3131 544 3210 τροχοῦ
566 3124 606 3189 cl.
623 3145 652 3206 p.
672 3123 742 3205 169,
760 3124 777 3186 7
797 3141 827 3186 a.
844 3122 863 3186 i.
892 3122 1074 3188 Cleomedis
1091 3124 1181 3188 locus
1196 3129 1246 3188 est
1268 3123 1319 3186 13
1340 3143 1368 3204 p.
1384 3123 1422 3185 21
1441 3121 1523 3186 Bals.

159 3229 197 3290 τὰ
220 3229 272 3309 μὲν
296 3227 346 3290 οὖν
369 3229 483 3311 ἀπλανῆ
500 3229 681 3291 ἀπεικάσειεν
704 3225 739 3288 ἄν
761 3247 801 3294 τις
817 3226 965 3308 ἐπιβάταις
981 3227 1037 3288 ὑπὸ
1060 3221 1151 3310 [toll]
1175 3228 1246 3294 νεὼς
1261 3225 1441 3308 φερομένοις,
1464 3271 1471 3286 .
1491 3271 1523 3286 ..

159 3329 312 3412 tironicio
345 3328 366 3392 d
400 3330 434 3393 ἂν
464 3332 512 3392 καὶ
542 3329 681 3413 μύρμηξιν
711 3329 758 3392 ἐπὶ
790 3332 947 3410 κεραμικοῦ
977 3333 1084 3412 τροχοῦ
1113 3329 1166 3412 τἠν
1197 3327 1325 3390 ἐναντίαν
1354 3335 1395 3412 τῷ
1425 3334 1523 3412 τροχῷ

159 3438 368 3514 προσιρετικιῖις
391 3429 561 3516 έρπουσιν.’

247 3531 419 3598 Difficilius
441 3539 491 3598 est
512 3531 690 3597 diiudicatur
712 3531 745 3596 in
768 3550 862 3612 quem
887 3550 977 3594 usum
994 3529 1128 3594 Diodori
1152 3529 1281 3612 scriptio
1311 3529 1408 3595 suerit
1430 3531 1525 3596 desti-

159 3643 248 3700 nata.
283 3633 572 3701 mathematicosne
592 3635 745 3700 docturus
766 3639 837 3698 erat
852 3651 895 3696 an
907 3632 1090 3715 philologos
1104 3631 1238 3696 Aratum
1253 3631 1526 3715 interpretantes?

162 3757 203 3802 err
227 3735 357 3802 Achille
379 3743 527 3801 neutrum
550 3736 681 3820 probari
703 3741 820 3820 potest,
847 3755 919 3800 oum
940 3733 1188 3798 commentarios
1210 3733 1307 3798 ctiam
1330 3733 1412 3799 alios
1434 3734 1524 3818 Arati

160 3837 356 3904 adhibuerit
390 3845 477 3903 certe
496 3837 604 3921 Apion
620 3837 811 3903 Plistonices
833 3857 865 3919 p.
882 3837 968 3901 12411
990 3856 1056 3900 non
1079 3856 1119 3901 ex
1135 3834 1279 3902 Diodoro
1295 3835 1450 3921 repetitus
1466 3843 1524 3902 est.

159 3941 219 4006 scd
233 3939 310 4006 vide
324 3959 367 4004 ne
382 3937 470 4022 apud
485 3939 577 4004 Arati
593 3940 786 4006 scholiastae
802 3939 875 4022 plus
898 3938 939 4002 sit
954 3937 1076 4002 auxilii.
1113 3937 1157 4003 ibi
1179 3938 1229 4003 bis
1252 3939 1385 4004 Diodori
1408 3957 1526 4004 memo·

159 4043 209 4107 ria
222 4041 349 4108 citatur.
369 4040 412 4105 ad
426 4060 458 4106 v.
471 4041 536 4106 254
555 4045 626 4126 πρὸς
643 4045 659 4108 ὃ
677 4043 861 4124 Διόδωρος
877 4042 929 4122 μὲν
946 4041 1172 4122 ὑποχουνίδος
1187 4041 1288 4126 γράφει
1304 4042 1383 4110 ὅπως
1396 4042 1414 4124 ἡ
1427 4043 1525 4124 κνήμη

160 4145 342 4229 σημαίνοιτο,
366 4141 559 4228 Μηνόραντος
579 4145 612 4207 δὲ
634 4143 835 4226 ἐπιγουνίδα
858 4144 909 4227 τὴν
925 4145 1037 4227 κνήμην
1053 4145 1153 4207 ἀκούει
1175 4145 1223 4206 διὰ
1238 4145 1271 4205 τὸ
1286 4141 1356 4205 εἶναι
1373 4140 1414 4206 ἐπ’
1435 4143 1525 4205 αὐτοῦ

161 4244 273 4333 [schol
292 4245 398 4312 Bckk.
422 4243 523 4332 αὐτῆς]
552 4250 585 4311 τὸ
607 4250 674 4330 γόνυ
697 4245 747 4334 [cf.
768 4245 868 4312 schol.
891 4244 997 4310 Bclrk.
1021 4266 1052 4328 p.
1070 4247 1111 4310 14
1134 4242 1176 4330 16]
1199 4251 1231 4309 et
1253 4243 1296 4308 ad
1317 4263 1348 4307 ν.
1365 4245 1427 4308 223
1450 4245 1466 4308 6
1493 4245 1525 4306 δὲ

159 4352 264 4419 ἵππος
287 4350 382 4433 ἐντῷ
405 4354 456 4413 τοῦ
478 4351 545 4419 Διὸς
568 4349 641 4436 οἴκῳ
663 4350 750 4436 ἤγουν
768 4355 810 4434 τῷ
827 4347 941 4432 οὐρανῷ
965 4349 1042 4411 ἐστιν
1065 4373 1084 4432 η
1108 4352 1148 4417 ὡς
1172 4347 1347 4430 Διόδωρος
1370 4344 1485 4414 ἔνδιος
1509 4349 1525 4410 h

160 4539 257 4608 λέγεται
276 4537 302 4590 dl
323 4535 458 4607 πολλαχῶς
476 4536 578 4607 σι’νρανός
597 4541 669 4590 deest
687 4541 794 4605 πρῶτον.
832 4549 884 4588 turn
904 4540 1015 4588 Zenonis
1034 4539 1150 4588 delinitio
1170 4539 1252 4588 alters
1269 4544 1321 4596 cst,
1341 4535 1409 4584 unde
1428 4537 1449 4586 si
1468 4537 1526 4601 γοῦν

163 4637 231 4678 recte
250 4627 368 4686 traditum,
387 4643 440 4676 non
460 4629 531 4678 nulla
549 4628 740 4678 interciderunt.
770 4629 806 4676 sic
825 4627 866 4676 hic
886 4641 988 4690 quoque
1007 4626 1124 4674 senarius
1142 4625 1267 4674 efficietur
1286 4637 1414 4674 nrunerus.

236 4713 242 4743 ¹
263 4715 314 4764 hoo
337 4715 483 4777 exemplum
508 4717 618 4778 praeivit
636 4715 744 4763 Aristot.
762 4713 794 4762 do
813 4716 890 4763 arrim.
908 4714 920 4764 l
940 4711 955 4762 3
975 4729 999 4776 p.
1012 4709 1113 4764 406¹5
1133 4707 1189 4760 καθ’
1212 4707 1293 4776 ἕτερον
1311 4705 1336 4759 δὲ
1355 4705 1458 4774 λέγομεν
1481 4705 1525 4757 ὅσα

161 4803 264 4851 κινεῖται
283 4805 320 4866 τῷ
338 4798 364 4849 la
383 4799 521 4867 κινουμένην
540 4797 600 4851 εἶναι
618 4797 669 4850 οἷον
687 4796 825 4866 πλωτῆρας·
846 4796 875 4849 ου
894 4798 940 4866 γὰρ
958 4795 1052 4864 ὁμοίως
1070 4799 1196 4846 κινοῦνται
1213 4801 1250 4862 τῷ
1270 4793 1357 4862 πλοέιρ.

235 4884 318 4936 ²alia
335 4889 454 4952 exempla
473 4887 665 4938 Posidonianae
684 4887 817 4936 doctrinae
842 4889 909 4936 infra
928 4888 954 4935 in
974 4903 995 4935 c.
1015 4886 1046 4934 de
1065 4884 1178 4934 ronnbus
1198 4885 1268 4932 Aelii
1291 4897 1433 4946 apponam,
1459 4883 1525 4930 unde

164 4975 212 5024 hoc
233 4975 373 5040 praecipio,
392 4977 543 5042 opinionum
563 4991 579 5024 a
596 4975 737 5025 Plutarcho
757 4974 950 5023 abhorrentium
969 4973 1128 5036 aliquantum
1146 4986 1178 5020 cx
1198 4969 1340 5021 Posidonio
1360 4967 1472 5018 linxisse.
