3648 5736
477 413 615 466 τκιτκτ
634 415 774 466 ειετοιι.
793 415 933 467 mos,
950 413 990 468 18.
1004 414 1045 467 ιν.
1058 413 1093 466 κο
1406 413 1466 478 611

155 583 367 666 ὁμοιομερείας,
389 583 569 668 Διόδωρος
592 585 625 648 δὲ
647 587 663 648 ό
686 582 799 669 Κρόνος
828 584 1052 668 ἐπικεκλημένος
1081 585 1175 669 ἀμερῆ
1204 583 1252 648 καί
1279 582 1417 668 ἐλάχιστα

156 687 293 765 στόματα,
322 685 536 770 Πυθαγόρας
559 685 592 748 δὲ
613 687 680 756 τοὺς
702 687 854 771 ἀριθμοός,
877 688 905 749 οἱ
928 687 1173 770 μαθηματικοὶ
1197 687 1230 748 δὲ
1251 685 1288 748 τὰ
1309 685 1420 768 πέρατα

155 789 213 848 τῶν
235 788 390 870 σωμάτων,
413 788 578 872 Στράτων
601 789 634 851 δὲ
656 791 672 853 ὑ
694 791 815 874 φυσικὸς
837 789 1118 873 προσωνομασμένος
1140 789 1191 857 τὰς
1213 787 1379 870 ποιότητας.

765 1120 838 1182 19·

125 1321 137 1359 ⁵
238 1300 347 1388 Ἀρχὴν
375 1303 408 1364 δὲ
432 1303 480 1366 καί
509 1301 602 1366 αἰτίαν
632 1306 707 1374 τινὲς
736 1305 789 1388 μὲν
816 1303 962 1390 ᾠήθησαν
988 1305 1082 1389 μηδὲν
1104 1305 1240 1388 ἀλλήλων
1262 1301 1418 1388 διαφέρειν,

156 1405 232 1474 τινὲς
254 1404 287 1466 δὲ
308 1404 361 1488 τήν
384 1405 480 1491 ἀρχὴν
502 1405 703 1490 καθηγητικήν
725 1408 841 1472 πάντων
864 1407 937 1471 εἰναι
959 1407 1121 1491 νομίζουσιν
1144 1406 1199 1470 οὑκ
1220 1405 1313 1470 αἰτίαν
1329 1403 1418 1468 οὑσαν

155 1510 206 1570 τοὺ
238 1507 345 1578 παντὸς
378 1508 622 1590 ἀποτελέσματος.
666 1511 699 1573 τὸ
731 1511 764 1572 δὲ
794 1509 823 1572 ἐν
858 1511 973 1595 ἑκάστῳ
1005 1513 1119 1594 πρῶτον
1150 1508 1222 1572 εἰναι
1254 1510 1357 1572 δοκοῦν
1386 1509 1419 1571 τδ

160 1608 250 1672 αἴτιον
272 1611 419 1694 ἡγήσαντο
450 1611 642 1690 καθεστάναι,
672 1609 709 1674 δι’
738 1613 754 1676 ὑ
785 1611 906 1696 γίγνεται
937 1612 974 1676 τὰ
1004 1613 1236 1695 ἀποτελέσματα.
1278 1610 1357 1674 αἰτια
1386 1611 1419 1673 δὲ

163 1711 303 1775 ὑπέθεντο
324 1712 466 1796 τέσσαρα·
490 1715 747 1799 προκαταρκτικόν,
769 1715 785 1778 δ
809 1715 967 1798 πεποιηκὸς
979 1712 984 1799 ἠ
997 1715 1250 1800 παραμεμένηκεν,
1272 1713 1321 1777 καί
1342 1710 1418 1797 (συν-
1435 1732 1471 1771 ιω

117 1834 139 1871 ιυ
157 1814 292 1899 εκτικόν),
315 1815 350 1879 οὑ
372 1816 514 1899 παρόντος
534 1817 570 1879 τδ
591 1817 776 1903 ἀποτέλεσμα
791 1821 911 1903 πάρεστι
924 1818 972 1882 καὶ
988 1818 1173 1900 πεπαυμένον
1187 1817 1419 1901 παρενήλλακται

156 1919 204 1982 καὶ
228 1918 388 2000 αὐξομένου
411 1918 451 1987 εἰς
474 1918 601 1983 ἐπίδοσιν
616 1922 727 2004 πρόεισι
743 1923 792 1986 καί
808 1921 980 2005 μειουμένου
995 1921 1174 1998 ἐλαττοῦται,
1196 1920 1242 1996 (τὸ
1258 1916 1304 2002 δὲ)
1326 1917 1420 1982 συναί-

155 2043 214 2084 τιον
244 2022 385 2107 ὑπάρχειν
413 2019 539 2106 ἔφασαν,
567 2024 658 2108 δτήν
687 2023 753 2108 ἰσην
780 2026 900 2108 δύναμιν
927 2025 1121 2109 συμβαλλεται
1149 2024 1221 2107 πρὸς
1252 2022 1285 2084 τὸ
1317 2021 1419 2084 ἀπυτέ·

156 2126 249 2206 λεσμα
273 2125 313 2192 ὑς
335 2123 383 2186 ἐπὶ
405 2127 463 2187 τῶν
485 2125 628 2208 ἀροτικῶν
651 2127 740 2211 βοῶν,
763 2129 897 2212 συνεργὸν
921 2128 954 2189 δὲ
974 2127 1103 2189 δοκεῖτὸ
1119 2126 1222 2210 μικρὰν
1242 2124 1334 2210 ροπήν
1348 2126 1420 2208 πρὸς

153 2226 187 2289 τδ
215 2224 400 2308 ἀποτέλεσμα
430 2226 544 2308 εἰσάγον
567 2229 608 2296 ὡς
630 2227 678 2290 ἐπὶ
705 2231 784 2293 δυοῖν
806 2229 893 2294 δοκδν
919 2229 982 2311 ἅμα
1012 2228 1158 2312 φερόντων
1189 2227 1338 2296 δυσκόλως
1369 2227 1418 2290 καί

116 2347 139 2384 1⁵
158 2329 229 2411 ῥᾷον
252 2327 401 2406 οἰσόντων,
424 2328 449 2391 εἰ
472 2328 565 2412 τρίτος
587 2329 741 2412 ἐπιγένοιτο
764 2331 1019 2415 συνδιακουφίζων.

311 2657 354 2721 20
390 2656 467 2741 περὶ
490 2655 639 2741 φὺσεως.
678 2667 789 2732 [Partim
808 2683 841 2718 ex
859 2668 928 2718 Plut.
947 2669 982 2732 pl.
1001 2665 1181 2732 phi1.1120t
1199 2629 1275 2729 301]Ι
1434 2675 1471 2712 νου

245 2843 337 2907 Φὺσιν
368 2844 441 2914 τινὲς
467 2843 540 2908 εἶναι
571 2843 684 2928 λέγουσι
714 2847 828 2927 τνεὺμα
857 2839 990 2928 ἔντεχνον
1020 2842 1231 2924 ὑδοπυιητικόν.
1276 2841 1359 2906 ἄλλοι
1389 2844 1422 2907 δὲ

159 2946 212 3030 τήν
234 2949 293 3009 τῶν
316 2947 462 3028 σωμάτων
484 2947 629 3031 σύγκρισιν
651 2945 788 3011 εἶναικαὶ
810 2946 950 3030 διάκρισιν
971 2947 1024 3030 τήν
1045 2945 1130 3030 φὺσιν
1160 2945 1421 3030 ὑπολαμβάνουσιν.

154 3046 399 3133 Ἀριστοτέλης
421 3047 455 3110 δὲ
476 3047 572 3132 ἀρχὴν
600 3051 742 3134 κινήσεως
769 3048 817 3112 καί
839 3049 962 3133 ἠρεμίας
984 3047 1113 3132 εἴρηκεν,
1141 3049 1181 3116 ὡς
1208 3047 1323 3132 πρῶτόν
1350 3047 1421 3128 ἐστι,

120 3172 145 3210 κο
162 3152 210 3216 καί
232 3151 267 3214 οὑ
285 3149 359 3214 κατά
381 3151 565 3236 συμβεβηκὸς
586 3152 759 3236 γεγενῆσθαι
781 3151 900 3233 νομίζει.
936 3151 1045 3236 φυσικὰ
1066 3151 1099 3214 δὲ
1121 3147 1192 3213 εἶναι
1214 3149 1291 3233 λέγει
1306 3150 1342 3214 τὰ
1357 3151 1421 3235 περὶ

163 3255 212 3318 τὸν
236 3253 321 3337 ἀέρα,
342 3251 419 3337 φυτὰ
440 3257 506 3339 ζῷα
528 3256 576 3319 καί
598 3255 634 3318 τὰ
656 3259 784 3319 τοιαῦτα.

108 3435 309 3446 ...μ-.-
815 3435 1017 3446 .—

110 3528 126 3580 2
149 3527 209 3587 τοὺς
230 3525 351 3599 ἀριθμοὺς
378 3531 415 3582 Ba
441 3532 487 3583 τοὺ
515 3527 624 3601 ἀριθμοῦ
649 3535 675 3585 A
704 3529 718 3599 ΙΙ
742 3531 765 3582 ο1
817 3545 869 3598 χτιν
887 3527 901 3579 δ
918 3530 954 3580 B:
973 3525 1016 3580 ὑπ.
1035 3527 1131 3599 ἰφασαν
1149 3526 1198 3582 ἀπὸ
1216 3533 1242 3580 A
1263 3526 1277 3598 Η
1297 3527 1331 3581 13
1349 3534 1472 3598 συμεργτίν

109 3619 146 3668 B:
165 3619 253 3668 ons-A
269 3613 283 3686 ΙΙ
298 3616 314 3670 3
329 3616 558 3688 προωνομασμένας
571 3621 636 3673 AN:
652 3617 763 3689 προωνό-
816 3619 841 3667 A
865 3614 880 3684 Η
908 3617 939 3668 14
961 3615 1001 3668 ἰπί
1025 3615 1092 3668 δυοῖν
1114 3613 1189 3668 δοκδν
1210 3618 1246 3669 B:
1275 3615 1365 3670 ἰπιδεῖν
1392 3615 1473 3670 δοκεῖν

110 3717 174 3770 μοστ
190 3705 225 3757 B:
245 3721 311 3756 corr.
330 3707 355 3756 D
1444 3722 1469 3774 τι

143 3792 161 3843 4
188 3793 345 3844 inscribitB
367 3790 423 3859 πιρί
446 3789 527 3862 ἀρχῆς
549 3792 592 3843 καὶ
617 3790 696 3851 αἰτίας
714 3789 766 3861 115
818 3791 999 3857 compendiose
1026 3795 1052 3842 A
1081 3788 1097 3859 ΙΙ
1125 3789 1275 3862 ἀμφοτέροιν
1301 3789 1316 3844 δ
1339 3795 1377 3844 A:
1404 3792 1473 3862 ἀμφο

109 3876 155 3945 μίν
168 3894 219 3930 om.
233 3880 256 3932 B
271 3876 285 3948 ΙΙ
299 3875 417 3947 ἀλλήλων
435 3879 471 3932 Βι
491 3877 575 3932 ἄλλων
594 3882 618 3930 A
639 3877 653 3948 Η
670 3881 686 3934 6
703 3878 766 3936 τινὲς
817 3875 835 3947 ἠ
852 3879 887 3931 Βι
913 3875 966 3947 ἅμα
988 3895 1054 3930 corr.
1075 3880 1114 3942 D,
1137 3877 1264 3948 φερόντων
1287 3882 1437 3933 Ηείικιεοείίι
1457 3877 1473 3950 ΙΙ

110 3963 155 4032 μίν
171 3966 234 4018 AB:
253 3982 320 4018 corr.
344 3969 366 4018 1.
387 3967 550 4020 eunomius
570 3963 584 4034 Η
609 3967 625 4018 7
644 3964 766 4019 ἰπιτιλίσ-
818 3965 862 4017 καὶ
879 3969 919 4017 A:
937 3963 955 4034 ἠ
974 3966 996 4016 Β
1016 3959 1031 4032 ΙΙ
1051 3964 1085 4018 15
1103 3963 1222 4018 οἰσόντων
1239 3970 1278 4018 A:
1297 3963 1404 4020 οἴσονται
1422 3967 1444 4018 Β
1459 3963 1473 4036 Η

110 4066 201 4120 ματος·
219 4057 259 4106 τῶ
276 4053 303 4108 δί
321 4055 382 4106 AB=
400 4069 467 4105 οοττ.
485 4056 511 4106 D
532 4050 545 4122 ΙΙ
565 4053 592 4106 ἰν
609 4051 709 4106 ἰκάστω
728 4057 766 4106 Δι
817 4051 927 4122 ἠτρίτος
940 4051 1071 4121 ἰπιγτίνετο
1085 4053 1143 4120 (οἱα)
1156 4059 1194 4106 A:
1212 4053 1256 4106 καὶ
1271 4053 1353 4124 τρίτος
1367 4050 1473 4123 ἰπήγετο

111 4137 211 4193 δκιίστω
233 4141 256 4193 Β
275 4137 291 4209 ΙΙ
310 4139 400 4194 δοκοὺν
427 4157 477 4192 om.
498 4142 521 4193 B
543 4137 557 4208 ΙΙ
580 4137 767 4194 δκοθιστᾶναι
817 4141 853 4192 B:
872 4142 1056 4192 συναλίσαντα·

109 4225 236 4296 ἡγήσαντο
253 4228 290 4280 Βι
314 4226 426 4298 ἠγήσατο
444 4223 592 4281 καθιστάναι
610 4231 634 4280 A
654 4226 668 4296 ΙΙ
688 4227 767 4287 αἰτίας
857 4225 888 4280 17
901 4225 965 4285 τινὲς
976 4228 1057 4280 Stoici
1076 4231 1108 4280 cf.
1126 4231 1205 4294 Diog.
1218 4231 1272 4280 vn
1286 4227 1336 4283 156
1350 4225 1363 4298 Η
1377 4226 1475 4297 λέγουσι

110 4316 159 4366 AB
171 4312 186 4384 ΙΙ
198 4331 265 4381 quae
276 4327 419 4381 sequuntur
430 4319 458 4367 in
470 4316 552 4369 Sexto
565 4319 613 4368 1.σ.
626 4316 668 4368 ΠΙ
680 4315 720 4369 15.
734 4316 767 4370 16
819 4316 855 4366 Βι
881 4313 970 4382 λέγουσ
993 4318 1019 4366 A
1040 4311 1052 4382 ΙΙ
1075 4315 1108 4366 18
1126 4312 1251 4385 σὺγκρισιν
1273 4317 1371 4369 Aldina
1395 4315 1474 4370 1525:

111 4405 227 4456 similiter
239 4405 379 4471 compilata
388 4412 449 4455 nunt
457 4406 527 4456 unde
536 4407 647 4470 plurima
656 4406 769 4454 correxit
820 4399 936 4470 εἰσκρισιν
959 4403 1007 4453 ΑΒ
1032 4405 1064 4454 τί.
1083 4419 1107 4468 p.
1121 4402 1182 4466 610,
1192 4401 1226 4456 20
1250 4413 1276 4455 ετ
1298 4405 1475 4468 Anaxagorae

110 4491 136 4540 D
156 4487 170 4557 Η
190 4489 341 4560 9τίσσαρος
358 4492 406 4542 AB
427 4486 440 4558 ΙΙ
463 4489 485 4542 ιί
502 4488 675 4559 καταρκτικήν
693 4491 728 4542 B:
748 4488 769 4541 εἰ
821 4493 947 4540 sententia
969 4492 1038 4556 apud
1056 4492 1125 4543 Ρὶυκ
1137 4492 1151 4541 1
1163 4488 1220 4542 302
1244 4509 1268 4556 p.
1282 4488 1387 4554 326,22
1407 4487 1420 4558 Η
1444 4491 1474 4544 19

111 4574 578 4647 καταρκτικόςΔΙΙδπτποιηκιίιςΑι
593 4574 652 4646 ὅπερ
665 4593 768 4645 πεποιη-
821 4575 903 4645 ἀρχὴν
930 4577 965 4628 Bt
989 4575 1070 4645 ἀρχήν
1097 4593 1124 4628 τε
1150 4578 1176 4628 A
1205 4573 1219 4644 Η
1248 4577 1291 4629 καί
1314 4576 1417 4646 ἠρεμίας
1439 4579 1474 4630 B:

111 4662 197 4722 κόςΒ
223 4664 237 4733 ΙΙ
256 4663 400 4718 συντκτικίιν
418 4667 479 4718 τόδ.
498 4661 558 4732 1)Ιί
580 4665 612 4717 10
630 4662 659 4716 οὑ
679 4665 713 4716 B:
738 4662 768 4714 οὑ
821 4679 872 4714 om.
895 4665 920 4714 A
945 4661 959 4732 ΙΙ
983 4662 1081 4733 εἴρηκεν
1104 4681 1137 4716 εκ
1159 4661 1263 4732 ἠρεμίας
1280 4663 1307 4717 ἰν
1329 4673 1476 4732 corruptum

110 4755 137 4802 A
150 4749 165 4819 ΙΙ
178 4752 338 4820 πεπαυμένον
349 4757 388 4805 A:
407 4750 565 4818 πεπαυμένον
581 4753 604 4804 Β
620 4750 633 4819 ΙΙ
651 4753 679 4804 11
695 4749 768 4812 αἰνζο-
820 4752 886 4801 dixit
902 4752 927 4801 D
945 4759 974 4802 ut
990 4753 1151 4802 scribendum
1163 4761 1231 4802 υεεετ
1249 4769 1306 4802 enm
1325 4751 1476 4804 Plut.112

111 4837 188 4906 μένου
205 4842 244 4890 A:
268 4837 432 4907 αὐξανόμενον
453 4839 475 4890 Β
496 4835 509 4906 ΙΙ
529 4836 546 4907 ἠ
564 4835 662 4891 ἰλάττω
680 4837 708 4890 τί
729 4841 767 4889 A:
820 4835 846 4888 έν
858 4833 879 4906 ᾦ
890 4834 1001 4906 πρώτως
1013 4837 1069 4890 κτλ.
1080 4837 1093 4907 Η
1105 4836 1139 4890 99
1151 4836 1258 4905 νομίζων
1272 4839 1331 4890 AB:
1345 4853 1410 4889 corr.
1423 4838 1448 4888 D
1461 4835 1475 4908 ΙΙ

112 4924 229 4980 ἐλάττοσι
250 4928 286 4980 B:
305 4929 414 4980 ίοτιοτευ
434 4922 578 4992 ἠλάττωται
597 4929 627 4978 οἱ.
646 4922 768 4994 παρινήλ-
820 4922 846 4976 δὲ
865 4939 916 4977 om.
935 4927 958 4977 B
977 4924 991 4993 11
1011 4935 1070 4978 ποτε
1092 4923 1157 4993 λέγει
1180 4935 1219 4977 est
1240 4923 1311 4977 δοκεῖ
1325 4927 1411 4976 statim
1429 4925 1475 4975 de·

111 5011 202 5066 λακται
222 5010 237 5084 ΙΙ
255 5012 284 5067 τί
307 5012 333 5066 δὲ
356 5014 415 5065 add.
434 5014 458 5063 D
486 5009 499 5080 ΙΙ
527 5012 557 5065 19
577 5012 671 5082 ἔφασαν
690 5009 767 5082 ὑπάρ-
819 5015 897 5064 letum
915 5013 938 5064 B
958 5009 973 5080 ΙΙ
991 5012 1022 5064 τὰ
1040 5013 1095 5082 περὶ
1112 5013 1147 5066 Βκ
1164 5007 1183 5063 τί
1202 5011 1268 5080 (τήν)
1287 5010 1354 5080 παρὰ
1371 5015 1396 5062 A

1207 5095 1273 5163 39*
