3708 5738
160 2017 530 2084 ΘΕΟΦΡΑΣΤΟΥ
564 2016 689 2082 ΠΕΡΙ
724 2018 968 2085 ΦΥΣΙΚΩΝ
1002 2016 1178 2084 ΔΟΞΩΝ
1213 2015 1442 2083 ΒΙΒΛΙΩΝ
1474 2002 1519 2082 iH

686 2291 986 2349 ΑΠΟΣΠΑΣΜΑΤΙΟΝ

613 2561 735 2618 ΠΕΡΙ
767 2561 1069 2618 ΑΙΣΘΗΣΕΩΝ

736 3042 861 3092 Codicum
879 3043 945 3104 sigla

462 3182 484 3232 P
508 3183 643 3232 Parisinus
664 3179 729 3233 1921
754 3182 834 3232 chart.
860 3197 880 3231 s.
898 3181 963 3232 XIV
982 3181 1072 3244 quadr.
1095 3177 1285 3244 [0,29><0,tt]
1308 3181 1324 3230 i.
1344 3177 1480 3244 297'sqq.
1504 3195 1520 3230 a

563 3269 638 3318 nobis
657 3271 782 3318 conlatus.
801 3269 992 3332 distinguuntur
1009 3268 1075 3316 dnse
1093 3282 1184 3317 menus
1203 3269 1275 3332 pr.P
1295 3275 1320 3316 et
1338 3269 1422 3318 sec-P

462 3353 484 3402 1t
508 3355 698 3405 Laurentianus
715 3355 872 3404 LXXXVII
885 3350 920 3404 20
942 3354 1059 3418 bombyc.
1082 3369 1103 3403 s.
1116 3355 1195 3414 XIV,
1220 3355 1308 3416 quadr.
1327 3352 1487 3416 t.147=sqq.
1505 3367 1522 3402 a

563 3442 635 3490 Hier.
656 3442 761 3491 Vitellio
780 3455 910 3492 exeussus.
929 3441 1120 3505 distinguuntur
1138 3442 1199 3490 item
1217 3439 1289 3504 pnF
1306 3448 1333 3490 et
1350 3455 1399 3490 sec.
1418 3441 1439 3488 F

552 4281 856 4334 SUPPLEMENTUM
874 4281 923 4332 DE
944 4279 1139 4332 CODIOIBUS

254 4453 330 4514 Quse
344 4454 376 4502 de
389 4453 569 4503 Laurentiano
590 4454 622 4503 ab
639 4453 799 4520 Hieronymo
817 4455 923 4504 Vitellio
942 4455 1086 4518 professore
1103 4453 1255 4503 Florentino
1275 4453 1381 4502 edoctus
1400 4468 1455 4501 sum
1474 4469 1530 4503 cum

167 4539 201 4588 sd
218 4540 411 4603 Prolegomena
430 4539 467 4605 [p.
482 4537 643 4604 115-117]
665 4541 788 4591 adbibere
806 4541 869 4590 mibi
887 4555 941 4590 non
959 4541 1073 4601 licuerit,
1099 4557 1168 4591 nunc
1196 4555 1261 4604 quse
1284 4541 1429 4589 necessario
1448 4546 1528 4588 retra·

163 4627 258 4675 ctanda
277 4635 336 4676 suut
357 4627 495 4690 proferam.
534 4628 642 4678 feliciter
661 4631 775 4692 contigit,
801 4635 828 4678 ut
846 4627 921 4676 simul
940 4629 1006 4676 alter
1024 4629 1198 4693 Theophrasti
1221 4628 1305 4677 codex
1327 4627 1349 4677 P
1372 4625 1530 4676 Academiae

161 4713 341 4762 Berolinsnsis
365 4722 458 4777 rogatu
483 4717 629 4779 nuperrime
651 4717 679 4765 in
703 4722 818 4764 nostrum
842 4729 916 4763 nsum
934 4715 1042 4765 Parisiis
1066 4716 1115 4764 huc
1137 4715 1324 4765 transferretur.
1362 4715 1449 4776 iterque
1470 4727 1530 4763 cum

164 4799 293 4861 Vitellius,
313 4814 379 4862 ques
398 4809 437 4850 est
455 4803 526 4851 illius
545 4803 572 4852 iu
592 4801 723 4852 codicibus
746 4802 908 4852 excutiendis
920 4803 1029 4852 scientis
1047 4811 1073 4851 et
1091 4803 1258 4866 experientis,
1279 4815 1332 4849 uon
1351 4801 1435 4848 solum
1454 4801 1532 4850 verba

165 4887 297 4950 scriptoris
323 4886 458 4949 diligenter
480 4905 538 4937 cum
560 4890 581 4938 F
605 4891 766 4951 contulisset,
794 4890 839 4940 sed
863 4891 941 4938 etiam
962 4889 1131 4938 librariorum
1152 4888 1352 4951 discrepantiam
1375 4887 1534 4939 distinxisset

161 4973 235 5034 (nam
254 4989 291 5037 pr.
304 4973 326 5023 F
345 4974 460 5024 codicem
474 4977 600 5036 exerevit,
621 4974 749 5028 recentior
760 4992 810 5026 sec.
823 4976 853 5036 F,
876 4977 963 5039 quode
976 4977 1054 5034 infra,
1074 4975 1205 5037 correxit),
1224 4975 1286 5037 quin
1300 4974 1377 5022 etiam
1389 4975 1533 5026 incredibili

160 5061 250 5110 lsbore
273 5061 371 5110 litteras
396 5063 421 5110 in
441 5065 563 5112 extremis
583 5065 698 5114 versibus
724 5065 763 5115 vel
790 5065 915 5114 evanidas
934 5063 976 5114 vel
1000 5064 1154 5128 superducto
1173 5069 1316 5111 stramento
1335 5061 1442 5112 reiectas
1460 5064 1527 5113 indi·

213 5171 305 5221 Diels¹
324 5173 469 5223 Doxugrsphi
488 5174 571 5222 graeei.
1282 5145 1323 5209 3⁸2
