3648 5736
533 405 670 458 σιοειιι
689 404 829 456 Ηιετοιι.
849 403 988 456 Ριιιιοε.
1000 400 1105 456 τυ-τσ
1439 397 1502 462 629

189 575 282 661 έτεροι
309 577 341 640 δὲ
367 577 397 642 ἐν
424 579 485 646 τοῖς
513 574 651 660 ἑξήκοντα
674 577 738 644 ἑνός
765 572 912 658 (δέουσιν).
947 571 1174 658 Ἡράκλειτος
1193 572 1227 636 ἐκ
1243 571 1351 655 μυρίων
1370 571 1452 636 όκτα-

189 679 340 766 κισχιλίων
363 681 501 744 ἐνιαυτῶν
524 681 664 764 ἡλιακῶν.
707 677 879 762 Διογένης
902 677 935 740 ἐκ
957 676 1043 742 πέντε
1064 678 1112 741 καὶ
1135 701 1156 741 ιι
1178 700 1199 741 ιι
1221 699 1242 738 ιι
1264 674 1346 740 έπτά.

289 806 310 846 κ
332 805 352 846 ιι
375 805 395 846 ιι
418 781 504 866 ὴκαί
526 779 584 844 τῶν
607 781 732 866 κέντρων
755 782 803 846 καί
825 785 878 868 τῆς
900 779 1022 868 σφαίρας
1044 781 1097 868 τὴν
1118 785 1172 866 γῆν
1194 779 1351 862 νομίζουσι.

378 1093 418 1158 74
453 1090 538 1175 Περὶ
560 1096 620 1154 τοῦ
642 1089 812 1174 γαλαξίου
833 1089 975 1154 κύκλου.
1019 1099 1257 1166 [mmmm-⁸]

155 1267 167 1305 ν
271 1245 303 1313 Ὁ
326 1246 460 1330 γαλαξίας
482 1248 587 1316 κύκλος
609 1246 670 1312 ἐστὶ
699 1247 882 1331 νεφελοειδὴς
909 1245 938 1308 ἐν
962 1244 1014 1327 μὲν
1037 1247 1080 1328 τῷ
1103 1243 1167 1328 ἀέρι
1189 1243 1237 1306 διὰ
1258 1243 1366 1312 παντὸς
1387 1265 1451 1327 φαι-

188 1349 317 1432 νόμενος,
340 1350 388 1414 διὰ
418 1347 477 1434 (δὲ)
507 1351 559 1434 τὴν
581 1348 770 1436 λευκόχροιαν
798 1348 1011 1432 ὀνομαζόμενος
1036 1345 1181 1429 γαλαξίας.
1226 1347 1274 1409 καὶ
1299 1349 1358 1410 τῶν
1385 1344 1450 1409 Πυ-

188 1453 384 1537 θαγορείων
412 1454 486 1524 τινὲς
508 1452 629 1537 ἀστέρος
650 1451 722 1516 εἶναι
745 1452 893 1516 διάκαυσιν
921 1449 1094 1518 ἐκπεσόντος
1122 1449 1155 1511 ἐκ
1182 1453 1235 1532 τῆς
1258 1449 1333 1517 ίδίας
1355 1447 1450 1532 ἕδρας,

189 1553 228 1618 δι’
254 1553 289 1618 οὔ
316 1555 490 1640 περιέδραμε
511 1556 623 1641 χωρίου
645 1557 864 1642 γλαφυρώτερον
887 1553 958 1617 αότδ
981 1551 1206 1638 περικαόσαντος
1229 1549 1276 1612 ἐπὶ
1298 1555 1350 1613 τοῦ
1376 1549 1451 1613 κατὰ

185 1657 343 1723 Φαέθοντα
364 1659 538 1742 ἐμπρησμοῦ
562 1659 623 1741 [διά
645 1663 697 1742 τῆς
720 1657 830 1721 ἐκείνου
851 1655 1004 1740 παρόδου].
1045 1655 1072 1717 οί
1095 1654 1129 1718 δὲ
1151 1654 1203 1736 τὴν
1220 1653 1344 1736 ἡλιακὴν
1358 1653 1450 1736 ταότη

146 1778 170 1817 1⁰
187 1761 260 1844 φασὶ
290 1758 353 1824 κατ’
382 1761 476 1846 ἀρχὰς
497 1759 642 1844 γεγονέναι
669 1763 773 1824 δίοδον.
814 1761 889 1830 τινὲς
911 1760 944 1822 δὲ
965 1761 1050 1821 τοῦτο
1074 1756 1177 1840 μικρὰν
1199 1755 1270 1818 εἶναι
1291 1755 1450 1840 φαντασίαν

185 1867 237 1926 τοῦ
263 1865 394 1932 πλείονος
420 1861 555 1948 οὐρανίου
581 1864 671 1947 πυρός
690 1864 694 1946 Ι
715 1865 786 1948 πρδς
810 1863 859 1926 τδν
893 1861 1015 1946 οόρανδν
1041 1860 1092 1929 τὰς
1128 1857 1218 1940 αὐγὰς
1250 1859 1446 1928 ἀνακλῶντος·
1465 1878 1501 1916 τοι

187 1965 258 2049 όπερ
281 1963 328 2028 ἐπί
350 1968 409 2026 τῶν
430 1970 484 2049 τῆς
506 1963 594 2048 ἴριδος
617 1969 712 2050 νεφῶν
734 1965 899 2050 συμβαίνειν
921 1961 1035 2027 εἴωθεν.
1074 1960 1313 2046 Μητρόδωρος
1335 1960 1381 2022 διὰ
1396 1961 1449 2043 τὴν

188 2067 313 2150 πάροδον
336 2071 387 2129 τοῦ
410 2066 494 2150 ἡλίου
517 2067 565 2130 καὶ
587 2067 621 2130 τδ
643 2073 695 2152 τῆς
717 2067 821 2151 δρόσου
839 2071 929 2150 μῖγμα
944 2064 1145 2149 γαλακτοειδὲς
1165 2065 1314 2126 ἀποτελεῖν
1330 2067 1448 2148 χρῶμα.

184 2165 421 2252 ’λναξαγόρας
448 2169 500 2252 τὴν
528 2171 610 2233 σκιὰν
639 2176 691 2254 τὴς
717 2176 770 2254 γῆς
798 2170 872 2232 κατὰ
893 2171 961 2234 τόδε
983 2169 1015 2230 τὸ
1048 2167 1135 2250 μέρος
1160 2165 1298 2229 ἵστασθαι
1324 2170 1375 2227 τοῦ
1403 2167 1448 2228 οό-

145 2289 169 2329 ιι
187 2277 285 2356 ρανοῦ,
308 2272 376 2335 όταν
398 2270 434 2334 τὰ
457 2273 513 2335 ὑπό
536 2274 588 2357 τὴν
610 2277 664 2357 γῆν
687 2276 703 2338 ό
724 2275 806 2358 ἥλιος
829 2275 870 2358 μὴ
891 2275 985 2336 πάντα
999 2267 1189 2354 περιφωτίζη.
1224 2267 1450 2351 Δημόκριτος

186 2373 265 2458 παρὰ
299 2377 416 2437 πολλῶν
450 2375 498 2438 καί
531 2380 641 2459 μικρῶν
675 2377 723 2439 καὶ
752 2381 883 2461 συνεχῶν
915 2375 1044 2459 ἀστέρων
1072 2371 1335 2457 συμφωτιζομένων
1365 2371 1448 2434 εἶναι.
1501 2415 1515 2424 -

182 2473 421 2560 Ἀριστοτέλης
446 2480 570 2562 ὡσπερεὶ
593 2479 686 2562 κόμην
709 2479 798 2563 πυρδς
821 2479 878 2541 ὑπὸ
908 2479 958 2541 τδν
988 2477 1061 2561 ἀέρα
1083 2476 1132 2539 καὶ
1159 2476 1208 2538 τόν
1230 2475 1318 2538 τόπον
1341 2477 1447 2556 πλανη-

183 2583 241 2642 τῶν
264 2579 428 2664 φαίνεσθαι.
466 2578 503 2645 Οἱ
526 2581 676 2645 Στωικοί
698 2585 750 2644 τοῦ
772 2581 903 2666 αἰθερίου
925 2583 1015 2666 πυρός
1037 2577 1196 2666 ἀραιότητα
1221 2578 1365 2662 ἀνώτερον
1387 2581 1445 2640 τῶν

185 2685 350 2768 πλανητῶν.
394 2681 635 2752 Ποσειδώνιος
657 2685 746 2768 πυρὸς
768 2683 914 2748 σύστασιν.

142 3011 167 3049 νν
227 2995 265 3058 75
295 2991 380 3077 Περὶ
404 2959 569 3077 κομητῶν
592 2993 649 3057 καί
672 2993 882 3076 διᾳττόντων
906 2995 1073 3078 ἀστέρων.
1104 3003 1182 3068 [Plut.
1196 3001 1411 3064 11121-m-11]

266 3147 338 3213 Ἀπὸ
361 3146 573 3234 Πυθαγόρου
595 3151 669 3220 τινὲς
692 3149 744 3232 μὲν
767 3148 875 3234 ἀστέρα
897 3150 984 3235 φασὶν
1007 3148 1079 3214 εἶναι
1101 3151 1150 3213 τόν
1173 3151 1304 3234 κομήτην
1319 3153 1378 3214 τῶν
1393 3149 1447 3214 οὐκ

185 3252 230 3316 ἀεὶ
258 3251 417 3336 μενόντων,
449 3254 497 3318 διαί
523 3275 599 3322 τινος
627 3253 660 3316 δὲ
687 3251 848 3336 ὡρισμένου
868 3253 872 3336 Ι
892 3253 999 3338 χρόνου
1028 3254 1200 3337 περιοδικῶς
1223 3253 1446 3318 ἀνατελλόντων.
1462 3271 1497 3310 πε

137 3439 315 3500 1ένδς-λπτδ
333 3458 384 3494 om.
397 3445 422 3494 A
436 3439 451 3510 ΙΙ
465 3441 560 3494 δίουσιν
577 3444 650 3494 dees:
667 3446 745 3494 etiam
763 3445 791 3494 in
842 3445 890 3494 AB
911 3439 925 3510 ΙΙ
945 3440 1038 3512 ταίντην
1056 3445 1092 3494 B:
1111 3445 1190 3496 ταῦτα
1209 3446 1234 3495 A
1254 3441 1267 3508 ΙΙ
1289 3443 1322 3496 10
1339 3441 1366 3494 δὲ
1384 3442 1427 3494 καὶ
1444 3444 1466 3494 Β
1482 3441 1496 3510 ΙΙ

132 3532 155 3582 Β
167 3526 181 3598 ΙΙ
193 3528 209 3581 2
219 3529 282 3581 έπτά
290 3532 417 3596 reliquum
427 3540 465 3581 εει
474 3547 506 3582 εκ
517 3534 554 3582 εἰσ
565 3547 631 3596 qnae
639 3533 791 3582 interierunt
844 3531 873 3582 11
889 3529 965 3589 αότάς
975 3533 1000 3582 A
1014 3527 1028 3598 ΙΙ
1043 3527 1193 3582 ἀνακλῶντα
1206 3533 1254 3582 AB
1270 3527 1284 3598 ΙΙ
1301 3530 1332 3582 12
1346 3527 1497 3600 ὅπερ-εἴω-

133 3615 371 3683 [τδρ-364134]
390 3612 512 3685 έξὴκοντιι
525 3617 568 3670 καλ
580 3616 730 3686 τριακοσίων
742 3615 789 3668 ἐνι-
841 3613 884 3669 θιν
904 3619 990 3669 om.B
1010 3615 1024 3684 ΙΙ
1046 3615 1178 3688 μιτροδίων
1195 3621 1217 3670 Β
1238 3614 1253 3688 ΙΙ
1274 3617 1306 3672 13
1324 3635 1400 3669 versu
1419 3623 1496 3669 inter·

134 3707 218 3755 αυιῶν
236 3700 364 3755 τοσοότιον
382 3701 448 3756 όσων
465 3701 558 3757 όκατά
568 3699 728 3774 Ἡράκλειτον
741 3703 789 3756 ίνι-
842 3715 916 3772 αερτσ
935 3707 1173 3768 (τοῦτον-πυκνοῦ
1185 3705 1228 3757 καὶ
1241 3725 1265 3772 ρ.
1279 3703 1497 3780 36ῥ18-10)ειι

134 3788 221 3848 αυτός·
240 3787 311 3841 ἄλλοι
329 3787 355 3842 δδ
373 3787 409 3841 δι’
425 3789 618 3862 δπτακισχιλίων
636 3791 792 3845 ἑπτακοσίων
843 3791 931 3862 ἀραιοῦ
952 3793 1064 3846 effictum
1086 3803 1125 3846 εει
1143 3792 1230 3864 δρόσου
1249 3791 1265 3862 ΙΙ
1284 3794 1316 3846 τὰ
1333 3790 1497 3862 γαλακτοτιδῆ

135 3876 310 3946 ἑβδομήκοντα
329 3875 404 3930 ἑπτά
424 3875 438 3947 ΙΙ
458 3877 475 3931 3
493 3881 558 3931 haec
570 3883 597 3931 in
610 3881 658 3931 AB
671 3890 792 3946 corrupta
843 3880 970 3934 ἀποτελεῖν
988 3881 1107 3952 σχήματα
1125 3884 1160 3936 B:
1180 3892 1248 3935 τουτο
1267 3883 1328 3948 (nisi
1348 3882 1417 3946 quod
1436 3877 1497 3930 ἀπο·

135 3974 272 4033 supersunt
290 3982 323 4018 ex
336 3967 468 4019 Plutarchi
487 3969 545 4019 libri
564 3971 631 4020 tertii
649 3970 791 4034 prooemio,
842 3968 917 4032 τιλιῖ)
936 3975 960 4022 A
987 3969 1000 4038 ΙΙ
1026 3971 1060 4024 14
1078 3969 1134 4024 τόδε
1152 3989 1204 4024 om.
1221 3972 1256 4022 B:
1275 3968 1302 4022 δὲ
1318 3973 1344 4021 A
1363 3964 1378 4037 ΙΙ
1401 3967 1432 4021 15
1450 3963 1499 4018 δπὸ

134 4058 204 4106 euius
224 4055 290 4104 haec
307 4054 388 4104 verba
405 4071 430 4120 ρ.
441 4051 621 4108 364215--17
635 4059 727 4108 latent:
745 4059 791 4126 τῆς
842 4060 889 4126 γῆν
910 4059 932 4110 Β
959 4054 973 4124 ΙΙ
996 4055 1153 4127 περιφωτίζιι
1180 4062 1205 4110 A
1230 4056 1244 4126 Η
1271 4058 1302 4111 16
1332 4055 1387 4126 περὶ
1410 4057 1458 4107 ΑΒ
1481 4049 1495 4122 ΙΙ

133 4145 187 4212 γῆς,
206 4139 292 4210 ἡντινα
312 4139 416 4207 κέντρου
434 4137 502 4200 τάξιν
520 4141 618 4212 έπέχιιν
636 4143 668 4213 τῇ
685 4151 790 4214 περιοχὴ
842 4149 940 4214 μικρῶν
963 4143 1104 4198 πολλῶνΒ
1130 4142 1144 4214 ΙΙ
1174 4144 1265 4214 ἐτέρων
1287 4145 1335 4196 AB
1359 4141 1374 4212 ΙΙ
1393 4157 1496 4212 συμφω-

134 4231 179 4298 τῆς
198 4227 302 4298 σφαίρας
319 4227 475 4295 νενομίκασιν
842 4231 968 4300 τιζόμτνον
986 4233 1009 4284 Β
1033 4232 1046 4301 Η
1073 4233 1105 4285 17
1124 4231 1228 4285 καὶτὸν
1247 4235 1285 4283 A:
1305 4231 1348 4282 καλ
1366 4233 1389 4282 Β
1409 4226 1422 4299 ΙΙ
1442 4227 1497 4298 τρό-

168 4317 184 4368 4
208 4313 303 4367 κόκλου
327 4333 378 4368 om.
401 4319 426 4367 A
450 4311 464 4383 ΙΙ
489 4313 505 4369 5
528 4313 643 4384 γαλόξιος
661 4320 709 4370 ΑΒ
734 4314 747 4388 ΙΙ
775 4322 790 4374 6
843 4336 889 4372 πον
910 4321 956 4371 AB
981 4317 994 4390 ΙΙ
1022 4319 1054 4373 18
1076 4319 1099 4372 οἱ
1123 4315 1403 4386 Στωικοὶ-πλανητῶν
1426 4319 1498 4368 δεεστ

134 4402 160 4455 a:
184 4421 235 4456 om.
259 4403 308 4454 AB
333 4400 347 4470 ΙΙ
377 4402 421 4454 καὶ
445 4404 482 4455 A:
505 4401 529 4456 οἱ
551 4405 575 4456 Β
597 4402 611 4472 ΙΙ
645 4405 791 4475 ’ίάστίριον
842 4411 869 4460 in
888 4409 956 4459 Plut.
977 4411 1008 4459 cf.
1027 4411 1098 4460 Prol.
1117 4426 1141 4474 p.
1159 4407 1189 4460 15
1211 4405 1222 4474 λλ
1245 4407 1278 4459 19
1296 4406 1365 4457 τάσιν
1384 4405 1431 4456 AB

136 4493 182 4543 AB
208 4495 252 4557 qui
275 4492 428 4557 compendi:
454 4492 495 4542 hic
523 4509 576 4544 non
600 4503 668 4544 reete
691 4510 792 4561 :emper
879 4493 913 4546 20
931 4493 1046 4563 κομὴτου
1059 4499 1084 4546 A
1099 4494 1112 4562 ΙΙ
1126 4493 1323 4548 διαττόντωνΒι
1337 4489 1459 4544 ἀτολίτων
1472 4495 1497 4542 A

133 4582 296 4645 explicarunt
320 4574 335 4647 ΙΙ
361 4576 465 4630 έκπισόν
484 4580 619 4646 (superser-
637 4583 662 4644 τ)
686 4581 723 4632 A:
748 4579 790 4632 έκ-
843 4586 860 4634 i.
873 4599 896 4634 e.
915 4579 1042 4650 ᾀττόνιων
1067 4585 1138 4648 quod
1159 4585 1267 4650 perinde
1291 4584 1342 4633 dici
1360 4582 1444 4645 potuit
1466 4581 1496 4630 cs.

134 4664 293 4718 πεσόντωνΒ
314 4663 327 4734 ίΙ
348 4666 366 4719 8
383 4663 412 4717 οὗ
425 4665 559 4736 πιρίόραμι
571 4671 608 4719 A:
629 4663 704 4736 οὗπερ
718 4665 790 4737 ίδρα-
841 4689 866 4738 ρ.
877 4669 966 4733 630,7
985 4681 1012 4723 οι
1029 4673 1095 4722 Ach.
1113 4674 1144 4722 is.
1164 4673 1190 4722 in
1204 4673 1250 4722 Ar.
1269 4671 1362 4736 phaon·
1380 4685 1406 4733 p·
1422 4664 1496 4718 1531>

134 4769 180 4820 μον
198 4755 221 4803 Β
240 4749 254 4818 ΙΙ
276 4750 340 4804 αδτδ
358 4755 395 4805 B:
420 4750 504 4806 αδτῶν
522 4756 548 4806 Δ
568 4750 582 4820 ΙΙ
607 4751 790 4822 περικαόσαντα
836 4755 864 4814 ,οί
877 4757 902 4808 δὲ
916 4755 964 4810 ἀπὸ
976 4757 1054 4809 τόπου
1067 4756 1100 4815 είς
1113 4757 1189 4809 τόπον
1202 4753 1378 4825 μετιρχόμενοι
1391 4751 1496 4806 καλοῦν-

134 4842 183 4891 ΔΒ
206 4837 220 4907 Ιὴ
246 4838 286 4891 ἐπὶ
308 4843 353 4890 τοῦ
375 4844 415 4892 A:
437 4840 463 4893 έν
485 4847 523 4910 τῷ
546 4844 591 4892 τοῦ
613 4844 635 4894 Β
656 4839 669 4909 ΙΙ
690 4845 706 4896 9
729 4843 789 4911 φαί-
841 4861 882 4896 ται
900 4841 1014 4914 ᾄττοντας
1034 4844 1077 4896 καί
1089 4839 1227 4914 διᾴττοντες
1243 4841 1301 4912 ὴ21
1317 4841 1365 4896 ἀπὸ
1378 4837 1496 4908 οια.ΑΗ

133 4924 211 4980 θοντα
223 4929 260 4978 A:
280 4923 450 4996 φαέθοντοςΒ
471 4927 484 4996 Η
504 4927 551 4998 τὴν
569 4927 665 4981 ἐκείνου
683 4929 790 4997 πάροδον
841 4935 894 4984 τῶν
911 4936 1033 5000 κομητῶν
1057 4933 1105 4984 ΑΒ
1131 4929 1144 5000 Η
1169 4930 1203 4984 22
1225 4929 1354 5000 όρισμένου
1372 4931 1410 4980 A:
1429 4945 1496 4997 πιρι-

134 5019 169 5069 B:
188 5018 279 5068 induxi
298 5018 426 5082 glossema
445 5019 476 5068 σί.
496 5035 519 5068 ν.
532 5016 564 5068 12
584 5015 597 5085 j}
618 5021 664 5088 γῆν
682 5015 790 5088 ἡλιακὴν
842 5018 971 5089 ορισμένου
988 5021 1010 5072 Β
1033 5017 1045 5089 ὴ
1065 5017 1193 5074 ἀνατέλων
1211 5021 1250 5072 A:
1270 5015 1412 5072 ἀνατέλλων
1430 5017 1451 5072 Β
