3768 5736
366 419 430 485 452
685 421 763 471 ARII
780 421 917 471 DIDYMI
935 421 1120 474 EPITOMES
1139 421 1191 473 1³ss.
1211 421 1312 474 PHYS.
1326 421 1367 474 ll.
1380 419 1412 473 12

365 589 414 653 καὶ
438 589 685 673 προδιαλεομένην
707 589 755 652 καί
778 593 897 673 σημεῖον
920 585 1009 652 οὖσαν
1030 587 1138 668 εὐδίας,
1160 591 1213 676 τὴν
1236 591 1269 653 δέ
1291 589 1535 674 μετεωρισθεῒσαν
1557 591 1604 656 ἐπί
1626 595 1723 656 πλεῖον

366 691 414 754 καί
437 691 638 776 συγκριθεῖσαν
666 691 799 776 νεφέλην.
835 693 929 756 πάντα
955 689 989 754 δέ
1009 692 1074 775 περὶ
1096 697 1150 776 γῆν
1174 697 1265 756 ταῦτα
1285 692 1415 776 γίνεσθαι
1437 693 1484 757 διά
1505 694 1539 756 τδ
1562 695 1603 778 μὴ
1625 693 1725 778 πόρρω

366 794 419 877 τὴν
447 793 553 876 ἀτμίδα
582 793 807 878 μετεωρίζεσθαι
835 792 1011 879 κατισχύειν.
1051 794 1082 857 ἐν
1107 799 1175 877 γοῦν
1209 799 1269 864 τοῖς
1301 795 1491 880 ὑψηλοτάτοις
1521 794 1615 880 ὄρεσιν
1641 795 1724 860 οὐδὲν

366 895 495 980 γίνεσθαι
517 896 635 960 τούτων.
658 893 748 960 αἴτιον
771 893 828 980 (δ’)
851 896 894 961 ότι
917 897 1041 978 μάλιστα
1063 897 1097 960 ἐκ
1119 901 1178 960 τῶν
1200 896 1306 959 κοιλων
1329 897 1464 980 ἀνάγεται
1485 897 1534 960 καί
1556 897 1724 982 ἐφύδρωνὴ

337 999 451 1082 ιάτμίς
477 998 589 1062 τόπων·
623 999 699 1063 ὥστε
725 997 859 1082 καθάπερ
888 999 1004 1084 φορτίον
1032 1001 1129 1061 πλεῖον
1151 997 1295 1084 φέρουσαν
1317 999 1337 1082 ἢ
1360 996 1429 1062 καθ’
1456 999 1563 1083 ἑαυτὴν
1584 1001 1637 1084 τὴν
1660 1001 1726 1064 ἀνά-

365 1123 470 1186 γουσαν
500 1101 666 1185 θερμότητα
695 1102 736 1184 μὴ
766 1099 906 1164 δύνασθαι
935 1101 1117 1186 μετεωρίζειν
1139 1102 1187 1166 ἐπὶ
1215 1101 1305 1166 πολύν
1325 1101 1397 1184 ἄγαν
1419 1100 1522 1178 τόπον,
1550 1099 1616 1165 ἀλλ’
1643 1101 1726 1185 ἐγγθς

365 1201 454 1269 ούσοιν
477 1202 518 1267 ἔτι
540 1209 593 1287 τῆς
613 1207 667 1287 γῆς
690 1201 820 1284 μεθιέναι
842 1203 928 1266 παλιν
952 1202 998 1267 ἐπ’
1026 1204 1127 1288 αἰιτήν.

447 1305 496 1372 Ἐκ
519 1306 552 1369 δὲ
572 1309 624 1368 τοῦ
647 1305 711 1388 περὶ
734 1305 771 1367 τά
792 1304 865 1390 νέφη
888 1305 978 1370 τόπου
1005 1305 1070 1389 τρία
1092 1311 1193 1392 φοιτᾶν
1216 1309 1339 1389 σώματα
1360 1308 1432 1391 πρδς
1453 1307 1547 1390 ἡμᾶς,
1576 1307 1656 1392 ύδωρ
1678 1309 1725 1370 καὶ

366 1411 452 1496 χιόνα
480 1409 528 1473 καί
557 1409 701 1492 χάλαζαν.
729 1407 770 1470 ῶν
783 1403 843 1471 ’δύο
868 1408 919 1490 μὲν
946 1409 1098 1493 ἀναλογίας
1120 1407 1199 1494 ἔχειν
1221 1411 1293 1494 πρὸς
1315 1409 1428 1492 ἄλληλα
1450 1409 1529 1492 παρὰ
1549 1410 1583 1472 τδ
1605 1409 1654 1474 διά
1676 1411 1726 1479 τάς

326 1542 348 1578 ιο
365 1513 454 1582 αύτάς
481 1510 575 1581 αἰτίας
600 1511 729 1595 γίνεσθαι
757 1513 817 1579 τοῖς
844 1511 925 1574 κάτω
953 1511 1124 1598 διαφέροντα
1149 1517 1192 1596 τῷ
1222 1515 1331 1594 μᾶλλον
1358 1511 1407 1575 καί
1434 1511 1521 1596 ἧττον
1547 1511 1595 1576 καί
1617 1511 1725 1597 πλήθει

362 1617 411 1679 καὶ
435 1615 591 1698 ὀλιγότητι.
635 1614 721 1699 χιόνα
749 1613 804 1698 γάρ
831 1613 880 1677 καί
903 1615 1018 1698 πάχνην
1041 1613 1113 1677 εἶναι
1134 1613 1240 1677 ταύτδν
1262 1614 1311 1677 καί
1334 1614 1416 1677 ύετδν
1439 1619 1487 1678 καὶ
1509 1613 1627 1698 δρόσον,
1650 1615 1725 1679 ἀλλά

358 1721 391 1782 τὸ
415 1720 468 1802 μὲν
491 1718 578 1793 πολύ,
601 1717 634 1779 τδ
650 1713 677 1780 δ’
699 1717 805 1800 ὀλίγον·
830 1717 879 1779 τδν
897 1716 948 1798 μέν
971 1716 1024 1800 γάρ
1048 1717 1130 1779 ύετδν
1153 1717 1186 1780 ἐκ
1209 1718 1319 1799 πολλῆς
1342 1715 1461 1798 ἀτμίδος
1482 1717 1611 1801 γίνεσθαι
1634 1723 1724 1804 ψυχο-

363 1821 467 1905 μένης,
494 1821 546 1904 τὴν
576 1820 609 1883 δὲ
639 1818 740 1903 δρόσον
770 1817 800 1890 ἐξ
830 1817 944 1902 ὀλίγης,
973 1817 1119 1904 ἐφήμερον
1145 1819 1199 1903 γὰρ
1226 1818 1317 1902 αὐτῆς
1340 1820 1480 1905 ὑπάρχειν
1502 1821 1554 1904 τὴν
1578 1809 1725 1884 σύστασιν.
1834 1861 1835 1872 ι

363 1923 471 2006 ὁμοίως
497 1921 583 2007 χιόνα
605 1921 653 1984 καί
681 1924 810 2007 πάχνην·
849 1921 935 2006 χιόνα
963 1921 1014 2004 μὲν
1043 1920 1097 2004 γὰρ
1120 1920 1192 1985 εἶναι
1214 1919 1298 2005 πῆξιν
1320 1919 1437 2006 νέφους,
1468 1922 1587 2004 ἀτμίδος
1617 1923 1723 2006 δὲτὴν

324 2049 347 2088 ιο
365 2026 489 2110 πάχνην.
528 2026 572 2088 διὸ
594 2025 614 2108 ἦ
638 2026 739 2110 χώρας
761 2048 780 2108 η
804 2025 882 2108 ῶρας
904 2027 1017 2107 ψυχρᾶς
1040 2027 1160 2106 σημεῖον
1182 2023 1311 2106 γίνεσθαι
1333 2025 1386 2108 τὴν
1409 2025 1509 2110 χιόνα·
1537 2027 1670 2110 χαλάζας
1692 2026 1724 2088 δὲ

363 2129 437 2191 κατὰ
466 2127 629 2192 τούναντίον
651 2128 681 2190 ἐν
703 2130 765 2196 ταῖς
788 2125 1004 2210 εύδιεινοτέραις
1027 2123 1191 2211 συμβαίνειν
1214 2129 1326 2212 χώραις
1348 2126 1367 2210 ἢ
1391 2127 1490 2211 ῶραις.
1530 2127 1634 2212 θέρους
1656 2133 1722 2211 γοῦν

364 2233 488 2313 μαλιστα
510 2231 557 2293 καί
581 2233 751 2313 μετοπώρου
774 2228 914 2312 γίνεσθαι,
936 2233 1081 2313 χειμῶνος
1104 2229 1137 2292 δέ
1159 2229 1285 2311 όλιγάκις
1307 2229 1356 2292 καί
1379 2228 1448 2292 όταν
1464 2229 1549 2313 ἧττον
1573 2254 1594 2313 η
1618 2236 1721 2318 ψῦχος.

363 2333 490 2397 είναι“δὲ
512 2335 564 2418 τὴν
587 2334 718 2418 χαλαζαν
740 2335 791 2394 τοῦ
814 2330 1049 2415 καταφερομένου
1071 2329 1155 2414 τῆξιν
1177 2330 1211 2393 ἐκ
1233 2334 1291 2393 τῶν
1314 2335 1409 2415 νεφῶν
1434 2333 1547 2402 όδατος.
1574 2335 1609 2398 ἐκ
1623 2335 1657 2398 δὲ
1671 2339 1722 2418 τῆς

363 2436 450 2520 ξηρᾶς
477 2437 525 2500 καὶ
548 2437 717 2502 καπνώδους
739 2432 839 2518 πόρρω
866 2432 1061 2516 διατεινούσης
1083 2434 1131 2496 καὶ
1155 2431 1411 2517 μετεωριζομένης,
1435 2436 1475 2503 ώς
1498 2435 1545 2497 καί
1569 2435 1617 2498 διά
1638 2441 1723 2500 τοῦτο
1834 2487 1835 2496 ,

323 2562 347 2602 ιο
364 2541 502 2608 πολλάκις
528 2537 575 2602 διά
601 2543 654 2622 τῆς
680 2537 820 2620 ἐπιφορᾶς
842 2539 901 2598 τῶν
924 2535 1065 2618 οὐρανίων
1088 2535 1299 2620 ἐμπίπρασθαι,
1322 2539 1379 2597 τῶν
1402 2535 1540 2620 πρότερον
1563 2537 1722 2620 εἰρημένων

363 2643 483 2705 ἕκαστον
505 2639 719 2703 ἀποτελεῖσθαι.

1022 2927 1061 2992 12

423 3035 509 3087 Stob.
528 3034 670 3088 001.1291
689 3053 713 3102 ρ.
728 3031 906 3089 ύθθ-ύθθΗ,

450 3136 707 3222 Ἀριστοτέλης.
755 3133 898 3221 Τυφῶνας
926 3133 952 3200 δ’
988 3136 1057 3200 όταν
1086 3133 1220 3219 ἐκνεφίας
1251 3133 1415 3216 δινούμενος
1444 3136 1653 3222 καταφέρηται.
1689 3139 1721 3200 τὸ

359 3241 413 3325 γὰρ
441 3243 554 3321 πνεῦμα
581 3239 764 3322 κωλυόμενον
794 3239 846 3322 μὲν
873 3239 914 3308 εἰς
936 3237 1024 3324 δρθδν
1049 3237 1121 3302 ἰέναι
1143 3233 1210 3320 παρ’
1238 3235 1400 3300 ἀντίπνοιαν
1423 3237 1443 3322 ἢ
1466 3241 1560 3324 ψῦχος
1582 3239 1602 3324 ἢ
1625 3243 1721 3326 πάχος

359 3343 379 3427 ἤ
407 3367 469 3406 τινα
498 3343 589 3426 ἀλλην
616 3343 725 3420 αἰτίαν,
752 3343 942 3426 ἐλαυνόμενον
969 3340 993 3404 δ’
1026 3342 1083 3405 όπδ
1111 3343 1163 3403 τού
1190 3338 1310 3403 κατόπιν
1338 3338 1512 3411 ἐπεισιόντος
1534 3342 1720 3429 ἀναστρέφειν

320 3471 344 3510 ω
362 3446 527 3528 εἱλούμενον
554 3445 584 3509 ἐν
611 3451 653 3531 τῷ
681 3445 763 3530 νέφει
788 3445 887 3530 κύκλῳ
915 3445 964 3508 καί
993 3445 1178 3527 συγκατάγειν
1205 3441 1252 3505 ἐπὶ
1279 3445 1333 3525 γῆν
1355 3441 1452 3529 ἑαυτῷ
1475 3443 1508 3506 τδ
1530 3444 1631 3529 νέφος·
1658 3443 1715 3509 εἶθ’

359 3550 419 3633 ότιρ
442 3547 477 3611 ἀν
498 3549 609 3634 ἐντύχῃ
632 3549 791 3634 φερόμενον
813 3549 948 3633 σφοδρῶς
970 3548 1142 3630 ἀναρπάζειν
1164 3545 1213 3608 καί
1235 3545 1320 3607 πάλιν
1342 3544 1537 3630 ἀπορρίπτειν,
1559 3552 1644 3611 τοῦτο
1666 3549 1719 3632 γὰρ

358 3650 430 3714 εἰναι
452 3651 485 3714 τδ
508 3651 604 3721 πάθος
626 3652 686 3714 οίον
709 3649 842 3735 ἑκνεφίαν
864 3649 1002 3714 ἄπεπτον.
1046 3652 1214 3733 πρηστῆρας
1236 3644 1279 3724 δ’,
1302 3647 1370 3712 όταν
1394 3649 1494 3734 βιαίως
1515 3651 1614 3713 κατιδν
1635 3651 1718 3714 ἐκπυ·

359 3753 444 3838 ρωθῇ
467 3754 500 3816 τδ
523 3757 636 3835 πνεῦμα
658 3753 732 3817 κατὰ
754 3755 807 3838 τὴν
830 3753 932 3838 φοράν,
956 3751 1207 3836 συνεμπίπρασθαι
1232 3749 1287 3834 γάρ
1312 3750 1362 3813 τδν
1388 3749 1461 3836 ἀέρα
1487 3754 1616 3837 πυρώσει
1642 3777 1717 3840 χρω-

357 3855 561 3938 ματιζόμενον,
590 3855 635 3918 διδ
661 3856 709 3918 καί
737 3857 838 3924 νυκτδς
865 3856 1035 3937 ἐκλάμπειν·
1068 3855 1240 3939 ἀναρπάζειν
1268 3853 1302 3915 δέ
1327 3854 1376 3916 καί
1402 3854 1581 3940 περιτρέπειν
1609 3857 1717 3939 δμοίως

316 3987 342 4024 το
360 3959 408 4022 καί
430 3958 559 4035 τούτους,
582 3959 680 4042 ῶσπερ
704 3961 846 4043 πυρώδεις
869 3956 953 4028 ὄντας
974 3962 1118 4042 τυφῶνας.
1146 3956 1284 4042 κεραυνόν
1306 3952 1348 4034 δ’,
1370 3957 1439 4020 όταν
1460 3957 1534 4022 πολδ
1550 3960 1598 4022 καὶ
1613 3961 1715 4023 λεπτὸν

355 4060 519 4146 περιληφθέ
557 4061 587 4124 ἐν
609 4065 669 4130 τοῖς
690 4061 788 4148 νέφεσι
812 4065 925 4143 πνεῦμα
947 4061 1084 4146 πυρωθὲν
1106 4059 1255 4145 ἐκθλιφθῇ
1278 4059 1326 4123 καί
1349 4057 1412 4142 μετ’
1441 4061 1562 4145 ἰσχυρᾶς
1590 4061 1636 4124 ἐπί
1663 4066 1714 4145 γῆν

352 4251 369 4303 4
388 4248 407 4302 δ’
423 4253 482 4302 εδδ.
495 4251 616 4302 Μείιιείιε
632 4247 646 4319 Η
663 4250 679 4304 5
693 4249 800 4320 ἄγουσαν
810 4253 848 4302 Βι
861 4267 927 4303 corr.
941 4253 1007 4302 Mei·
1095 4247 1129 4302 22
1148 4253 1263 4305 Arianae
1286 4251 1393 4314 originis
1416 4250 1512 4300 indicia
1529 4251 1623 4315 collegi
1644 4251 1711 4302 Proi.

352 4341 418 4390 ιιείιε
438 4353 471 4389 ex
484 4340 563 4389 Arist.
576 4355 600 4404 ρ.
618 4335 728 4390 347032
748 4334 762 4406 Η
783 4339 798 4390 6
817 4333 1008 4407 μετεωρίζεσθαι
1059 4355 1085 4404 ρ.
1099 4335 1219 4402 73sqq.1
1236 4353 1256 4387 ιι
1271 4351 1306 4386 ιιι
1321 4351 1350 4387 τι
1363 4351 1393 4387 ix
1418 4331 1432 4403 Η
1454 4331 1635 4404 Ἀριστοτέλους
1662 4351 1712 4386 ma-

351 4427 389 4477 D:
409 4443 475 4477 corr.
494 4427 561 4476 idem
574 4443 607 4476 ex
621 4428 678 4477 eod.
698 4428 714 4478 i.
733 4443 754 4476 ε.
775 4421 788 4493 ἰΙ
809 4424 826 4478 θ
844 4429 871 4477 in
884 4428 1008 4492 proximis
1060 4428 1104 4476 lim
1124 4421 1139 4493 Η
1158 4427 1274 4492 τυφῶνας
1293 4425 1330 4475 A:
1354 4425 1432 4489 vulgo
1450 4427 1555 4492 τυφῶνα
1575 4419 1589 4492 ΙΙ
1608 4421 1629 4475 δ’
1649 4425 1671 4475 G
1689 4435 1713 4474 ει

352 4517 398 4565 Ατ.
418 4513 595 4565 ιπειεοι.111
616 4515 648 4563 ad
668 4515 774 4564 verbum
794 4515 943 4578 plerumque
962 4529 1007 4563 ox·
1060 4516 1117 4566 cod.
1147 4517 1270 4578 Augusti
1299 4511 1344 4579 μὲν
1367 4511 1431 4576 (F)?
1460 4506 1474 4579 ΙΙ
1506 4512 1577 4563 κάτω
1605 4509 1713 4581 φηρητοιι

352 4611 466 4668 emptum
481 4597 494 4668 ΙΙ
511 4597 644 4669 θέχειΒι
664 4617 730 4651 corr.
744 4601 866 4650 Meineke
881 4595 895 4666 ΙΙ
911 4598 943 4651 10
955 4603 1009 4658 ταῖς
1060 4605 1133 4654 malit
1159 4604 1262 4652 Ηεετειι
1293 4615 1327 4650 ex
1359 4602 1467 4650 Aristot.
1495 4607 1601 4650 meteor.
1628 4599 1670 4650 111
1700 4597 1709 4646 l

351 4689 423 4740 κάτω
445 4691 485 4740 D=
509 4705 574 4738 corr.
599 4688 720 4738 Meineko
745 4685 759 4756 Η
787 4684 818 4738 12
836 4685 865 4738 τό
884 4685 929 4754 μὲν
947 4689 971 4738 D
993 4685 1006 4754 ΙΙ
1060 4685 1209 4756 p.370b33
1228 4684 1242 4755 ΙΙ
1264 4683 1297 4739 24
1316 4685 1462 4757 ἀναστρέφει
1476 4689 1567 4752 vulgo:
1587 4689 1687 4736 correxi
1699 4679 1710 4750 Η

353 4775 384 4828 15
394 4776 438 4826 καί
447 4773 533 4844 χώρας
542 4777 580 4824 D:
592 4776 694 4824 correxi
704 4791 737 4825 ex
748 4776 827 4825 Arist.
838 4792 863 4840 p.
874 4771 1004 4842 347b2411
1058 4775 1092 4829 25
1105 4775 1253 4844 συγκατάγτι
1267 4775 1356 4840 vulgo:
1371 4777 1472 4826 correxi
1485 4771 1499 4844 Η
1510 4773 1544 4827 27
1557 4771 1671 4842 ἰιινιφίαν
1681 4774 1710 4823 F:

354 4863 385 4916 18
404 4867 482 4915 Arius
502 4865 636 4913 transitum
654 4863 745 4912 fecisse
763 4863 865 4913 videtur
877 4863 911 4913 ad
930 4871 1007 4930 caput
1058 4863 1173 4933 ἐκνεφίας
1192 4864 1222 4913 θ’
1238 4864 1269 4913 εί.
1288 4864 1397 4915 Aristot
1416 4865 1434 4915 l.
1453 4881 1475 4914 ο,
1494 4881 1518 4930 ρ.
1532 4859 1626 4915 37113
1645 4858 1657 4928 ΙΙ
1679 4859 1710 4913 29

350 4953 381 5002 de
401 4953 548 5001 fulminibus
562 4961 609 5001 etc.
628 4949 754 5001 Stobaeus
772 4961 857 5002 autem
875 4952 946 5002 Attii
965 4967 1005 5002 or·
1057 4969 1084 5002 τε
1093 4950 1184 5002 καλλι
1198 4953 1298 5002 correxi
1311 4945 1323 5018 [Ι
1336 4947 1366 5002 31
1381 4945 1499 5020 ἰκληφθη
1511 4951 1544 5002 F:
1556 4945 1708 5018 ἐκλυφθῆΟι

350 5039 435 5090 dinem
453 5049 555 5089 secutus
574 5039 654 5089 verba
673 5040 756 5103 inepte
776 5040 918 5090 immutavit
1058 5033 1165 5107 ἐκθλιβῇ
1181 5040 1288 5089 Aristot.
1299 5041 1343 5089 λε.
1357 5056 1381 5104 ρ.
1395 5036 1516 5092 371·18:
1530 5055 1595 5090 corr.
1609 5041 1707 5090 Ηοετειι
