3708 5738
383 417 446 481 516
763 419 1019 473 THEOPHRASTI
1038 417 1176 469 Ρανειυ.
1196 419 1356 468 ονιαιου.

433 587 463 650 αἰ
487 587 539 670 μὲν
567 583 617 648 οῦν
646 585 710 669 περὶ
737 585 904 670 αἰσθήσεως
931 589 980 651 καί
1007 590 1058 650 τοῦ
1085 589 1199 671 φρονεῖν
1226 583 1305 654 δόξαι
1332 585 1438 670 σχεδὸν
1464 582 1549 647 αῦται
1575 585 1623 647 καὶ
1647 608 1686 647 τυ-

432 693 534 754 σαῦται
556 689 745 775 τυγχάνουσιν
767 686 851 752 ούσαι
873 687 978 775 [παρὰ]
1000 693 1058 754 τῶν
1080 689 1228 774 πρότερον.

382 903 415 959 59
539 894 609 980 Περὶ
633 896 665 959 δὲ
686 899 744 958 τῶν
767 893 928 977 αἰσθητῶν,
949 896 992 966 τίς
1014 897 1033 979 ἡ
1056 895 1141 981 φύσις
1157 894 1211 957 ’καί
1233 897 1316 956 ποῖον
1339 893 1461 958 έκαστύν
1483 894 1570 972 ἐστιν,
1592 893 1620 956 οἰ
1642 893 1689 974 μὲν

430 999 512 1064 ἄλλοι
534 999 769 1083 παραλείπουσιν.
812 1001 871 1059 τῶν
895 998 946 1080 μὲν
968 997 1022 1082 γὰρ
1045 997 1101 1060 ύπδ
1124 997 1176 1081 τὴν
1199 997 1276 1082 ἁφὴν
1299 997 1363 1080 περὶ
1386 995 1489 1083 βαρέος
1511 997 1560 1060 καί
1583 995 1689 1080 κούφου

430 1103 478 1166 καί
501 1102 613 1186 θερμοῦ
635 1101 683 1164 καί
706 1103 820 1186 ψυχροῦ
842 1099 983 1182 λέγουσιν,
1005 1099 1065 1162 οἷον
1089 1099 1132 1162 ύτι
1154 1099 1187 1161 τδ
1211 1099 1263 1180 μὲν
1285 1100 1375 1181 μανὸν
1390 1100 1438 1163 καί
1453 1098 1557 1162 λεπτὸν
1573 1097 1714 1182 θερμόν,ι

429 1205 462 1266 τδ
486 1205 519 1267 δὲ
542 1203 649 1267 πυκνδν
671 1203 720 1266 καί
735 1204 817 1288 παχύ
840 1201 962 1288 ψυχρόν,
986 1201 1084 1285 ῶσπερ
1104 1198 1335 1284 Ἀναξαγόρας
1357 1203 1461 1287 διαιρεῖ
1480 1203 1530 1265 τδν
1553 1200 1627 1286 ἀέρα
1644 1201 1688 1264 καί

428 1308 478 1370 τὸν
501 1305 619 1391 αἰθέρα·
654 1306 759 1391 σχεδὸν
789 1306 822 1368 δὲ
849 1306 898 1368 καί
924 1305 958 1367 τδ
986 1305 1058 1389 βαρύ
1085 1304 1133 1366 καί
1162 1304 1196 1366 τδ
1224 1307 1333 1389 κοῦφον
1361 1309 1421 1375 τοῖς
1448 1304 1547 1375 αἰιτοῖς
1574 1305 1623 1368 καὶ
1649 1301 1689 1366 ἔτι

431 1413 493 1480 ταῖς
518 1409 580 1474 ἄνιυ
608 1408 657 1472 καί
687 1409 767 1471 κοὶτιυ
794 1411 912 1492 φοραῖς,
939 1408 987 1472 καί
1014 1407 1085 1490 πρὸς
1113 1406 1224 1475 τούτοις
1249 1405 1316 1490 περί
1340 1429 1372 1470 τε
1392 1411 1494 1492 φωνῆς
1516 1405 1561 1471 δτι
1582 1407 1687 1491 κίνησις

431 1517 483 1577 τοῦ
506 1512 601 1597 ἀέρος,
624 1511 673 1575 καί
695 1511 760 1595 περὶ
783 1511 878 1595 ὀσμῆς
901 1510 946 1574 δτι
973 1509 1105 1596 ἀπορροή
1132 1533 1184 1579 τις.
1224 1505 1461 1592 Ἐμπεδοκλῆς
1489 1509 1523 1572 δὲ
1548 1509 1597 1573 καί
1626 1511 1687 1594 περὶ

428 1620 486 1679 τῶν
519 1615 685 1700 χρωμάτων
719 1614 768 1676 καί
802 1613 853 1677 ύτιΔ
879 1613 912 1676 τδ
947 1613 998 1694 μὲν
1032 1612 1134 1676 λευκδν
1167 1614 1219 1674 τοῦ
1252 1611 1356 1696 πυρύς,
1389 1612 1423 1674 τδ
1456 1612 1489 1675 δὲ
1517 1611 1608 1694 μέλαν
1637 1617 1686 1676 τοῦ
1702 1639 1721 1676 υ

427 1719 541 1786 ῦδατος.
577 1718 604 1780 οἰ
620 1717 653 1780 δὲ
674 1716 756 1780 ἄλλοι
778 1720 914 1780 τοσοῦτον
938 1715 1035 1798 μύνον,
1058 1716 1101 1779 ὅτι
1123 1715 1156 1778 τύ
1178 1737 1210 1778 τε
1232 1715 1334 1777 λευκδν
1356 1713 1403 1777 καὶ
1425 1715 1458 1776 τδ
1482 1713 1571 1796 μέλαν
1591 1715 1688 1800 ἀρχαί,

426 1820 463 1884 τὰ
493 1817 519 1882 δ’
551 1817 626 1882 ἄλλα
656 1819 834 1903 μιγνυμένων
866 1819 972 1902 γίνεται
1005 1819 1126 1882 τούτων.
1168 1817 1217 1880 καί
1246 1816 1300 1900 γὰρ
1330 1813 1559 1902 Ἀναίαγύρας
1590 1818 1688 1888 ἁπλῶς

376 1931 410 1986 60
426 1921 525 2008 εἴρηκε
547 1921 611 2006 περί
633 1921 741 1986 αδτῶν.
893 1921 1112 2006 Δημόκριτος
1134 1921 1167 1983 δὲ
1181 1920 1230 1984 καί
1245 1918 1390 1984 Πλάτων
1406 1918 1453 1982 ἐπὶ
1468 1921 1604 1985 πλεῖστόν
1619 1921 1687 1984 εἰσιν

424 2026 564 2111 ἡμμένοι,
590 2023 659 2088 καθ’
686 2025 807 2089 ἕκαστον
838 2025 892 2110 γὰρ
915 2025 1099 2110 ἀφορίζουσι,
1126 2023 1202 2107 πλὴν
1230 2023 1247 2086 δ
1275 2022 1327 2104 μὲν
1355 2020 1408 2085 οῦκ
1435 2022 1606 2108 ἀποστερῶν
1632 2029 1687 2088 τῶν

424 2128 573 2212 αἰσθητῶν
596 2129 648 2212 τὴν
671 2127 766 2213 φύσιν,
788 2127 1005 2212 Δημόκριτος
1027 2128 1060 2190 δὲ
1081 2126 1175 2190 πάντα
1201 2124 1284 2209 πάθη
1310 2129 1363 2208 τῆς
1389 2124 1558 2210 αἰσθήσεως
1585 2132 1685 2191 ποιῶν.
1704 2155 1723 2191 ιι

424 2231 554 2316 ποτέρως
577 2232 629 2314 μὲν
655 2229 705 2295 οῦν
732 2229 796 2316 ἔχει
821 2229 959 2313 τάληθές,
986 2230 1039 2294 οὐκ
1066 2229 1100 2293 ἂν
1127 2227 1173 2312 εἰη
1195 2228 1290 2310 λόγος.
1333 2223 1379 2310 ἐφ’
1408 2227 1476 2292 ὅσον
1498 2229 1532 2292 δὲ
1553 2230 1687 2316 ἑκάτερος

423 2335 513 2419 ἧπται
545 2335 594 2398 καὶ
622 2337 686 2404 πῶς
714 2333 860 2419 ἀφώρικε,
893 2331 1079 2416 πειραθῶμεν
1113 2333 1271 2396 ἀποδοῦναι
1304 2329 1441 2414 πρότερον
1474 2331 1605 2403 εἰπόντες
1636 2333 1685 2417 τὴν

425 2437 495 2521 ὅλην
518 2435 622 2522 ἔφοδον
645 2436 792 2520 ἑκατέρου.
835 2435 1052 2520 Δημόκριτος
1075 2435 1127 2516 μὲν
1149 2432 1200 2498 οῦν
1222 2433 1280 2518 οἰιχ
1302 2432 1411 2516 ὁμοίως
1434 2433 1510 2518 λέγει
1532 2436 1599 2520 περὶ
1621 2437 1684 2499 ποίν-

423 2564 497 2618 τιυν,
523 2539 599 2603 ἀλλὰ
620 2539 657 2602 τὰ
679 2539 731 2621 μὲν
753 2541 813 2607 τοῖς
840 2537 990 2620 μεγέθεσι,
1017 2537 1054 2600 τὰ
1076 2537 1109 2601 δὲ
1130 2541 1190 2607 τοῖς
1212 2538 1375 2623 σχήμασιν,
1398 2533 1461 2600 ένια
1476 2538 1516 2626 δὲ
1537 2537 1615 2608 τοὶΕει
1638 2539 1682 2602 καί

421 2643 503 2706 θέσει
530 2640 657 2726 διορίζει.
707 2639 850 2706 Πλάτων
883 2641 916 2704 δὲ
943 2641 1048 2725 σχεδὸν
1078 2639 1191 2704 ἅπαντα
1217 2640 1289 2723 πρὸς
1316 2639 1352 2703 τὰ
1378 2639 1461 2723 πάθη
1488 2641 1535 2704 καί
1563 2642 1618 2726 τὴν
1645 2639 1684 2704 αἰ·
1701 2667 1721 2705 ει

423 2745 527 2829 σθησιν
556 2743 742 2808 ἀποδίδωσιν.
789 2743 865 2806 ὥστε
893 2742 999 2812 δόξειεν
1027 2741 1061 2805 ἄν
1089 2743 1223 2826 ἑκάτερος
1250 2741 1385 2812 ἐναντίως
1411 2747 1448 2825 τῇ
1477 2742 1618 2808 ὑποθέσει
1643 2744 1684 2807 λέ-
1805 2835 1806 2838 γ

372 2857 404 2912 61
423 2872 491 2932 γειν.
522 2901 532 2916 .
645 2849 661 2910 ὁ
690 2847 741 2930 μὲν
767 2847 821 2930 γὰρ
847 2845 929 2929 ποίθη
957 2849 1049 2910 ποιῶν
1074 2851 1131 2930 ,τῆς
1161 2845 1328 2928 αἰσθήσεως
1360 2843 1430 2908 καθ’
1461 2845 1537 2908 αὑτὰ
1569 2845 1683 2931 διορίζει

421 2953 475 3036 την
497 2950 596 3036 φύσιν·
622 2952 638 3014 δ
662 2950 694 3013 δὲ
716 2945 784 3012 καθ’
812 2948 887 3012 αὑτὰ
905 2953 997 3012 ποιῶν
1012 2951 1075 3018 ταῖς
1090 2946 1199 3017 οὐσίαις
1215 2949 1287 3032 πρὸς
1301 2949 1337 3012 τὰ
1352 2947 1435 3031 πύθη
1450 2953 1503 3031 τῆς
1517 2947 1685 3034 αἰσθήσεως

421 3052 590 3117 ἀποδίδωσι.

520 3153 602 3240 Βαρῦ
627 3157 679 3238 μὲν
703 3153 752 3219 οῦν
775 3155 822 3219 καὶ
847 3159 955 3240 κοῦφον
978 3159 1020 3240 τῷ
1045 3153 1161 3238 μεγέθει
1183 3157 1288 3238 διαιρεῖ
1308 3154 1536 3238 Δημόκριτος.
1581 3155 1610 3218 εἰ
1631 3155 1683 3240 γὰρ
1699 3181 1720 3219 ει

420 3257 582 3342 διακριθείη
600 3257 669 3324 καθ’
691 3259 721 3322 ἓν
739 3259 871 3338 ἕκαστον,
893 3258 918 3320 εἰ
936 3258 983 3321 καί
999 3257 1073 3320 κατὰ
1088 3261 1192 3344 σχῆμα
1207 3257 1338 3342 διαφέροι
1361 3257 1528 3342 [διαφέρει],
1551 3259 1684 3342 σταθμοῦ
1805 3281 1806 3284 ’

421 3359 455 3424 ἂν
478 3361 525 3424 ἐπὶ
549 3361 665 3444 μεγέθει
687 3363 739 3446 τὴν
761 3362 846 3446 φύσιν
869 3359 957 3446 ἔχειν.
1002 3361 1036 3424 οἰι
1065 3361 1122 3444 μὴν
1150 3357 1214 3423 ἀλλ’
1242 3357 1272 3422 ἔν
1300 3383 1333 3442 γε
1358 3365 1418 3430 τοῖς
1446 3363 1558 3443 μικταῖς
1578 3362 1683 3446 κουφύ·

419 3487 499 3548 τερον
524 3465 576 3547 μὲν
598 3463 670 3527 εἰναι
693 3465 726 3526 τὸ
749 3465 836 3527 πλέον
859 3461 928 3548 ἔχον
951 3464 1047 3540 κενόν,
1075 3462 1229 3548 βαρύτερον
1257 3463 1344 3526 δὲτὸ
1370 3461 1498 3527 έλαττον.
1543 3464 1573 3526 ἐν
1598 3465 1681 3533 ἐνίοις

367 3575 400 3630 62
421 3568 472 3650 μὲν
501 3567 594 3636 ούτιυς
620 3566 744 3650 εἴρηκεν.
897 3567 927 3630 ἐν
954 3565 1051 3636 ἄλλοις
1082 3567 1115 3629 δὲ
1147 3569 1255 3650 κοῦφον
1288 3563 1362 3629 εἰναί
1393 3587 1480 3650 φησιν
1514 3567 1618 3637 ἁπλῶς
1650 3568 1682 3630 τδ

418 3671 533 3734 λεπτύν.
577 3669 787 3753 παραπλησίοις
814 3669 846 3732 δὲ
873 3670 921 3734 καί
948 3669 1013 3754 περὶ
1045 3671 1172 3752 σκληροῦ
1202 3667 1250 3731 καί
1285 3671 1428 3750 μαλακοῦ.
1472 3669 1599 3752 σνληρδν
1629 3671 1679 3752 μὲν
1696 3697 1717 3734 ιι
1805 3703 1806 3764 γ

415 3772 469 3855 γὰρ
496 3767 568 3834 εἰναι
596 3773 629 3834 τδ
655 3771 777 3850 πυκνόν,
805 3775 934 3855 μαλακὸν
959 3774 1046 3837 δὲτὸ
1070 3771 1175 3856 μανύν,
1203 3771 1252 3834 καί
1279 3772 1312 3833 τδ
1336 3773 1445 3854 μᾶλλον
1469 3771 1571 3834 δὲκαὶ
1596 3774 1681 3857 ἧττον
1805 3773 1806 3798 ¹

368 3911 466 3918 ..η-...-
473 3911 569 3918 --—--——
1076 3912 1164 3920 ...ι-η
1170 3911 1277 3918 ...ο-..-

365 3984 445 4054 δπερὶ
454 4003 491 4051 pr.
503 3989 536 4037 F:
550 3987 744 4055 uadesec.F:
756 3989 914 4041 deiUsener
925 3992 956 4041 ci.
968 3988 1022 4042 v.3.
1077 3985 1110 4038 ⁶22
1124 3997 1149 4038 et
1167 3985 1200 4039 ⁶23
1220 3983 1281 4037 καθ’
1303 3983 1368 4038 αθτὰ
1385 3990 1420 4039 Ρι
1440 3984 1557 4040 καθαυτᾶ
1574 3992 1646 4042 sici*
1666 3987 1678 4055 ΙΙ
1696 3986 1725 4040 δί

364 4071 432 4141 παρὰ
447 4075 499 4130 τοῖς
510 4071 629 4142 πρότερον
639 4079 763 4128 wimmer
774 4071 816 4143 113
829 4076 883 4144 περὶ
896 4072 1024 4144 αἰσθητῶν
1076 4072 1181 4143 διορίζει
1195 4092 1231 4140 pr.
1246 4075 1266 4124 1⁴*
1281 4070 1294 4140 ΙΙ
1310 4073 1343 4126 25
1356 4072 1454 4144 διαιρεῖν
1467 4077 1523 4128 PF:
1543 4094 1610 4128 corr.
1623 4078 1723 4142 Stepha-
1805 4083 1806 4102 ¹

364 4163 390 4210 in
403 4177 466 4226 mrg.
475 4163 554 4213 sec.P
565 4157 602 4228 ΙΙ4
612 4162 657 4232 γὰρ
668 4163 723 4232 περὶ
732 4165 754 4215 Ρ
764 4181 802 4230 pr.
813 4164 846 4215 F:
858 4182 922 4216 corr.
934 4167 1024 4216 eadem
1077 4179 1124 4214 nus
1145 4157 1158 4228 ΙΙ
1179 4160 1212 4216 26
1225 4158 1342 4231 διακριθῇ
1357 4166 1447 4228 vulgo:
1467 4167 1575 4216 correxi.
1587 4179 1724 4232 πμρυυυυ·

363 4264 401 4313 pr.
415 4249 435 4297 F
448 4244 461 4314 ΙΙ
473 4248 489 4300 ’ἰ
500 4248 540 4300 ἰπὶ
552 4254 606 4307 ταῖς
618 4252 674 4303 PF:
694 4267 759 4303 corr.
772 4251 915 4303 Schneider
929 4249 941 4318 ΙΞ
954 4252 970 4304 8
981 4252 1024 4303 καὶ
1076 4257 1117 4300 tur
1128 4249 1160 4300 τὰ
1172 4250 1249 4316 μικτυί
1262 4267 1285 4300 ν.
1297 4248 1330 4301 27
1351 4246 1364 4317 ΙΙ
1385 4247 1447 4302 καθ’
1467 4251 1493 4302 ἓν
1511 4249 1617 4304 ἕκαστον
1629 4255 1724 4318 scripsi:

364 4333 541 4405 πρὸςθιπρδς
553 4339 613 4400 (οιιι.
627 4336 825 4406 καί)ΡίΙφιυῦ”
835 4340 948 4407 (φωνῶν)
965 4341 1022 4391 PF:
1076 4331 1145 4386 ἔνθεν
1169 4333 1273 4388 ἕκαστον
1292 4339 1348 4390 PF:
1374 4336 1401 4388 ἓν
1424 4337 1529 4392 ἕκαστον
1552 4343 1676 4393 ΜυΙΙευΙι.
1702 4337 1724 4388 ἓν

363 4427 464 4475 correxi
475 4420 488 4490 ΙΙ
504 4424 535 4477 10
545 4425 588 4476 καὶ
598 4435 622 4476 ει
632 4427 655 4476 is
665 4426 773 4491 quidem.
788 4437 954 4493 opponuntur
964 4425 986 4478 οἰ
996 4424 1022 4478 δί
1075 4423 1120 4490 μὲν
1133 4421 1238 4476 έκαστον
1247 4427 1389 4478 Burchard.
1408 4429 1440 4479 de
1453 4445 1480 4478 re
1494 4431 1524 4479 ci.
1536 4431 1616 4480 Arist.
1628 4430 1652 4478 d.
1666 4427 1723 4478 υεεί.

362 4508 433 4562 ἄλλοι
451 4511 520 4564 ν.11
541 4508 555 4580 ΙΙ
580 4513 610 4565 14
629 4511 742 4581 υἰμμένοι
756 4532 794 4580 pr.
809 4517 842 4566 F:
861 4514 877 4582 ἡ
897 4531 1021 4580 ειιρυτευι.
1073 4511 1151 4564 1V2
1184 4531 1208 4579 p.
1232 4510 1355 4568 3081235
1389 4511 1402 4581 ΙΙ
1438 4512 1546 4583 διαφέρει
1583 4517 1639 4568 PF:
1678 4530 1722 4564 om.

361 4602 464 4653 see.F:
483 4597 614 4667 τεοιεΡΙΙ
629 4605 682 4653 τῶν
699 4605 756 4655 PF:
775 4620 825 4653 om.
845 4603 990 4670 Stephanus
1005 4598 1020 4670 ΙΙ
1073 4598 1243 4666 λὀεσίειιυεΙΙ
1258 4597 1368 4668 σταθμὸν
1380 4603 1437 4654 PF:
1457 4617 1521 4654 corr.
1536 4603 1698 4668 Papenoordt
1709 4595 1721 4666 ΙΙ
1805 4633 1806 4640 .

365 4687 396 4741 15
415 4694 494 4740 ποιῶν
517 4691 551 4741 P:
577 4693 661 4740 πονῶν
680 4707 717 4756 pr.
736 4691 770 4741 F:
790 4693 875 4742 ποτῶν
893 4707 944 4742 σου.
962 4691 984 4742 11
1004 4686 1018 4758 ΙΙ
1072 4683 1105 4738 27
1129 4703 1175 4752 pro
1198 4686 1245 4755 τὴν
1268 4687 1347 4756 φύσιν,
1376 4692 1446 4756 quod
1464 4693 1552 4755 utiquo
1565 4691 1722 4742 scribendum

363 4775 395 4830 16
417 4779 459 4828 νῦν
486 4778 586 4829 addidit
610 4787 668 4843 ροει
690 4775 727 4844 εἰη
741 4777 896 4840 Schneider,
915 4779 961 4830 sed
986 4781 1017 4830 of.
1071 4775 1191 4826 ετοττινὰ
1203 4772 1275 4844 φύσιν
1288 4780 1318 4828 ei.
1338 4795 1363 4844 ρ.
1375 4775 1470 4842 520‚3‚
1489 4782 1620 4844 rescripsit
1628 4779 1721 4830 Prelier

310 4847 318 4857 ⁶
362 4863 441 4914 Arist.
461 4882 485 4930 p.
505 4862 576 4916 1006
584 4861 689 4927 ⁸23,b6
711 4861 724 4930 Η
746 4863 779 4915 17
802 4859 961 4932 πειραθῶμεν
979 4868 1015 4917 P:
1069 4860 1116 4931 τὴν
1134 4863 1222 4933 κρίσιν,
1240 4867 1341 4918 Usener
1353 4869 1421 4917 coni.
1434 4861 1480 4933 τὴν
1492 4861 1611 4933 διαφοράν
1622 4861 1637 4933 Η
1650 4863 1683 4916 θδ
1694 4859 1720 4912 δν

359 4947 533 5019 πιιρασθῶμεν
551 4947 601 5018 Fi!
619 4950 650 5004 18
662 4967 725 5016 mrg.
745 4953 879 5018 adscripsit
897 4950 1017 5022 δημύκρι-
1069 4949 1129 5002 εἰναι
1141 4953 1199 5004 PF:
1219 4969 1285 5004 οοιτ.
1299 4955 1399 5005 Usener
1414 4946 1427 5020 Η
1442 4949 1476 5005 29
1495 4970 1555 5004 num
1574 4952 1619 5022 μὲν
1637 4949 1694 5004 οῦνί
1707 4945 1719 5015 il

359 5053 401 5094 τος
419 5055 468 5089 εει.
487 5041 509 5090 Ρ
531 5035 544 5107 ΙΙ
566 5038 687 5108 ἰκατέρην
706 5041 791 5091 statim
816 5057 880 5092 corr.
899 5059 936 5106 pr.
960 5043 981 5091 F
1001 5039 1015 5106 ΙΙ
1069 5037 1100 5090 31
1123 5037 1216 5107 μᾶλλον
1235 5039 1261 5092 δὲ
1279 5043 1331 5093 PF:
1351 5039 1446 5108 μᾶλλόν
1464 5059 1491 5093 τε
1509 5043 1654 5108 Stephanus
