3710 5730
319 363 339 426 6
608 367 622 414 Ι
658 367 706 415 DE
727 365 995 417 PLUTARCHEAE
1015 365 1199 415 EPITOMES
1220 366 1392 415 MEMORIA

319 533 483 616 facienda,
518 554 581 616 quo
613 533 717 598 minus
746 533 816 599 sive
842 531 1000 599 Eusebius
1031 532 1102 616 ipse
1128 533 1198 599 sive
1223 533 1278 616 qui
1304 533 1334 598 ei
1361 532 1421 599 fuit
1445 555 1466 599 a
1492 551 1589 599 manu
1614 533 1680 598 suis

320 633 511 700 coniecturis
543 634 780 701 indulserunt.¹
828 636 965 701 collecta
998 640 1073 700 sunt
1102 634 1135 699 in
1170 635 1433 718 Praeparationis
1463 635 1681 718 Evangelioae

320 733 410 798 libris
425 735 502 800 XIV
524 745 557 802 et
578 738 649 820 XV,
671 723 789 819 quihus
802 735 963 820 excerptis
985 735 1066 802 talia
1087 736 1264 820 praemittit
1286 736 1363 801 XIV
1380 738 1421 802 13
1440 747 1469 801 9:
1501 739 1680 822 σκεψώμεθα

320 838 394 919 δῆτα
415 839 514 899 λοιπόν
538 839 594 922 ἤδη
617 839 731 904 ἀνωθεν
753 838 906 923 ἀρξάμενοι
929 839 980 908 τάς
996 843 1055 902 τῶν
1074 839 1233 922 εἰρημένων
1248 845 1379 924 φυσικῶν
1394 841 1562 925 φιλοσόφων
1577 841 1680 921 δογμα-

320 941 400 1010 τικὰς
426 943 496 1023 πρὸς
524 943 668 1025 ἀλλήλους
694 939 859 1010 ἀντιδοξίας.
899 943 1000 1026 γράφει
1027 942 1064 1024 δὴ
1094 941 1212 1026 ἀθρόως
1238 943 1372 1005 ἁπάντων
1402 947 1460 1004 τῶν
1488 942 1681 1006 Πλατωνικῶν

300 1045 394 1123 ·ύρού
417 1043 465 1104 καὶ
483 1043 686 1129 Πυθαγορείων
709 1051 767 1108 τῶν
789 1067 821 1106 τε
843 1041 885 1106 ἔτι
904 1043 1104 1128 πρεσβυτέρων
1118 1049 1248 1127 φυσικῶν
1264 1045 1431 1130 φιλοσόφων
1446 1045 1680 1128 ἐπικεκλημένων

320 1147 368 1208 καί
390 1145 427 1208 αδ
450 1149 533 1210 πάλιν
556 1152 614 1210 τῶν
637 1148 785 1229 νεωτέρων
808 1145 1044 1229 Περιπατητικῶν
1067 1169 1098 1208 τε
1120 1146 1167 1208 καὶ
1182 1144 1320 1208 Στωικῶν
1342 1149 1390 1211 καὶ
1406 1147 1609 1232 Ἐπικουρείων
1630 1148 1681 1216 τὰς

321 1247 404 1316 δόξας
435 1255 603 1332 συναγαγὼν
635 1252 651 1313 ό
679 1249 902 1334 Πλούταρχος
935 1247 965 1310 ἐν
997 1247 1040 1316 οἷς
1070 1248 1215 1332 ἐπέγραψε
1249 1249 1330 1332 Περὶ
1363 1255 1429 1312 τῶν
1464 1249 1680 1334 ἀρεσκόντων

320 1355 391 1418 τοῖς
422 1353 629 1436 φιλοσόφοις
655 1357 811 1436 φυσικῶν
840 1353 1034 1433 δογμάτων,
1056 1349 1085 1419 ἐξ
1108 1351 1149 1413 ὧν
1171 1351 1380 1434 παραθήσομαι
1395 1356 1495 1416 ταῦτα.
1522 1349 1682 1434 excerpsit

320 1451 453 1516 111714
472 1462 538 1514 1-6
562 1472 601 1518 ex
628 1453 744 1518 Plutl
764 1455 877 1517 314.
899 1463 939 1513 11.
961 1459 1063 1515 11121).
1097 1459 1163 1516 tum
1186 1451 1372 1535 praemissis
1394 1450 1445 1516 his
1470 1456 1555 1517 πάλιν
1581 1451 1602 1516 θ’
1631 1451 1681 1516 ούν

321 1557 336 1618 ό
360 1555 584 1638 Πλούταρχος
611 1556 661 1624 τὰς
684 1556 748 1638 περὶ
772 1557 849 1618 θεῶν
872 1555 1031 1638 ὑπολήψεις
1053 1560 1111 1618 τῶν
1138 1555 1234 1618 αὐτῶν
1257 1558 1356 1618 τοῦτον
1382 1556 1484 1639 γράφει
1506 1558 1555 1618 τὸν
1577 1555 1681 1638 τρόπον

322 1655 510 1739 compilavit
532 1657 608 1720 XIV
630 1659 670 1720 16
692 1669 702 1718 1
734 1677 773 1722 εκ
796 1656 912 1721 Plut.l
936 1656 992 1719 71.
1012 1665 1042 1738 κ,
1069 1655 1187 1722 deinde
1214 1656 1290 1721 XIV
1312 1658 1352 1720 16
1371 1666 1387 1717 a
1410 1676 1451 1722 ex
1473 1657 1586 1722 eodem
1609 1657 1681 1722 loco

320 1767 349 1832 §t
369 1768 393 1819 5.
412 1769 439 1842 6,
461 1758 577 1841 quibus
599 1759 778 1843 praefatur:
806 1757 869 1822 Ἐπὶ
897 1759 1009 1827 τούτοις
1034 1760 1118 1822 πάλιν
1140 1759 1188 1820 τδν
1208 1757 1397 1843 Ἀναξαγόραν
1419 1759 1541 1841 εἰσάγει,
1568 1765 1681 1844 πρῶτον

320 1863 439 1944 φάσκων
470 1861 557 1926 αὐτὸν
586 1865 683 1946 ὀρθῶς
710 1865 852 1945 φρονῆσαι
875 1861 938 1943 περὶ
963 1860 1042 1923 θεοῦ.
1077 1865 1144 1923 turn
1167 1859 1243 1924 XIV
1263 1862 1303 1926 16
1321 1870 1409 1926 3--10
1432 1861 1575 1944 sequitur
1597 1861 1681 1926 Plut.

319 1963 339 2026 l.
357 1983 383 2028 θ.
408 1973 437 2036 ἐξ
458 1971 684 2024 7-1a31-3n

406 2063 536 2146 Eclogio
559 2067 579 2130 l.
594 2065 654 2130 XV
676 2065 805 2130 insertis
828 2064 910 2130 haec
931 2061 1068 2146 prolusit
1088 2061 1148 2126 XV
1164 2064 1205 2128 22
1221 2075 1270 2127 69:
1303 2067 1348 2129 θιό
1370 2089 1418 2146 μοι
1437 2069 1590 2148 ἀναγκαῖον
1610 2063 1681 2128 εἶναι

320 2171 400 2230 δοκεῖ
427 2169 474 2231 καὶ
498 2169 549 2237 τὰς
570 2168 635 2250 περὶ
659 2171 749 2232 τῶνδε
776 2167 859 2237 δόξας
882 2169 956 2247 ὁμοῦ
984 2171 1164 2246 συναγαγεῖν,
1190 2169 1241 2236 τάς
1266 2191 1297 2230 τε
1323 2169 1485 2237 διαστάσεις
1510 2167 1607 2230 αὐτῶν
1634 2167 1682 2230 καλ

320 2276 372 2334 τοῦ
395 2272 487 2355 τύφου
509 2271 542 2332 τό
566 2271 687 2352 μάταιον
709 2271 918 2352 έπιθεωρῇσαι.
957 2267 1043 2349 θήσω
1067 2268 1099 2329 δὲ
1121 2269 1169 2330 καὶ
1191 2274 1281 2332 ταῦτα
1303 2269 1362 2332 ἀπὸ
1383 2273 1435 2352 τῆς
1458 2268 1682 2352 Πλουτάρχου

320 2378 444 2457 γραφῆς,
467 2373 497 2436 ὲν
519 2371 539 2456 V
563 2374 613 2442 τὰς
635 2373 699 2454 περὶ
722 2371 830 2434 τούτων
854 2373 988 2433 ἁπάντων
1012 2371 1085 2451 όμοῦ
1108 2375 1166 2432 τῶν
1185 2390 1217 2430 τε
1232 2369 1432 2454 πρεσβυτέρων
1447 2371 1495 2434 καὶ
1511 2371 1583 2434 νέων
1598 2370 1682 2439 δόξας

322 2479 490 2558 συναγαγὼν
513 2480 612 2538 τοῦτον
634 2476 735 2558 γράφει
757 2475 806 2535 τόν
829 2474 944 2556 τρόπον.

471 2575 632 2660 excerpsit
653 2575 713 2639 XV
736 2576 786 2639 23.
810 2575 862 2640 24.
885 2575 926 2639 25
1026 2595 1066 2640 ex
1090 2575 1174 2639 Plut.
1189 2573 1222 2638 ΙΙ
1244 2575 1296 2639 20.
1320 2577 1371 2639 21.
1395 2578 1435 2640 22

652 2677 712 2742 XV
736 2677 786 2742 26.
810 2678 861 2741 27.
885 2677 935 2744 28.
960 2678 1001 2742 29
1023 2695 1063 2742 ex
1086 2676 1219 2742 Procli
1241 2678 1291 2742 25.
1316 2679 1366 2742 26.
1390 2679 1441 2743 27.
1464 2678 1505 2742 28

652 2779 712 2843 XV
736 2780 787 2844 30.
810 2781 848 2844 31
1022 2798 1063 2845 ex
1086 2779 1167 2844 Plut.
1184 2777 1217 2842 II
1242 2779 1290 2844 13.
1317 2781 1356 2844 14

653 2881 714 2946 XV
737 2883 778 2946 32
1021 2901 1061 2947 ex
1084 2881 1167 2946 Plut.
1199 2882 1214 2946 I
1258 2883 1279 2945 4

323 3005 407 3068 quae
432 2984 475 3048 ad
502 2983 766 3066 Praeparationis
792 2981 960 3048 consilium
987 2983 1079 3048 utilia
1107 2982 1291 3064 restabant,
1325 3003 1365 3049 ea
1391 2985 1489 3065 longa
1516 2983 1599 3048 serie
1621 2984 1680 3048 XV

321 3089 445 3153 33-61
476 3084 518 3150 ad
541 3084 673 3150 verbum
702 3084 882 3168 descripsit.
919 3085 968 3150 his
995 3085 1066 3168 ipse
1087 3083 1226 3149 indicem
1249 3085 1427 3168 praemittit
1448 3086 1509 3151 XV
1524 3087 1566 3151 32
1584 3101 1681 3167 8-10,

321 3208 416 3271 quem
440 3186 635 3269 comparatis
658 3186 823 3252 Plutarchi
846 3185 1006 3270 capitibus
1029 3186 1079 3251 hio
1101 3186 1265 3269 adponere
1288 3187 1387 3254 iuvat.

405 3288 532 3371 Τοιαύτη
555 3289 603 3351 καὶ
627 3290 645 3370 ἡ
670 3291 832 3371 θαυμάσιος
854 3290 951 3352 αότῶν
973 3289 1155 3371 κοσμογονία.
1191 3295 1332 3373 συνῆπται
1358 3292 1391 3354 δὲ
1411 3292 1521 3359 τούτοις
1544 3290 1617 3372 άλλη
1639 3313 1680 3358 τις

321 3394 440 3474 πλείστη
462 3391 627 3475 λογομαχίοι
649 3391 791 3454 παντοίων
814 3393 879 3476 πέρι
901 3393 1068 3474 προτάσεων
1092 3393 1300 3473 ἀπορησάντων

362 3495 391 3557 εἰ
415 3493 475 3578 χρὴ·
504 3495 540 3555 τὸ
568 3496 632 3556 πᾶν
655 3494 690 3556 ἓν
713 3494 732 3576 ἢ
756 3494 850 3556 πολλὰ
870 3494 1004 3577 ἡγεῖσθαι
1033 3495 1080 3556 καλ
1124 3492 1186 3556 XV
1208 3494 1249 3559 33
1341 3515 1381 3560 ex
1403 3494 1561 3559 Plutia

416 3597 441 3660 εί
464 3595 515 3658 ἕνα
537 3597 585 3658 τὸν
607 3595 715 3677 κόσμον
737 3596 758 3678 ἡ
782 3596 905 3664 πλείους.

362 3701 409 3762 καὶ
433 3697 501 3761 εἴτε
527 3695 678 3781 ἔμψυχος
710 3697 809 3766 οὗτος
843 3699 898 3761 καλ
931 3699 1074 3782 προνοίᾳ
1117 3697 1177 3764 XV
1200 3701 1242 3764 34
1338 3721 1379 3766 ex
1401 3699 1484 3765 Ρ.Π
1529 3699 1548 3763 3

425 3801 559 3884 τυγχάνει
587 3800 656 3861 θεοῦ
684 3801 922 3881 διοικούμενος
947 3797 1006 3863 εἴτε
1027 3802 1074 3863 καὶ

425 3901 568 3966 τάναντία.

361 4005 409 4068 καλ
432 4003 461 4066 εἰ
484 4005 661 4088 ἄφθαρτος
684 4004 703 4086 ἢ
727 4003 856 4087 φθαρτός
910 4057 913 4062 .
1116 4007 1176 4070 XV
1199 4007 1240 4070 35
1339 4025 1379 4069 ex
1403 4007 1438 4072 P.
1455 4008 1487 4071 ΙΙ
1531 4010 1552 4073 4

361 4108 408 4170 καὶ
432 4107 539 4169 πόθεν
561 4106 723 4190 τρέφεται
1119 4108 1179 4172 XV
1203 4109 1244 4171 36
1341 4127 1380 4172 ex
1404 4109 1440 4172 P.
1457 4109 1489 4173 ΙΙ
1531 4113 1552 4172 ί)

361 4211 410 4272 καὶ
434 4211 501 4272 ἀπὸ
528 4210 628 4271 ποίου
655 4207 924 4292 ἤρξατούθεδς
951 4229 1074 4290 acopo·
1118 4210 1179 4274 XV
1202 4211 1241 4275 37
1341 4229 1382 4274 cx
1404 4211 1487 4274 Ρ.Π
1533 4213 1553 4276 6

435 4335 546 4375 ποιειν

392 4515 397 4546 ¹
419 4527 510 4566 contra
535 4521 648 4582 priorum
667 4522 781 4567 uirorum
805 4518 938 4568 doctorum
963 4531 990 4568 uc
1008 4521 1033 4570 J.
1053 4519 1177 4580 Scaligeri
1196 4517 1333 4568 Niebuhrii
1352 4521 1518 4570 Hullemauui
1543 4524 1679 4584 iniquiora.

322 4607 489 4655 Valolrcrruril
503 4605 684 4669 Ilindortiique
698 4606 773 4654 ulmis
785 4605 868 4653 amica
881 4607 976 4655 iudicia
994 4609 1100 4655 omniuo
1121 4621 1179 4654 rerc
1199 4605 1322 4655 iudicavit
1340 4607 1365 4656 J.
1384 4607 1599 4658 Frendenrtralius
1619 4611 1679 4658 liol-

318 4693 403 4740 lenist.
424 4691 497 4742 Stud.
517 4695 530 4742 I
549 4711 573 4758 p.
587 4691 652 4755 3sq.
673 4695 715 4756 qui
736 4693 906 4742 discernenda
925 4709 981 4742 osse
1000 4703 1025 4742 ct
1044 4693 1165 4742 librorum
1185 4703 1211 4742 et
1230 4702 1408 4758 excerptorum
1427 4710 1522 4757 genera
1542 4697 1605 4746 bene
1624 4713 1678 4745 mo·

319 4780 384 4828 nuit.
404 4780 575 4829 Plutarohcae
596 4781 710 4842 eclogae,
731 4789 758 4828 ur
776 4793 842 4842 quac
861 4778 928 4829 κατὰ
939 4775 1003 4837 λέξιν
1022 4781 1163 4844 descriptae
1182 4783 1234 4830 sint
1251 4795 1334 4843 neque
1354 4781 1519 4832 christianam
1538 4783 1681 4832 doctrinam

318 4877 425 4929 tangant
446 4863 487 4928 [cf.
511 4868 674 4917 Volckmann
694 4869 720 4916 in
740 4868 832 4918 Zolleri
851 4867 937 4917 annul.
957 4867 1070 4929 theolog.
1093 4865 1159 4918 1855
1179 4884 1202 4932 ρ.
1217 4864 1268 4918 244
1276 4863 1298 4930 ²]
1322 4869 1456 4930 plurimum
1478 4869 1574 4919 hahent
1590 4879 1679 4920 aucto-

318 4955 407 5003 ritatis.
427 4956 457 5003 cf.
478 4956 504 5004 «l.
520 4955 636 5018 Bernays
655 4955 687 5004 de
707 4955 838 5019 Theophr.
857 4957 874 5004 l.
894 4955 926 5004 de
946 4956 1006 5018 piet.
1026 4953 1126 5018 p.173.
