3756 5736
714 397 989 450 Pnonneonnnn
1466 399 1527 464 223

164 571 274 631 tamen
295 565 345 628 τδν
367 563 489 648 χόνδρον
514 561 558 652 [τδ
581 563 760 652 χονδρῶδες]
792 565 1009 649 Theophrasti
1035 566 1071 630 τὰ
1094 569 1196 651 στερεά
1222 566 1452 650 interpretatus
1480 575 1529 635 est

164 666 365 751 oompilator.
399 673 514 732 eontra
534 674 650 751 aperte
673 667 760 734 salsa
785 667 828 734 de
850 667 1048 750 Empedoole
1070 667 1240 732 traduntur
1262 666 1295 731 in
1318 669 1405 735 Plao.
1421 671 1437 734 Ι
1454 673 1493 736 13
1515 683 1527 733 1

160 767 359 853 Ἐμπεδοκλῆς
381 770 437 852 πρδ
463 773 522 834 τῶν
548 772 691 854 τεττάρων
722 770 876 855 στοιχείων
905 770 1080 854 θραύσματα
1109 770 1250 854 ἐλάχιστα
1281 771 1367 836 οἱονεὶ
1398 779 1529 859 στοιχεῖα

164 874 219 958 πρὸ
242 876 301 936 τῶν
323 861 476 957 στοιχείων
492 874 663 958 ὁμοιομερῆ.
687 869 738 960 [of.
763 871 964 956 Philippson.
983 873 1037 956 ὕλη
1060 893 1091 955 p.
1110 868 1192 957 182}
1217 871 1335 937 erron's
1358 873 1446 939 haud
1462 875 1528 942 scio

164 993 207 1040 an
234 972 331 1040 sodes
356 971 454 1038 sitin
476 973 695 1059 Theophrasti
725 972 833 1042 verbis
856 975 932 1054 §11
957 975 998 1038 ὧν
1021 975 1054 1038 δὲ
1076 974 1169 1038 πυκνὰ
1192 975 1239 1036 καλ
1263 975 1337 1038 κατὰ
1360 977 1448 1061 μικρὰ
1477 1001 1529 1042 τε·

164 1075 372 1162 δραοσμένοι
393 1074 498 1162 (κεῖται
521 1077 558 1141 τὰ
573 1076 735 1164 στοιχεῖα),
758 1095 843 1160 qnae
864 1075 1098 1142 reeentiorihus
1120 1074 1239 1157 ubique
1261 1081 1388 1142 atomos
1407 1085 1531 1146 seotan·

164 1178 250 1244 tibus
272 1177 326 1262 [οί.
349 1178 422 1243 113
442 1177 472 1260 1]
498 1198 637 1262 pronum
660 1185 732 1246 erat
754 1179 840 1245 male
862 1177 1035 1262 explioare.

249 1279 445 1363 Diogenis
466 1277 697 1364 Apolloniatae
724 1280 766 1347 de
787 1279 901 1346 auditu
923 1279 1042 1363 dogma
1064 1280 1109 1346 [V
1130 1281 1205 1345 163
1227 1285 1278 1344 τοῦ
1301 1282 1332 1345 ἐν
1353 1287 1390 1364 τῇ
1414 1287 1528 1368 κεφαλῇ

165 1383 250 1468 ἀίρος
272 1383 330 1446 ὑπὸ
351 1386 404 1466 τῆς
433 1385 534 1467 φωνῆς
563 1383 742 1466 τυπτομένου
770 1383 819 1448 καὶ
842 1382 1011 1466 κινουμένου
1040 1382 1125 1448 hene
1146 1383 1323 1466 respondet
1345 1382 1532 1467 Theophra·

165 1484 243 1550 ateis
264 1485 343 1564 §40
365 1485 434 1550 ὅταν
456 1486 472 1548 δ
495 1485 526 1549 ἐν
548 1489 609 1555 τοῖς
632 1486 704 1551 ὠσὶν
728 1487 787 1570 ἀὴρ
809 1485 938 1570 κινηθεὶς
960 1487 1017 1550 ὑπό
1039 1490 1092 1550 τοῦ
1115 1482 1171 1555 ἔξω
1193 1487 1284 1570 διαδῷ
1301 1485 1373 1569 πρδς
1386 1487 1436 1548 τὸν
1452 1487 1529 1570 ἐγκέ-

165 1590 267 1672 φαλον.
299 1585 397 1652 otiam
419 1586 464 1652 IV
486 1587 527 1652 18
545 1595 562 1648 2
584 1587 723 1672 Διογένης
743 1593 781 1670 τῆ
805 1587 955 1672 ἀραιότητι
981 1592 1033 1672 τῆς
1059 1589 1194 1671 γλώσσης
1220 1587 1269 1650 καλ
1288 1593 1326 1670 τῆ
1351 1589 1529 1673 μαλακότητι

165 1689 212 1752 καλ
244 1687 292 1752 διὰ
317 1688 352 1752 τδ
375 1691 527 1754 συνάπτων
557 1689 609 1760 τὰς
635 1691 694 1754 ἀπὸ
719 1694 771 1754 τοῦ
800 1693 936 1773 σώματος
964 1690 1004 1760 εἰς
1027 1690 1118 1774 αὐτὴν
1140 1688 1251 1774 φλέβας
1273 1689 1439 1775 διαχεῖσθαι
1462 1693 1529 1761 τοὺς

166 1789 273 1876 χυλυίις
287 1835 295 1852 .
309 1836 339 1852 .·
357 1796 437 1874 apta
451 1796 527 1856 sunt
541 1790 797 1875 Theophrasteis
819 1795 839 1873 β
854 1793 897 1858 43
919 1795 1123 1877 κριτικόντατυν
1146 1792 1179 1854 δὲ
1200 1792 1307 1874 ἡδονῆς
1321 1791 1374 1876 τῆν
1389 1795 1527 1875 γλῶτταν.

165 1893 357 1957 ἁπαλόντατυν
378 1893 433 1978 γὰρ
455 1891 528 1958 εἶναι
550 1894 599 1958 καί
624 1895 714 1976 μανδν
736 1895 784 1959 καλ
806 1895 857 1964 τάς
879 1895 988 1981 φλέβας
1011 1895 1130 1964 ἁπάσας
1152 1894 1269 1978 ἀνήκειν
1284 1893 1325 1964 είς
1340 1894 1442 1979 αὐτήν.
1471 1897 1529 1962 sed

165 2013 249 2076 quae
270 1993 339 2059 illio
360 1994 588 2062 eontinuantur
611 1997 786 2080 ἑλκομένους
801 1997 849 2062 ἐπὶ
863 1997 917 2081 τῆν
939 1995 1076 2081 αἴσθησιν
1099 1997 1147 2060 καὶ
1169 1997 1202 2059 τδ
1224 1998 1437 2080 ῆγεμονικδν
1459 2000 1529 2063 sah

164 2099 238 2182 οἱπερ
264 2099 323 2162 ἀπὸ
353 2102 490 2182 σπογγιᾶς
519 2099 691 2166 dissonant
718 2105 752 2164 et
773 2097 955 2166 Stoioorum
981 2105 1070 2165 oerte
1100 2105 1175 2164 sunt
1202 2097 1396 2164 adulterium
1420 2119 1527 2183 passa.

165 2199 236 2284 pari
262 2198 378 2266 frande
407 2199 536 2266 illorum
559 2200 731 2286 ἡγεμονικόν
760 2201 953 2266 translatam
974 2200 1009 2266 in
1031 2199 1214 2266 Philolaum
1235 2199 1308 2265 114
1329 2207 1359 2262 15
1382 2199 1422 2266 of.
1446 2203 1490 2268 IV
1508 2203 1529 2268 h

165 2299 298 2367 Boeehh
322 2299 439 2366 Philoi.
462 2321 494 2384 p.
511 2302 562 2368 96.
595 2301 734 2368 Krisohe
755 2323 787 2385 p.
803 2303 855 2368 80.
878 2302 985 2368 Zolier
1006 2301 1041 2366 1⁴
1064 2301 1127 2366 385
1137 2301 1155 2366 ¹.
1178 2301 1336 2384 spongiae
1351 2307 1460 2369 tamen
1477 2323 1529 2369 ox·

166 2403 307 2487 emplum
329 2402 477 2469 similiter
494 2404 652 2487 repetitur
667 2403 701 2468 in
716 2402 925 2468 Alcmaeonis
939 2403 1070 2470 decreto
1085 2403 1114 2468 V
1130 2403 1172 2467 16
1189 2411 1206 2464 3
1228 2423 1334 2487 neque
1349 2404 1529 2486 Diogenem

165 2505 271 2588 ipsum
304 2523 344 2571 eo
379 2523 471 2570 usum
506 2525 579 2572 esse
609 2503 808 2589 negaverim.
858 2505 1115 2571 hlomaoonis
1148 2505 1270 2589 placita
1304 2505 1424 2590 optime
1457 2527 1529 2572 oon-

166 2605 318 2673 sentiunt

243 2707 487 2792 Theophrastus
509 2708 540 2774 d.
563 2729 648 2776 sona
671 2709 750 2793 §25
1060 2709 1187 2774 Plaoita
1203 2710 1249 2774 IV
1265 2711 1306 2775 16
1324 2719 1341 2771 n

206 2809 322 2874 ἀκούειν
345 2813 397 2894 μὲν
420 2810 471 2876 οὖν
492 2833 564 2898 φησι
585 2815 645 2881 τοῖς
661 2813 731 2876 ὠσὶν
747 2811 819 2875 διότι
911 2810 1075 2894 Ἀλκμαίων
1098 2812 1212 2876 ἀκοίιειν
1234 2813 1312 2896 ἡμᾶς
1333 2817 1376 2898 τῷ
1393 2819 1468 2899 κενῷ
1484 2819 1526 2900 τῷ

164 2913 244 2976 κενὸν
269 2913 301 2976 ἐν
328 2913 427 2982 αὐτοῖς
453 2915 619 2999 ἐνυπάρχει.
652 2917 738 2976 τοῦτο
765 2914 820 2998 γὰρ
871 2913 952 2983 ἐνιδς
984 2918 1035 2977 τοῦ
1071 2915 1157 2984 ὠτός.
1196 2919 1281 2978 τοῦτο
1310 2916 1364 2999 γὰρ
1393 2916 1464 2979 εἶναι
1493 2917 1527 2979 nh

163 3017 247 3100 ήχεῖν
270 3011 471 3103 [φθέγγεσθαι]
494 3017 542 3082 διὰ
567 3017 601 3080 τδ
627 3021 741 3098 κοῖλον,
769 3019 818 3084 τδν
871 3019 993 3100 διηχοῦν
1021 3019 1096 3081 κατὰ
1123 3019 1176 3102 τήν
1207 3022 1259 3080 τοῦ
1286 3019 1448 3101 πνεύματος
1470 3019 1525 3083 είσ-

162 3117 193 3215 δ’.
215 3118 289 3203 άίρα
311 3120 458 3204 ἀντηχεῖν.
872 3120 972 3204 βολήν.
997 3120 1090 3184 πάντα
1108 3120 1162 3203 γὰρ
1177 3119 1214 3183 τὰ
1228 3123 1312 3184 κοῖλα
1333 3117 1429 3206 [Plut.
1445 3119 1524 3208 κενὰ]

872 3221 953 3306 ήχεῒ.

161 3323 236 3390 hino
261 3323 480 3390 eonieotnram
507 3322 671 3407 periolitor
702 3322 736 3389 in
758 3323 950 3390 brevissimo
972 3321 1168 3388 Plaoitorum
1192 3323 1334 3406 oapitulo
1356 3325 1401 3390 IV
1427 3328 1467 3390 13
1493 3337 1525 3388 ln

157 3425 321 3510 Ἀλκμαίων
343 3427 418 3490 κατὰ
439 3428 491 3512 τῆν
513 3431 565 3491 τοῦ
587 3428 745 3512 διαφανοῦς
767 3425 916 3509 ἀπόληψιν
947 3445 991 3490 so.
1014 3425 1048 3487 τδ
1071 3426 1205 3508 δρατικδν
1232 3427 1397 3512 συμβαίνειν
1420 3430 1525 3500 πάθος.

160 3527 405 3611 Theophrastus
427 3529 505 3612 §26
527 3532 597 3615 δρᾶν
619 3530 652 3592 δὲ
674 3534 717 3615 τῷ
734 3529 875 3615 στίλβοντι
890 3528 939 3591 καὶ
958 3533 1002 3612 τῷ
1028 3529 1163 3612 διαφανεῖ
1176 3527 1244 3592 ὅταν
1267 3530 1467 3614 ἀντιφαίνη,
1482 3531 1526 3596 ad

161 3649 257 3712 qnam
280 3629 521 3699 similitudinem
543 3631 715 3716 ἀντίλομφιν
736 3649 802 3694 non
824 3629 1020 3712 neoossario,
1042 3635 1078 3694 at
1100 3628 1169 3694 veri
1198 3629 1347 3695 similitor
1369 3631 1526 3714 corrigen-

160 3732 236 3798 dum
259 3737 349 3817 puto.
381 3741 449 3800 tum
471 3733 669 3800 oonoordant

356 3835 519 3919 Theophr.
541 3837 620 3920 §26
1053 3833 1167 3898 Plaoit.
1189 3834 1234 3900 IV
1258 3836 1331 3900 181

202 3939 319 4022 γλιόττη
342 3937 375 4002 δὲ
388 3939 456 4008 τυδς
470 3939 583 4023 χυμυδς
598 3938 712 4022 κρίνειν.
734 3941 814 4023 χλια-
905 3936 1069 4018 Ἀλκμαίων
1095 3942 1138 4021 τῷ
1168 3937 1247 4022 ὑγρῷ
1270 3939 1318 4002 καλ
1344 3943 1387 4023 τῷ
1410 3942 1524 4026 χλιαρῷ

162 4040 212 4124 ριλν
241 4041 296 4125 γὰρ
321 4038 410 4104 οὖσαν
432 4040 479 4104 καί
503 4042 636 4125 μαλακὴν
657 4043 755 4125 τήκειν
777 4046 815 4124 τῆ
867 4045 910 4124 τῷ
934 4041 964 4104 ἐν
986 4044 1023 4122 τῆ
1045 4041 1163 4123 γλώττη
1194 4042 1266 4124 πρὸς
1287 4047 1324 4124 τῆ
1348 4043 1526 4126 μαλακότητι

161 4141 329 4226 θερμότητι·
361 4143 502 4235 δᾷχυσθαι
529 4143 562 4208 δδ
589 4144 637 4208 καλ
659 4141 817 4207 διαδιδόναι
870 4141 1067 4227 διακρίνεσθαι
1088 4142 1156 4211 τοὺς
1179 4142 1301 4228 χυμούς.

161 4243 209 4308 ni
230 4245 284 4328 τὴν
306 4245 454 4329 μανότητα
476 4245 524 4309 καὶ
547 4245 728 4330 ἁπαλότητα.

160 4344 219 4410 sed
240 4365 283 4411 no
304 4344 486 4414 Stoioornm
507 4347 839 4414 aooommodationem
861 4346 1028 4414 desideres
1051 4345 1132 4412 haeo
1154 4346 1232 4410 mihi
1255 4345 1366 4412 oonfor

347 4447 511 4533 Thaophr.
533 4449 612 4532 §25
1053 4448 1168 4513 Plaoit
1189 4449 1236 4515 IV
1261 4452 1299 4515 17
1322 4458 1335 4510 1

203 4550 411 4637 ὀσφραίνεσθαι
434 4551 466 4615 δλ
493 4553 565 4638 βισλν
597 4553 659 4636 ἅμα
683 4557 726 4639 τῷ
750 4552 816 4616 ἀνα·
911 4549 1082 4635 Ἀλκμαίων
1105 4552 1135 4614 ἐν
1158 4557 1201 4637 τῷ
1221 4551 1374 4638 ἀγκεφαλῷ
1396 4552 1468 4617 εἶναι
1489 4555 1523 4616 τδ

159 4657 239 4718 πνεῖν
270 4653 412 4736 ἀνάγοντα
449 4655 483 4718 τὸ
516 4659 631 4739 πνεῦμα
663 4655 735 4739 πρὸς
768 4654 817 4720 τδν
870 4652 1104 4738 ἡγεμονικόν.
1126 4654 1221 4741 τοότιρ
1243 4654 1294 4720 οὖν
1317 4653 1525 4740 ὀσφραίνεσθαι

161 4754 331 4839 ἐγκέφαλον.
873 4756 985 4820 ἕλκοντι
1007 4756 1056 4819 διὰ
1076 4759 1136 4820 τῶν
1158 4757 1311 4821 ἀναπνοῶν
1333 4756 1385 4825 τὰς
1408 4755 1511 4836 ὀσμάς.

160 4871 339 4938 ωἰεοπίωε
360 4873 525 4940 inversum
556 4880 615 4940 est.
640 4871 848 4938 hlomaoonis
877 4872 919 4938 de
955 4871 1097 4937 sanitate
1126 4874 1281 4956 plaeitum
1307 4874 1430 4940 V301
1470 4871 1524 4938 uhi

162 4973 379 5058 Peripatetico
401 4977 444 5044 de
465 4981 618 5060 quattuor
642 4974 750 5039 oausis
777 4973 928 5042 doetrina
950 4973 1132 5040 Stoicorum
1154 4983 1247 5048 ποιοῖς
1270 4975 1349 5042 mire
1370 4976 1524 5058 oopulata
