3710 5730
704 391 980 442 PROLEGOMENA
1476 387 1517 450 23

154 560 324 644 Ἐπικούρου
346 580 368 624 a
394 560 569 626 Plutarcho
599 561 727 626 demum
757 559 845 626 illam
875 559 1069 625 mentionem
1101 579 1171 624 esse
1201 558 1439 642 interpolatam.
1484 565 1518 620 ut

156 663 273 728 iterum
296 661 429 744 originis
451 661 655 727 manifestum
679 668 792 728 teneas
807 661 968 727 indicium.
1003 660 1121 726 ‹leiutle
1137 661 1203 725 112
1226 661 1268 727 de
1290 660 1400 726 mundi
1415 659 1519 724 forma

157 785 234 828 num
249 763 441 846 respiciatur
464 767 523 830 c.6
545 764 613 830 init.
631 786 660 847 p.
680 765 763 828 1300
778 763 909 830 dubium
927 772 984 830 est.
1019 769 1106 828 certe
1130 761 1341 848 Orphioorum
1365 762 1519 828 memoria

157 865 322 948 abhorret,
338 885 422 948 quae
438 885 479 932 ex
491 870 657 949 superiore
672 866 743 931 loco
759 888 789 950 p.
800 867 885 932 127⁸
901 864 952 952 [cf.
965 864 1121 932 Lobeckii
1136 865 1296 949 Aglaoph.
1309 867 1387 946 477)
1402 865 1518 930 iterata

155 977 216 1034 est
238 967 393 1034 abhorret
407 968 505 1034 etiam
520 989 552 1051 p.
567 968 654 1032 1290
670 968 894 1053 Θαλῆς-ἀέρα
909 975 942 1034 et
957 967 1162 1050 Empedoclis
1177 988 1290 1032 versus
1309 988 1339 1049 p.
1354 968 1449 1031 1301).
1478 987 1517 1030 ex

145 1071 216 1134 :115
232 1069 303 1134 sine
318 1069 530 1154 dubitatione,
546 1070 693 1153 quamvis
709 1070 796 1136 haud
811 1071 934 1150 dextre,
953 1075 1138 1151 excerptum
1155 1075 1205 1134 est
1220 1090 1249 1151 p.
1265 1070 1350 1132 raes
1362 1105 1404 1113 -
1419 1069 1515 1132 1292.

157 1172 208 1238 hic
230 1170 446 1254 antiquissimi
470 1172 588 1238 erroris
610 1172 701 1238 iuvat
722 1192 887 1256 apponere
910 1171 1138 1238 testimonium.
1175 1171 1229 1236 ‹liu
1253 1171 1414 1253 dubitavi,
1441 1169 1517 1253 quid

156 1275 287 1340 tandem
309 1273 393 1340 haee
411 1274 470 1340 sibi
487 1275 609 1340 vellent
632 1297 662 1358 p.
681 1275 768 1340 1282
790 1275 863 1344 τινὲς
883 1277 915 1338 δὲ
935 1282 972 1358 τῇ
988 1281 1038 1338 τοῦ
1060 1277 1161 1342 ὕδατος
1177 1273 1285 1358 σφαίρηι
1301 1295 1342 1338 se.
1360 1273 1515 1358 τρέφεσθαι

156 1380 280 1460 κόσμον,
313 1377 417 1442 donec
444 1376 478 1440 in
509 1377 654 1460 proximo
685 1377 879 1441 Placitorum
907 1378 1013 1460 capite
1034 1379 1054 1441 6
1073 1385 1089 1438 3
1111 1375 1241 1442 Eusebii
1276 1375 1515 1440 vitiosissimam

154 1479 346 1564 scripturam
358 1477 573 1543 animadverti
585 1485 622 1561 τῇ
640 1480 718 1564 ῥύμη
734 1485 796 1562 τῆς
812 1481 960 1564 σφαίρας
972 1477 1095 1564 [verum
1107 1486 1158 1544 eet
1169 1483 1324 1562 περιφορὰς
1336 1477 1375 1542 of.
1385 1477 1516 1542 Aristot.

154 1584 196 1648 de
218 1583 298 1648 cael.
320 1581 351 1646 Il
375 1601 406 1664 p.
423 1581 502 1645 295·
520 1583 576 1662 17,
604 1582 697 1663 Diog.
714 1581 821 1664 Apoll.
843 1601 895 1664 ap.
916 1581 1024 1646 Laert.
1044 1582 1091 1646 IX
1107 1579 1159 1666 hl]
1187 1582 1344 1666 ἀναβλύσαι
1371 1583 1404 1644 τὸ
1428 1581 1516 1663 ὕδωρ,

154 1686 183 1754 ἐξ
210 1686 245 1748 οὒ
273 1684 509 1766 ἀναθυμιαθῆναι
535 1685 585 1746 τὸν
608 1683 691 1766 ἀέρα.
723 1682 798 1748 hinc
821 1683 944 1765 antiqui
972 1684 1089 1750 erroris
1112 1683 1213 1750 hahes
1236 1683 1459 1766 οιιρ11οιιίιιιιι.Ι
1475 1703 1514 1746 ex

155 1788 259 1852 1165
282 1785 492 1870 Pythagorea
515 1784 623 1868 opinio
647 1785 828 1868 comparari
851 1791 959 1868 potest
980 1805 1052 1850 oum
1077 1807 1106 1869 p.
1127 1787 1225 1868 1311,
1248 1785 1305 1851 sed
1328 1792 1379 1852 est
1401 1805 1440 1850 ea
1464 1783 1515 1848 tri-

153 1889 286 1955 tissima.
309 1887 560 1972 Empedocleum
576 1909 607 1970 p.
623 1888 709 1952 1281
725 1907 766 1952 ex
781 1887 811 1950 ll
830 1888 846 1950 l
867 1899 882 1950 6
905 1877 1134 1969 amplificatum
1151 1888 1288 1953 violetur.
1314 1894 1391 1952 aute
1407 1886 1515 1950 omnia

155 1991 309 2068 memoria
338 1989 438 2072 digna
469 2009 553 2073 quae
583 2009 623 2054 ex
646 1989 677 2053 ll
696 1993 733 2054 11
752 1999 820 2050 2-5
843 1989 1004 2072 excerpsit
1029 2011 1058 2072 p.
1077 1991 1171 2054 1280.
1216 1989 1364 2053 nimirum
1392 1988 1419 2052 si
1443 1988 1515 2052 Plu·

154 2093 255 2159 tarchi
271 2094 405 2174 vulgata
420 2091 571 2175 exempla
586 2091 775 2174 inspexeris,
791 2091 871 2156 nihil
884 2090 1050 2158 Achilleae
1066 2093 1200 2174 eclogas
1216 2091 1320 2156 simile
1332 2090 1512 2174 apparebit.

153 2203 260 2260 minen
284 2215 323 2260 ex
347 2193 566 2276 compilatoris
589 2194 749 2276 exemplo,
778 2193 805 2256 si
831 2213 889 2276 per·
917 2195 1093 2276 emplastra
1118 2194 1161 2258 aul
1189 2194 1298 2260 virum
1326 2191 1514 2274 resecueria

153 2297 288 2381 pristina
317 2295 483 2362 Plutarchi
514 2296 639 2380 species
665 2294 840 2378 renidehit,
871 2295 1002 2360 horrida
1032 2313 1072 2359 ea
1101 2295 1230 2378 quidem
1258 2293 1373 2358 hiulcis
1403 2295 1514 2360 vulne-

152 2399 253 2482 ribus,
277 2400 334 2466 σοι]
357 2406 466 2465 tamen
489 2405 524 2464 ut
545 2397 668 2464 multas
691 2397 873 2482 recuperari
896 2397 1009 2480 possit.
1043 2397 1130 2480 quod
1154 2396 1294 2462 breviter
1318 2395 1378 2480 bac
1402 2395 1514 2462 tabula
1633 2432 1637 2440 ·

151 2503 314 2568 illustrare
336 2501 413 2567 licet

233 2829 364 2880 Stobwus
495 2831 648 2882 Plutarchus
667 2835 796 2880 restitutus
830 2773 834 2907 Ι
932 2832 1044 2880 Achilles
1189 2827 1340 2877 Plutarchus
1362 2826 1474 2888 vulgaris

453 2898 456 2987 l
1141 2926 1143 2944 ι

164 3032 456 3105 ἈνιιξίμιινῦροςένιΙ
477 3035 687 3107 ’Ἀριστοτέλης
710 3039 739 3090 ta
764 2970 832 3107 πέμ-1
852 3035 1083 3106 Ἀναξίμανδρος
1110 3037 1142 3091 δὲ,
1164 3035 1374 3106 Ἀριστοτέλης
1397 3036 1427 3089 ένι
1450 3038 1512 3103 πέμ-

145 3119 241 3190 muco
270 3124 314 3174 καί
351 3124 522 3221 ψυχροῦμττον
541 3125 657 3192 σώματος
829 3125 928 3209 turpabo
960 3125 1034 3194 πυρὸς
1066 3127 1135 3192 μετέ·
1148 3143 1209 3178 utcu
1228 3123 1345 3192 σώματος
1363 3123 1438 3194 πυρὸς

145 3207 268 3277 μίγματος
453 3282 456 3302 Ι
836 3231 913 3282 ιρ-οντα

161 3345 651 3418 Παρμενίδης“11ροι’-·...πίνρινον
688 3353 747 3404 ιῑναι
783 3354 825 3404 τὸν
852 3350 1060 3421 Ἀριστοτέλης
1111 3351 1136 3404 δέ
1164 3353 1229 3422 pls
1248 3350 1398 3422 θερμοῦααὶ
1412 3353 1511 3423 ψυχροῦ

145 3435 269 3493 αλειτος
305 3433 562 3508 Στράτωνοὺρανόν
829 3410 909 3507 ἰσῶμα
928 3440 957 3491 ἐιι
977 3439 1074 3508 boppo]
1094 3440 1137 3490 καὶ
1148 3440 1269 3508 μίγματος

145 3519 256 3625 Ζμίρνιμν
275 3521 373 3626 ιη’νρινον
391 3525 450 3575 εἶναι
835 3525 929 3596 θερμοῦ
1140 3530 1144 3611 l

123 3689 125 3694 Ι
144 3627 188 3659 τον
207 3627 310 3677 ουρανον

164 3745 373 3818 Ἀριστοτέλης
420 3753 449 3804 ta
478 3750 709 3822 Ἀναξίμανδρος
728 3750 832 3821 &abaci

146 3837 262 3902 πέμπτον
281 3836 398 3905 σώματος
461 3843 510 3905 μοῦ
527 3841 570 3890 οιαὶ
589 3839 687 3910 ψυχροῦ
704 3824 832 3944 μίγματος,

480 4044 486 4072 l

226 4087 326 4152 Vides
338 4108 451 4153 sanam
465 4087 597 4155 Stobaei
610 4089 808 4174 memoriam,
824 4097 890 4156 tum
905 4091 1000 4158 tertio
1014 4093 1084 4155 loco
1097 4088 1231 4154 Achillis
1248 4073 1513 4168 turbatissimum,

148 4189 243 4271 quasi
272 4191 420 4254 consulto
442 4191 560 4274 aliquis
582 4191 727 4258 membra
749 4193 883 4259 disiecta
909 4193 991 4258 sictut
1016 4191 1083 4257 fors
1109 4192 1246 4257 dederat
1272 4167 1510 4274 conghrtinarit.

147 4289 316 4356 mirificum
328 4291 409 4357 illud
420 4299 632 4372 ΠΤΗΝΟΝ
645 4295 774 4376 ambigo
787 4302 891 4359 utrum
904 4316 945 4360 ex
958 4301 1126 4371 ΖΗΝωΝ
1139 4313 1181 4358 an
1194 4315 1233 4359 ex
1246 4299 1510 4371 ΠΕΛΛΠΤΟΝ

146 4399 335 4477 corruptum
358 4394 409 4460 sit.
441 4395 522 4461 illud
545 4398 663 4462 lemma
680 4398 825 4480 expleret
840 4404 916 4462 ante
932 4398 1046 4480 πύρινον
1062 4394 1134 4459 εἶναι
1148 4399 1196 4460 τὸν
1213 4397 1333 4480 οὐρανὸν
1350 4395 1511 4476 omissum,

147 4495 210 4560 hoc
232 4501 310 4561 ante
333 4503 420 4578 σῶμα
442 4497 655 4582 desideratur,
679 4517 873 4582 quamquam
895 4519 961 4563 nou
984 4495 1113 4563 difficile
1128 4505 1177 4562 est
1192 4497 1207 4560 έ
1223 4507 1295 4582 post
1310 4499 1342 4562 δέ
1357 4497 1510 4563 inserere.

146 4599 237 4682 πυρὸς
261 4598 421 4684 μετέχοντα
444 4599 601 4682 reliquum
618 4607 732 4667 estest
748 4621 787 4666 ex
804 4603 918 4686 πύρινον
934 4601 1005 4664 εἶναι
1021 4603 1069 4662 τὸν
1085 4601 1216 4683 οὐρανόν,
1239 4601 1325 4667 unde
1342 4599 1510 4686 Byzantini

146 4701 228 4766 nibil
262 4701 324 4767 nisi
358 4703 446 4786 πυρός
474 4709 695 4768 servaverunt.
741 4705 889 4768 restituta
917 4709 966 4767 cst
992 4701 1165 4767 Plutarcho
1193 4703 1319 4786 plenior
1347 4703 1442 4768 lectio
1471 4720 1511 4766 ex

147 4802 288 4886 Gelono,
312 4803 365 4886 qui
389 4811 424 4868 ut
446 4804 680 4870 Anaximandri
702 4807 766 4870 iam
790 4807 940 4872 lemmate
963 4803 1096 4868 orbatus
1120 4811 1178 4886 est,
1200 4805 1246 4870 ita
1266 4811 1354 4870 caret
1372 4804 1512 4885 interpo-

147 4906 214 4968 lato
238 4903 294 4968 illo
319 4905 349 4986 ἧ.
383 4905 522 4972 maxime
544 4913 711 4972 truncatus
734 4913 783 4973 est
805 4906 950 4971 codicum
972 4911 1153 4972 nostrorum
1174 4907 1379 4990 archetypus,
1403 4923 1511 4986 quum-

148 5004 198 5070 vis
222 5027 288 5072 non
310 5013 377 5072 tam
399 5007 510 5090 inepte
532 5006 573 5075 sit
596 5009 752 5092 turbatus,
776 5027 871 5091 quiam
887 5007 1040 5074 Achilles.
1075 5008 1150 5092 quid
1166 5009 1199 5072 in
1217 5007 1344 5074 Eusebii
1361 5007 1509 5092 exemplo
