3708 5732
330 401 392 466 164
479 401 545 450 XIll
581 399 631 448 DE
650 397 907 450 THEOPHRASTI
926 399 963 449 IN
984 397 1142 448 essurio
1161 397 1324 450 moenum
1345 398 1546 448 EXCERPTIS

330 569 509 656 Hippolyto
525 567 717 650 invenimus,
740 566 782 632 de
797 565 965 651 principio,
987 566 1029 634 de
1045 563 1163 632 mundo
1186 562 1218 651 [θ
1232 565 1262 631 8.
1279 563 1322 652 9],
1344 567 1386 633 de
1407 567 1503 634 astris
1528 565 1559 655 [§
1574 568 1604 634 9.
1622 570 1689 654 10],

328 672 370 738 de
391 672 543 739 meteoris
566 667 639 756 [11].
674 687 734 734 neo
756 687 812 734 our
834 676 941 736 terrae
963 668 1119 736 memoria
1140 667 1356 752 desideretur,
1383 670 1495 738 siletur
1517 670 1536 754 §
1554 673 1593 736 11
1621 676 1687 758 περὶ

328 775 361 838 δὲ
383 779 435 858 τῆς
457 779 510 860 γῆς
532 773 615 838 coca
639 771 828 854 ἀποφαίνεται
850 770 920 834 ποία
941 770 982 840 τίς
1010 772 1086 836 ἐστιν
1109 769 1168 835 ἀλλ’
1196 770 1266 834 οὐδὲ
1293 772 1357 854 περί
1383 777 1441 835 τών
1469 779 1601 858 σκαφῶν.
1645 795 1688 842 en

328 875 423 942 simul
445 880 571 958 gratum
595 872 727 956 originis
742 871 971 938 testimonium.
1004 892 1079 940 nam
1095 871 1204 938 hocin
1220 891 1309 938 more
1326 871 1425 940 habet
1440 875 1687 963 Peripateticus,

327 983 363 1042 ut
389 976 481 1042 falsis
508 975 713 1062 opinionibus
740 973 887 1040 refutatis
920 975 1064 1058 quaein
1090 973 1243 1058 cuiusque
1277 973 1424 1042 doctrina
1453 976 1687 1066 desiderentur,

327 1078 468 1146 breviter
489 1079 619 1145 indicet
654 1083 781 1142 constat
804 1076 865 1142 hoc
887 1096 928 1142 ex
950 1075 986 1142 fr.
1010 1075 1052 1142 de
1075 1097 1172 1144 sensu
1194 1078 1270 1160 §26
1292 1077 1333 1144 de
1354 1077 1551 1146 Alcmaeone
1573 1084 1637 1166 περὶ
1654 1084 1688 1146 δὲ

326 1183 404 1266 ἁφῆς
432 1181 485 1246 οὐκ
512 1181 625 1266 εἴρηκεν
654 1178 721 1244 οὔτε
749 1183 812 1247 πῶς
834 1176 901 1242 οὔτε
922 1178 975 1240 τίνι
997 1180 1112 1260 γίνεται.
1157 1177 1304 1246 similiter
1325 1179 1367 1246 do
1390 1182 1586 1266 Anaxagora
1607 1185 1684 1264 §37

325 1284 359 1348 od
388 1285 473 1368 δηλοῖ
498 1285 531 1348 δὲ
557 1285 608 1354 τὰς
635 1283 881 1364 σωματικιυτάτας
904 1278 938 1361 [f.
962 1282 1205 1366 σωματικυιτέρας
1227 1289 1356 1366 μνααῖαι
1378 1279 1494 1369 vitum]
1523 1285 1686 1370 αἰσθήσεις.

325 1385 401 1470 §82
431 1385 473 1452 de
498 1385 684 1452 Democrito
707 1387 789 1446 ποῖον
812 1381 892 1446 δέτι
914 1384 966 1466 τὴν
988 1383 1072 1468 φύσιν
1096 1384 1127 1448 όν
1150 1385 1206 1448 ὑπὸ
1228 1383 1304 1454 τίνος
1326 1385 1434 1470 πάσχει
1460 1385 1557 1450 οἰιιιότι
1582 1391 1687 1472 προσό-

325 1489 414 1572 θηκεν
441 1490 512 1572 ὅπερ
540 1485 610 1557 ἴσιυς
638 1486 673 1572 ἠν
701 1488 886 1570 κυριώτατον.
922 1485 1101 1570 Δημόκριτος
1130 1488 1182 1569 μὲν
1215 1486 1265 1552 οὖν
1293 1488 1385 1556 οὕτως
1412 1485 1474 1552 ἔνια
1502 1491 1684 1575 παραλείπει

323 1591 470 1659 similiter
492 1591 534 1656 de
555 1589 703 1672 Diogene
725 1591 746 1654 l.
762 1607 789 1654 e.
813 1587 869 1670 §9
890 1589 924 1649 τὸ
939 1589 972 1650 δὲ
994 1589 1129 1674 περιέχον
1153 1590 1253 1654 ὁποῖόν
1276 1590 1351 1654 ἐστιν
1374 1590 1408 1656 οὐ
1424 1593 1517 1676 δηλοῖ.
1544 1601 1577 1660 ot
1590 1594 1686 1662 initio

322 1693 378 1778 §8
399 1699 502 1779 σαφῶς
522 1692 543 1756 o’
564 1693 647 1756 odolo
669 1689 823 1754 ἐκτίθεται.
856 1709 968 1756 verum
990 1691 1076 1758 enim
1098 1709 1176 1758 vero
1197 1691 1354 1758 Heracliti
1377 1692 1607 1764 obscuritatem
1628 1697 1687 1781 qui

323 1795 493 1880 pervidere
515 1793 664 1877 voluerit,
688 1791 873 1858 coniectura
895 1810 1007 1858 carere
1029 1813 1095 1858 non
1116 1795 1245 1877 poterit.
1281 1815 1387 1878 neque
1411 1815 1452 1862 ex
1473 1795 1686 1866 similitudino

322 1898 524 1966 coniecturas
544 1896 653 1964 facere
675 1893 803 1961 videtur
825 1912 993 1960 recusasse
1015 1894 1268 1980 Theophrastus.
1302 1897 1453 1964 Laertius
1474 1898 1603 1981 quidem
1625 1903 1684 1986 §9

321 2000 421 2066 trahit
441 2000 570 2085 γίνεσθαι
593 1997 800 2080 ἀναθυμιάσεις
823 1995 881 2060 ἀπό
903 2019 935 2059 τε
955 2001 1009 2080 γῆς
1031 1997 1079 2060 καὶ
1102 1997 1249 2082 θαλάττης
1274 1999 1309 2069 ἃς
1332 2001 1384 2082 μὲν
1406 2002 1540 2086 λαμπρὰς
1562 2004 1611 2068 χαὶ
1632 2028 1684 2068 m.

321 2103 424 2188 θαράς,
447 2103 481 2172 ἃς
503 2104 536 2168 ut
558 2102 714 2171 σκοτεινάς.
748 2097 888 2168 αὔξεσθαι
910 2099 998 2162 δὲτὸ
1022 2100 1074 2180 μὶν
1096 2103 1153 2184 πῦρ
1176 2101 1233 2164 ὑπὸ
1248 2105 1307 2164 τών
1329 2104 1482 2186 λαμπρῶν,
1503 2102 1575 2168 τόθ’
1595 2106 1684 2190 ὑγρόν

321 2207 378 2269 ὑπὸ
399 2210 458 2268 τῶν
481 2205 587 2289 ἑτάρων
608 2250 615 2266 .
634 2245 669 2262 ..
692 2200 902 2286 ἀθροιζομένας
925 2201 976 2270 τὰς
997 2201 1132 2285 λαμπρὰς
1154 2203 1362 2285 ἀναθυμιάσεις
1383 2206 1533 2270 ἀποτελεῖν
1561 2207 1683 2292 φλόγας,

320 2307 358 2377 ἃς
380 2306 468 2371 εἶναι
490 2307 531 2371 τά
552 2305 671 2390 ἄστρα.
704 2304 909 2388 λαμπροτάτην
932 2303 965 2366 δὲ
987 2300 1058 2366 εἶναι
1081 2305 1134 2386 τὴν
1148 2309 1200 2368 τοῦ
1216 2306 1300 2390 ἡλίου
1314 2306 1409 2392 φλόγα
1423 2308 1472 2371 καί
1487 2307 1683 2394 θερμοτάτην.

318 2408 511 2475 Aristoteles
533 2413 646 2474 contra
671 2405 853 2490 praefracte
875 2403 917 2470 de
939 2401 1080 2468 siderum
1106 2403 1302 2472 nutrimento
1329 2407 1504 2491 quidquem
1529 2429 1603 2476 enm
1625 2410 1684 2476 do-

318 2511 425 2577 cuisse
449 2509 583 2594 negavit
608 2509 774 2575 meteorol.
789 2508 857 2573 H2
880 2526 912 2589 p.
929 2505 1008 2569 355·
1026 2504 1066 2570 18
1092 2504 1199 2570 ἄτοπον
1229 2509 1262 2572 et
1288 2510 1336 2574 καί
1364 2512 1397 2574 τό
1420 2511 1508 2592 μόνον
1530 2513 1681 2598 φρονάσαι

73 2683 78 2690 ,
289 2613 486 2698 -σοῦἡλίου,
507 2617 566 2677 τῶν
588 2611 614 2676 δ’
642 2611 739 2676 άλλυν
761 2611 895 2694 ἄστρων
917 2608 1075 2691 παριδεῖν
1098 2607 1228 2679 αὐτοὺς
1249 2612 1313 2696 τὴν
1336 2613 1523 2697 σωτηρίαν.
1559 2633 1623 2697 qua
1646 2613 1681 2680 in

317 2734 353 2781 rc
376 2713 465 2780 haud
486 2733 602 2782 vereor
627 2733 669 2780 ne
696 2713 864 2796 quisquam
887 2706 1059 2776 θυλιυιιοτί4
1079 2711 1295 2779 temeritatem
1320 2713 1461 2779 imitetur
1481 2713 1681 2781 Aristotelea

317 2816 533 2902 suspectantis
546 2816 565 2882 ¹.
599 2816 659 2883 sed
674 2811 938 2900 Theophrastine
956 2809 999 2876 sit
1014 2810 1198 2880 coniectura
1213 2833 1256 2880 an
1271 2814 1489 2898 compilatoris
1503 2815 1614 2900 φλόγας
1631 2835 1681 2881 ar-

316 2918 412 2985 bitrio
429 2918 643 3003 interpretati,
666 2917 719 2984 hio
734 2937 814 2984 sane
829 2915 998 2980 incertum.
1033 2909 1133 2979 Stoici
1149 2921 1237 2982 certe
1252 2916 1416 2983 Heraclito
1438 2915 1576 2984 similem
1597 2937 1680 2986 suae

317 3020 501 3104 opinionem
523 3018 703 3088 tribuerunt
724 3021 796 3086 Aet.
816 3017 849 3082 11
870 3016 908 3080 17
925 3025 942 3076 4
958 3013 1142 3099 Ἡράκλειτος
1163 3020 1212 3084 καὶ
1235 3021 1263 3082 oi
1285 3018 1409 3085 Στωικοὶ
1430 3019 1589 3105 τρέφεσθαι
1610 3021 1680 3092 τοὺς

315 3123 438 3207 ἀστέρας
460 3123 494 3186 ἐκ
514 3127 567 3207 τῆς
589 3123 714 3208 ἐπιγείου
730 3119 953 3202 ἀναθυμιάσεως
976 3113 1027 3203 [of.
1051 3119 1094 3182 20
1112 3129 1138 3184 6.
1162 3120 1203 3184 28
1222 3115 1260 3206 6].
1294 3121 1352 3188 sed
1373 3121 1508 3189 afferam
1527 3121 1676 3188 certiora

314 3225 404 3290 velut
425 3225 445 3309 §
460 3223 481 3288 8
503 3229 560 3310 πῦρ
582 3224 655 3290 εἶναι
677 3227 820 3310 στοιχεῖον
842 3221 891 3286 καὶ
906 3221 996 3304 πυρὸς
1011 3220 1137 3305 ἀμοιβὴν
1151 3222 1188 3285 τὰ
1203 3222 1296 3288 πάντα
1311 3225 1451 3309 ἀραιώσει
1465 3225 1514 3288 καί
1529 3227 1675 3290 πυκνώσει

312 3327 460 3411 γινόμενα·
484 3331 585 3412 σαφῶς
601 3327 634 3390 δὲ
648 3327 732 3391 οὐδὲν
748 3325 902 3390 ἐκτίθεται.
937 3341 1009 3387 cum
1031 3320 1143 3405 primis
1161 3321 1391 3392 conferendum
1414 3325 1576 3411 Theophr.
1598 3327 1637 3392 fr.
1655 3330 1673 3393 1

306 3425 443 3500 Ἵππασος
466 3471 498 3492 ..
516 3471 524 3488 .
539 3429 587 3493 καί
605 3427 790 3514 Ἡράκλειτος
812 3473 820 3492 .
838 3429 943 3508 ..πῦρ
965 3424 1139 3509 ἐποιήσαντο
1160 3427 1212 3509 τὴν
1232 3427 1327 3513 ἀρχὴν
1342 3432 1391 3494 καί
1406 3429 1440 3492 ἐκ
1454 3430 1543 3513 πυρὸς
1558 3435 1675 3494 ποιοῦσι

310 3532 347 3596 τὰ
369 3529 437 3595 ὄντα
458 3535 603 3596 πυκνώσει
631 3533 680 3596 καὶ
703 3532 832 3614 μανώσει
855 3527 1019 3610 ...πυρὸς
1046 3525 1101 3612 γὰρ
1124 3529 1250 3613 ἀμοιβὴν
1275 3528 1350 3594 εἶναί
1375 3551 1462 3615 φησιν
1486 3529 1674 3616 Ἡράκλειτος

309 3633 413 3696 πάντα.
438 3635 528 3718 τυρὸς
543 3635 652 3720 ἀμοιβή
669 3639 757 3699 recte
771 3629 908 3696 traditur
923 3627 977 3711 [cf.
993 3627 1148 3696 Schuster
1163 3649 1194 3712 p.
1208 3631 1294 3715 1671,
1315 3631 1374 3698 sed
1388 3631 1471 3696 mira
1485 3639 1535 3698 est
1550 3633 1671 3718 opinio,

309 3753 374 3818 qua
402 3734 547 3806 πύκνωσις
576 3737 625 3800 καὶ
655 3737 783 3818 μάνιυσις
811 3730 976 3797 Heraclito
1006 3728 1166 3796 tribuitur.
1210 3732 1252 3798 de
1281 3732 1418 3800 notitiae
1446 3733 1569 3817 origine
1599 3755 1671 3801 cum

309 3834 445 3903 testibus
467 3835 743 3903 consentientibus
764 3831 934 3900 dubitandi
955 3832 1063 3898 nullus
1085 3831 1128 3898 sit
1149 3833 1249 3919 locus,
1272 3835 1324 3901 hic
1345 3842 1433 3903 certe
1453 3835 1672 3920 Theophrasti

306 3937 539 4021 cognoscendo
559 3943 610 4004 est
630 3935 825 4002 coniectura.
861 3933 970 4000 iamne
992 3933 1156 4016 Intellegis
1178 3955 1234 4000 cur
1256 3937 1345 4002 velut
1366 3935 1409 4002 ab
1424 3943 1600 4005 excusante
1614 3939 1671 4004 ad-

307 4039 417 4124 datur,
447 4039 534 4122 quod
556 4037 706 4106 Laertius
736 4037 872 4106 feliciter
900 4035 1046 4120 retinuit,
1077 4041 1179 4121 σαφῶς
1201 4038 1234 4102 ct
1260 4037 1344 4104 cotio
1371 4038 1561 4104 ἐκτίθεταιλ’
1604 4059 1670 4106 non

306 4281 444 4334 Schustero
454 4283 605 4348 refragatur.
624 4296 672 4332 nec
682 4281 849 4332 Heracliti-fr.
860 4276 893 4330 39
907 4278 978 4342 quod
989 4277 1141 4343 Bywaterus
1154 4293 1236 4342 nuper
1247 4279 1360 4329 addidit:
1376 4277 1408 4330 nd
1418 4277 1503 4348 ψυχρὰ
1515 4277 1560 4342 [ειν
1571 4275 1669 4348 ψυχρόν

305 4383 356 4418 orn.
369 4366 429 4433 cdl]
441 4363 548 4436 θίριται,
564 4363 657 4436 θερμὸν
669 4365 783 4437 ψόχτπαι,
802 4363 875 4434 tarpio
888 4361 1023 4428 αθαίντται,
1035 4362 1177 4433 καρφαλέον
1189 4361 1308 4424 νοτίζτται
1321 4368 1355 4418 ad
1367 4369 1552 4418 elementorum
1565 4375 1667 4432 qnater-

302 4458 408 4508 nlonaru
425 4458 521 4508 referas
540 4463 649 4521 oportet.

376 4541 383 4573 ¹
402 4545 526 4595 Heraclia
544 4545 575 4594 fr.
594 4559 619 4608 p.
634 4539 692 4594 124.
716 4537 758 4593 ‘fn
783 4540 889 4593 τοίσάενι
908 4537 1098 4591 Ναόενιεαελενι
1122 4539 1160 4590 iat
1178 4537 1334 4591 Aristotelea
1351 4539 1426 4592 aicit
1443 4539 1536 4592 ι’νιπιεν
1554 4539 1603 4592 der·
1620 4555 1666 4591 aa·

300 4628 506 4698 carlosratqata'l

371 4712 383 4746 ¹
400 4717 471 4780 qnod
489 4715 636 4782 Slnrplicins
654 4717 717 4767 dicit
735 4716 807 4781 phys.
825 4711 876 4766 32¹
889 4713 923 4767 46
947 4711 987 4764 teri
1011 4712 1057 4782 Ι[ἀρ
1079 4711 1169 4765 τοὺτου
1192 4711 1269 4780 μόνου
1294 4715 1486 4779 [Δασκίαιεαίσ]
1510 4710 1668 4784 Θεόφραστος

299 4802 326 4854 tu
343 4807 375 4873 τη
394 4799 488 4871 ἱστορίᾳ
506 4801 553 4870 τὴν
571 4802 681 4870 μόνωσιν
699 4799 784 4870 ιίρητιε
801 4800 845 4851 καὶ
863 4797 909 4868 τὴν
928 4797 1062 4863 πόκνοισιν,
1081 4809 1171 4866 aperto
1190 4803 1272 4852 errori
1290 4801 1407 4854 debetur.
1427 4817 1488 4853 nam
1500 4803 1532 4853 de
1544 4802 1667 4868 Diogene

298 4888 358 4941 fat
377 4892 445 4942 clare
463 4890 657 4970 'theophrastus
675 4891 733 4955 ipso
751 4887 884 4953 Simplicio
904 4895 968 4938 teste
987 4887 1159 4955 mancupium
1177 4888 1221 4939 καὶ
1239 4887 1395 4958 μόνουμόνου
1415 4889 1471 4954 [τοῦ
1489 4887 1573 4958 supa]
1592 4903 1666 4940 uarr-

297 4987 412 5043 pavarat.
430 4977 515 5026 Zeller
533 4973 562 5025 1⁴
577 4973 643 5026 180⁴
667 4979 700 5028 ad
725 4981 823 5042 priores
846 4983 945 5026 tantum
962 4977 1066 5026 Ionicos
1086 4976 1250 5026 referendum
1270 4995 1325 5029 ease
1344 4988 1423 5044 putat.
1444 4981 1553 5029 fortasse
1573 4979 1664 5027 'Ilieo-
