3768 5736
671 426 771 474 ΑΕΤΙΙ
790 425 893 474 PLAC.
911 425 934 471 V
949 421 982 474 ’29
995 431 1053 468 ι-ιν

288 490 825 582 ι)υυἰἈκυυιῖιιῖιῖν’νθ““““”
887 489 1211 576 *mici
1233 527 1308 574 acc.

240 675 285 750 ιθ.
319 683 397 754 Πῶς
423 684 561 766 γίνεται
588 685 739 769 πυρετὸς
766 685 822 746 καὶ

269 787 298 851 εἰ
321 784 542 869 ἐπιγέννημά
564 785 667 850 ἐστιν.
701 793 787 848 alal

263 919 542 1010 Ἐρασίστρατος,
562 921 687 1005 ὁρίζεται
713 925 763 987 τὸν
785 947 835 986 πυ·
858 933 868 984 l

226 1027 306 1110 ρετθν
340 1023 446 1094 οὕτως·
484 1023 605 1108 πυρετός
636 1023 697 1088 ἐστι
730 1025 837 1107 κίνημα

204 1128 351 1210 οαίματος
369 1125 651 1211 παρεμπεπτωκότος
673 1127 714 1198 εἰς
735 1127 772 1190 τὰ
786 1131 837 1190 τοῦ

226 1230 386 1312 πνεύματος
414 1230 516 1312 ἀγγεῖα
542 1229 740 1314 ἀπροαιρέτως
765 1229 837 1312 γινό-

227 1355 320 1415 μενον·
337 1330 471 1415 καθάπερ
486 1331 540 1415 γὰρ
552 1332 599 1396 ἐπί
614 1337 666 1416 τῆς
680 1333 838 1415 θαλάττης,

229 1436 297 1500 όταν
320 1435 410 1517 μηδὲν
435 1433 527 1519 αὐτὴν
542 1439 620 1517 κινῇ,
643 1436 756 1518 ἠρεμεῖ,
778 1434 840 1497 ἀνέ-

232 1561 288 1620 μου
304 1537 337 1600 δὲ
352 1536 526 1619 ἐμπνέοντος
541 1538 637 1622 βιαίου
652 1539 731 1622 παρὰ
745 1537 840 1622 φύσιν,

197 1661 220 1700 ιο
232 1640 298 1704 τότε
319 1638 349 1708 ἐξ
371 1639 442 1722 όλης
463 1641 620 1718 κυκλεῖται,
643 1641 720 1703 οὕτω
743 1640 840 1703 καὶέν

230 1748 274 1828 τῷ
308 1744 422 1824 σώματι
452 1741 519 1804 όταν
548 1741 656 1826 κινηθῇ
690 1743 723 1805 τὸ
756 1741 839 1824 αἷμα,

228 1846 293 1910 τότε
315 1843 450 1928 ἐμπίπτει
474 1844 526 1926 μὲν
548 1843 589 1912 εἰς
610 1844 647 1908 τὰ
666 1843 767 1928 ἀγγεῖα
780 1849 839 1909 τῶν

228 1949 413 2030 πνευμάτων,
435 1946 613 2031 πυρούμενον
637 1947 669 2010 δὲ
691 1947 840 2032 θερμαίνει

227 2053 260 2114 τὸ
283 2049 349 2114 όλον
371 2053 473 2132 σῶμα·
496 2049 612 2134 ἀρέσκει
635 2049 668 2112 δὲ
689 2049 773 2136 αὐτῷ
791 2053 839 2114 καὶ

196 2175 219 2214 ιι
232 2152 408 2236 ἐπιγέννημα
430 2150 502 2216 εἶναι
524 2153 540 2216 ό
563 2153 684 2236 πυρετὸς
726 2195 734 2210 .
779 2195 786 2211 .
832 2196 839 2212 .

271 2357 419 2440 Διοκλῆς
447 2357 479 2420 δέ
501 2377 603 2440 φησιν·
634 2355 698 2440 ὄψις
721 2359 838 2442 ἀδήλων
858 2375 873 2427 2

229 2458 461 2542 τὰφαινόμενα·
493 2455 553 2520 ἔστι
576 2459 617 2536 δὲ,
640 2458 683 2529 οἷς
705 2461 840 2544 φαινομέ-

230 2585 287 2629 νοις
315 2561 416 2644 όρᾶται
444 2561 460 2624 ό
490 2561 611 2644 πυρετὸς
632 2561 841 2645 ἐπιγενόμενος,

197 2662 384 2747 ιοτραόματα
421 2663 469 2726 καὶ
506 2664 663 2746 φλεγμοναὶ
696 2665 744 2728 καὶ
779 2666 841 2750 βου-

231 2767 332 2851 βῶνες·

267 2865 451 2952 Ἡρόφιλός
493 2888 580 2952 φησιν
624 2868 715 2932 ἐνίοτε
757 2871 876 2953 caia-3

229 2975 296 3053 μιᾶς
318 2969 410 3040 αίτίας
433 2971 677 3055 προηγησαμένης
697 2973 842 3058 πυρέττειν

228 3095 316 3142 τινας.

347 3177 387 3186 -ιι

227 3213 239 3263 l
259 3209 362 3280 πυρετὸς
380 3212 442 3262 AB:
461 3209 475 3262 ό
494 3209 630 3280 πυρετὸςῦ

223 3297 239 3350 3
258 3298 360 3367 πυρετός
378 3298 429 3350 ἐστι
448 3315 498 3350 om.
519 3300 540 3350 C
559 3302 589 3350 cf.
609 3301 632 3353 G

223 3384 239 3438 5
275 3385 521 3454 παρεμπεπτωκότος
556 3389 591 3439 G:
629 3389 844 3457 παρεμπεπτωκὸς

188 3472 286 3536 (mac

224 3558 317 3624 Spost
334 3555 413 3627 αὐτην
432 3562 492 3612 add.
511 3564 608 3630 πνεῦμα
627 3564 650 3615 G

133 3673 136 3678 ·
226 3645 258 3697 10
276 3643 404 3697 κυκλεῖται
423 3650 467 3698 vix
485 3663 584 3700 sanum.
604 3653 682 3703 immo
701 3655 810 3704 κυκᾶται

227 3733 258 3785 14
277 3729 335 3784 όλον
352 3731 421 3786 ric

225 3819 258 3872 15
276 3818 289 3872 ό
308 3819 411 3888 πυρετὸς
428 3825 478 3872 nisi
491 3839 548 3874 cum
560 3829 685 3890 proximis
699 3831 844 3881 cohaesisse

189 3909 279 3968 credis,
299 3911 398 3974 corrige
411 3906 454 3960 τόν
466 3910 570 3978 πυρετόν
585 3910 598 3980 Η
612 3916 729 3966 lacunam
747 3920 844 3980 aesqui-

188 3997 292 4045 alteriua
316 4011 403 4047 versus
431 3999 529 4050 indicat
556 4001 595 4063 A,
624 4003 698 4053 unius
725 4006 844 4056 vocabuli

187 4083 222 4131 B:
242 4083 338 4132 nullam
357 4085 379 4135 C

225 4169 258 4220 17
278 4166 333 4238 ὄψις
353 4171 415 4222 AB:
435 4167 503 4240 όψεις
521 4175 552 4224 C.
571 4179 616 4227 sed
636 4181 666 4229 cf.
683 4179 754 4230 Sext.
768 4181 798 4231 P.
813 4181 845 4230 H.

187 4255 266 4309 1138
284 4259 343 4309 adv.
361 4260 439 4310 math.
458 4261 500 4311 111
518 4261 559 4313 23.
576 4261 618 4314 53.
638 4267 691 4316 VII
705 4265 757 4318 374

225 4344 257 4398 18
285 4342 325 4395 ἐπὶ
350 4342 376 4396 δὲ
398 4349 450 4403 τοῖς
472 4349 628 4416 φαινομένοις
652 4354 759 4418 (A)BO:
789 4373 845 4406 cor·

188 4437 244 4484 rexi
268 4435 408 4484 Rciakcum
431 4441 531 4486 secutus
555 4440 599 4500 qui
624 4435 676 4491 ἔστι
698 4438 722 4492 δ’
748 4441 785 4512 ἐφ’
811 4443 846 4501 οίς

189 4537 215 4587 φ.
235 4525 380 4586 praeiverat

228 4607 257 4659 19
277 4605 445 4674 ἐπιγενόμενος
463 4619 522 4675 post
539 4611 625 4682 όρᾶται
644 4619 666 4668 Β

223 4693 257 4745 20
276 4703 334 4759 post
356 4691 524 4764 ἐπιγενόμενος
547 4705 608 4754 addi
631 4709 704 4757 iussit
726 4705 771 4756 οἶα
796 4705 846 4758 ἐστι

189 4793 318 4832 corrector
336 4784 457 4834 Vossiani
478 4782 491 4852 Η
513 4786 640 4858 βουβῶνος
658 4796 681 4845 Β

225 4867 259 4919 '22
278 4867 321 4932 §3
339 4871 428 4921 addidi
447 4887 479 4923 cx
499 4875 523 4926 G
541 4880 571 4928 cf.
590 4881 662 4932 Proi.
681 4881 776 4948 ρ.3η.ι
795 4899 845 4932 om.

190 4957 260 5006 ABG
279 4957 324 5004 scd
343 4957 368 5005 A
387 4957 452 5009 duos
467 4977 554 5016 versus
568 4985 663 5022 vacuos
676 4971 806 5033 relinquit,
824 4967 846 5018 B

191 5035 297 5116 bessem,
316 5061 337 5110 C
356 5059 419 5110 nihii
