3708 5738
208 415 223 426 ‚
312 358 375 424 488
636 361 683 410 ΤΗ
688 358 892 411 EOPHRASTI
911 355 1048 410 PHYSIO.
1068 357 1229 409 OPINION.
1248 357 1301 408 1⁴*ss.
1317 354 1347 406 12

312 530 439 594 θανάτου
466 530 677 603 συναπολλύναι
703 529 802 613 τρόπιρ
830 530 947 613 τοιῷδε·
983 525 1083 612 μηκέτ’
1116 525 1234 612 ἔχοντες
1260 527 1370 610 τροφὴν
1398 527 1425 588 οἱ
1448 527 1619 610 δράκοντες,
1644 527 1677 589 δν

312 631 484 716 περιέθεσαν
515 633 621 716 δεσμδν
648 632 841 716 ἐπιχειροῦσιν
870 630 980 694 ἐκλύειν
1008 630 1178 714 ἀπαλλαγὴν
1201 627 1259 714 ἤδη
1283 629 1450 700 ποθοῦντες.
1482 630 1546 692 ’ύπδ
1569 630 1602 692 δὲ
1623 633 1676 692 τοῦ

313 737 418 820 βάρους
443 737 502 797 τῶν
529 734 694 818 ἐλεφάντων
721 734 888 818 θλιβόμενοι
915 737 1094 810 πιεζούνται,
1120 733 1168 796 καὶ
1197 733 1270 796 πολὺ
1298 733 1425 814 μᾶλλον,
1451 731 1567 795 ἐπειδὰν
1596 732 1676 817 τύχη

314 836 447 921 στέριφον
470 835 528 920 (δν)
550 837 598 900 καὶ
620 837 745 906 λιθῶδες
767 837 800 899 τδ
827 833 947 920 ἔδαφος·
976 835 1170 918 ίλυσπιύμενοι
1195 835 1249 917 γὰρ
1277 835 1324 898 καὶ
1353 835 1446 896 πάντα
1467 839 1614 904 ποιοῦντες
1635 833 1678 904 εἰς

285 931 443 1008 ςδιάλυσίν
471 939 527 1003 όπδ
553 945 606 1023 τῆς
631 943 682 1004 τού
709 939 860 1008 πιέσαντος
893 939 957 1023 βίας
982 939 1156 1022 πεδηθέντες
1184 937 1304 1006 ἑαυτούς
1328 936 1517 1019 πολυτρόπως
1543 935 1573 1000 ἐν
1600 938 1677 1020 ἀμη-

314 1045 413 1129 χάνοις
435 1043 483 1106 καλ
507 1043 627 1127 ἀπόροις
649 1043 843 1126 γυμνάσαντες
864 1039 1066 1118 ἐξασθενούσι,
1088 1040 1163 1124 (καὶ)
1185 1039 1318 1123 καθάπερ
1340 1040 1368 1102 οί
1390 1038 1634 1108 καταλευσθέντες
1658 1039 1676 1122 ἢ

314 1146 428 1231 τείχους
450 1144 590 1229 αἰφνίδιον
612 1144 819 1230 ἐπενεχθέντος
841 1143 1142 1228 προκαταληφθέντες,
1168 1139 1229 1206 οὐδ’
1259 1142 1326 1206 όσον
1353 1141 1498 1225 ἀνακύψαι
1525 1142 1678 1224 δυνάμενοι

314 1254 400 1332 πνιγή
423 1251 605 1312 τελευτῶσιν.
643 1248 668 1310 εἰ
691 1249 728 1332 δὴ
751 1251 809 1311 τῶν
832 1250 928 1330 μερῶν
951 1247 1072 1310 ἕκαστον
1095 1249 1146 1308 τού
1169 1244 1281 1326 κόσμου
1305 1243 1419 1328 φθορὰν
1449 1243 1600 1324 ὑπομένει,
1627 1245 1677 1327 δη-

317 1352 412 1417 λονότι
434 1352 483 1414 καὶ
506 1353 522 1414 ό
545 1350 575 1420 ἐξ
597 1349 694 1414 αὐτῶν
717 1350 817 1432 παγεὶς
840 1349 949 1432 κόσμος
971 1347 1120 1433 ἄφθαρτος
1143 1347 1196 1426 ούρι
1218 1345 1308 1410 ἔσται.
1345 1347 1394 1408 τδν
1417 1345 1449 1408 δέ
1471 1345 1605 1429 τέταρτον
1628 1347 1677 1410 καὶ

273 1484 296 1521 ιο
313 1455 413 1518 λοιπδν
436 1453 520 1536 λόγον
543 1451 720 1538 ἀκριβωτέον
743 1451 802 1515 ὧδέ
823 1470 925 1536 φασιν·
954 1450 995 1513 ζεί
1018 1453 1034 1516 ό
1057 1451 1166 1531 κόσμος
1188 1451 1279 1519 ἀίδιος
1301 1448 1348 1534 ήν,
1370 1447 1405 1531 ήν
1427 1447 1461 1512 ἀν
1484 1450 1532 1512 καὶ
1554 1451 1591 1512 τά
1614 1455 1678 1534 ζῷα

316 1557 396 1620 ἀίδια
417 1557 465 1619 καὶ
487 1555 562 1618 πολύ
583 1577 617 1636 γε
639 1558 748 1637 μᾶλλον
770 1555 803 1617 τδ
825 1559 883 1617 τῶν
906 1553 1070 1638 ἀνθρώπων
1092 1553 1183 1636 γένος,
1206 1553 1268 1636 όσῳ
1291 1551 1339 1614 καί
1360 1554 1418 1614 τῶν
1438 1549 1534 1614 ἀλλων
1550 1550 1676 1633 άμεινον.

316 1659 390 1722 ἀλλὰ
411 1659 460 1720 καὶ
483 1657 615 1742 δψίγονον
638 1662 763 1742 φανῆναι
785 1660 844 1726 τοῖς
862 1656 1046 1740 βουλομένοις
1061 1657 1179 1742 ἐρευνᾶν
1195 1655 1231 1718 τά
1245 1653 1373 1739 φύσεως·
1396 1652 1473 1720 είκδς
1487 1655 1552 1737 γάρ,
1568 1656 1677 1735 μᾶλλον

314 1759 338 1824 δ’
361 1761 514 1843 ἀναγκαῖον
539 1761 705 1843 ἀνθρώποις
727 1757 900 1842 συνυπάρξαι
922 1759 973 1828 τὰς
994 1759 1099 1845 τέχνας
1122 1763 1162 1829 ῶς
1185 1758 1220 1822 ἀν
1243 1757 1384 1841 ίσήλικας,
1405 1755 1440 1820 ού
1463 1755 1550 1836 μόνον
1573 1756 1616 1819 ότι
1630 1757 1677 1818 λο·

313 1869 381 1946 γική
397 1863 482 1948 φύσει
496 1863 530 1925 τδ
553 1861 718 1944 ἐμμέθοδον
742 1861 858 1931 οἰκεῖον,
880 1861 956 1926 ἀλλὰ
977 1863 1027 1926 καί
1049 1863 1093 1926 ότι
1109 1867 1162 1946 ζῆν
1178 1861 1246 1926 ἀνευ
1260 1861 1370 1924 τούτων
1387 1857 1440 1922 ούκ
1455 1855 1544 1920 ἔστιν·
1569 1855 1676 1939 ἴδωμεν

273 1995 297 2032 ιε
315 1965 365 2030 ούν
380 1967 447 2037 τοὺς
463 1968 593 2030 ἑκάστων
610 1964 732 2051 χρόνους
748 1965 942 2048 ἀλογήσαντες
956 1969 1014 2028 τῶν
1029 1962 1323 2049 ἐπιτραγῳδουμένων
1340 1962 1419 2029 θεοῖς
1443 1959 1544 2043 μύθων
1557 1959 1577 2000 ῖ
1588 1958 1608 2000 *
1620 1957 1639 2000 *
1650 1959 1676 2023 εἰ

315 2070 356 2152 μή
380 2067 470 2139 ἀίδιος
492 2069 662 2154 ἅνθρωπος,
686 2064 747 2132 οὐδ’
776 2065 848 2130 ἀλλο
870 2090 896 2130 τι
920 2071 1007 2151 ζῷον,
1030 2063 1099 2128 ὥστ’
1129 2063 1190 2130 οὐδ’
1218 2067 1247 2128 αί
1270 2063 1435 2146 δεδεγμέναι
1457 2066 1547 2126 ταῦτα
1569 2067 1677 2147 χῶραι,

224 2161 231 2168 ’
312 2177 349 2255 γῆ
373 2173 421 2235 καὶ
444 2173 523 2256 ύδωρ
545 2172 593 2234 καὶ
616 2171 684 2254 ἀήρ.
721 2168 751 2238 ἐξ
774 2169 815 2232 ῶν
837 2170 870 2232 τδ
893 2169 1023 2254 φθαρτὸν
1045 2167 1118 2232 εἶναι
1140 2169 1188 2230 τδν
1211 2167 1319 2248 κόσμον
1343 2166 1431 2250 δῆλόν
1453 2163 1557 2230 ἐστιν’.

265 2274 307 2339 25
399 2272 566 2357 Ἀναγκαῖον
589 2274 622 2338 δέ
644 2273 716 2357 πρδς
738 2273 791 2355 τὴν
813 2271 954 2354 τοσαύτην
977 2271 1171 2354 εύρεσιλογίαν
1194 2271 1368 2354 ἀπαντῆσαι,
1391 2271 1431 2352 μή
1454 2292 1495 2339 τις
1517 2264 1678 2332 τῶνάπει-

314 2377 439 2462 ροτέρων
454 2377 552 2446 ἐνδοὺς
568 2376 709 2462 ὑπαχθή·
733 2377 782 2440 καὶ
798 2375 917 2459 ἀρκτέον
933 2396 965 2455 γε
979 2377 1031 2456 τῆς
1057 2375 1261 2457 ἀντιρρήσεως,
1283 2369 1333 2456 ἀφ’
1362 2371 1397 2436 ού
1419 2372 1467 2435 καὶ
1490 2376 1542 2455 τῆς
1564 2373 1678 2455 ἀπάτης

273 2508 297 2546 νο
316 2481 343 2544 οἱ
359 2480 505 2564 σοφισταί·
531 2479 714 2562 “ἀνωμαλίας
729 2474 820 2542 οὐκέτ’
841 2477 932 2561 ἐχρῆν
947 2474 1018 2538 εἶναι
1034 2480 1086 2558 τῆς
1100 2480 1163 2558 γῆς,
1179 2473 1259 2559 εἴπερ
1274 2475 1365 2544 ἀίδιος
1380 2474 1416 2558 ἧν
1432 2475 1447 2537 ὁ
1463 2473 1595 2556 κόσμος’.
1629 2473 1679 2536 διὰ

314 2583 357 2660 τί,
386 2584 411 2646 ὦ
437 2587 573 2666 γενναῖοι;
600 2584 726 2667 φήσουσι
754 2581 808 2664 γὰρ
837 2579 929 2664 ἕτεροι
957 2577 1164 2662 παρελθόντες,
1192 2579 1236 2642 ότι
1263 2578 1387 2662 δένδρων
1414 2577 1498 2640 οὐδὲν
1525 2578 1555 2640 αἱ
1577 2576 1679 2660 φύσεις

316 2689 373 2748 τῶν
397 2685 474 2770 δρῶν
498 2684 692 2768 διαφέρουσιν,
715 2683 790 2746 ἀλλὰ
815 2681 949 2765 καθάπερ
972 2680 1079 2744 ἐκεῖναι
1101 2683 1210 2763 καιροῖς
1227 2679 1279 2762 μέν
1293 2694 1350 2744 τισι
1364 2683 1546 2764 φυλλορροεῖ,
1568 2683 1678 2761 καιροῖς

316 2788 349 2850 δέ
378 2789 463 2850 πάλιν
491 2787 601 2872 ἀνηβᾷ,
624 2822 667 2832 -
689 2787 734 2849 διδ
756 2786 804 2849 καὶ
826 2785 860 2848 τδ
882 2785 1030 2868 ποιητικόν
1057 2780 1090 2846 εύ
1117 2780 1227 2865 εἴρηται
1249 2781 1360 2866 (φύλλα
1386 2782 1423 2846 τὰ
1446 2782 1497 2864 μέν
1520 2779 1546 2844 τ’
1574 2780 1679 2862 ἀνεμος

316 2891 443 2974 χαμάδις
477 2889 557 2975 χέει,
589 2889 664 2954 ἀλλα
697 2889 730 2952 δέ
763 2886 792 2950 θ’
829 2887 883 2972 ύλη
912 2887 1087 2970 τηλεθόωσα
1115 2885 1191 2970 φύει,
1225 2882 1309 2969 ἔαρος
1338 2882 1363 2948 δ’
1398 2884 1568 2968 ἐπιγίγνεται
1598 2881 1674 2968 ὥρη’

274 3021 298 3059 ιε
318 3027 361 3038 -
383 2992 432 3056 τδν
455 2991 542 3056 αὐτὸν
563 2991 669 3075 τρόπον
693 2993 742 3056 καί
764 2995 822 3054 τῶν
845 2991 922 3074 δρῶν
943 2990 981 3054 τὰ
1003 2989 1055 3072 μὲν
1075 2987 1272 3073 ἀποθραύεται
1287 2987 1372 3071 μέρη,
1395 2987 1431 3052 τύ
1445 2987 1477 3050 δὲ
1492 2986 1680 3070 προσφύεται.

317 3100 438 3178 μακροῖς
461 3095 494 3158 δὲ
516 3094 631 3179 χρόνοις
653 3097 672 3178 ή
695 3094 856 3179 πρόσφυσις
877 3092 1050 3156 καθίσταται
1071 3094 1229 3176 μόριμος,
1252 3090 1324 3153 διότι
1345 3091 1383 3154 τὰ
1405 3091 1457 3172 μέν
1480 3089 1583 3173 δένδρα
1605 3092 1679 3152 ὠκυ-

317 3197 387 3281 τέρφ
409 3202 549 3283 χρώμενα
569 3203 606 3280 τῇ
630 3197 715 3281 φύσει
737 3198 843 3260 θᾶττον
865 3193 1161 3279 καταλαμβανομένην
1183 3191 1247 3278 ἔχει
1269 3193 1321 3276 τὴν
1345 3191 1488 3270 ἐπίδοσιν,
1509 3192 1546 3256 τὰ
1568 3192 1601 3255 δὲ
1623 3190 1678 3277 όρη

319 3299 494 3386 βραδυτέρα,
523 3301 568 3363 διδ
598 3299 646 3364 καὶ
671 3299 723 3369 τὰς
751 3299 885 3384 ἐκφύσεις
910 3296 1006 3362 αὐτῶν
1034 3297 1176 3380 αἰσθητὰς
1204 3296 1247 3359 ότι
1274 3297 1315 3378 μή
1342 3294 1441 3380 χρόνῳ
1469 3295 1573 3380 μακρῷ
1596 3295 1679 3378 μόλις

315 3403 387 3468 εῖναι
415 3403 606 3488 συμβέβηκεν.
644 3403 757 3466 ἐοίκασί
778 3401 880 3483 γετὸν
902 3401 1008 3484 τρόπον
1030 3405 1082 3483 τῆς
1105 3397 1244 3482 γενέσεως
1266 3397 1362 3462 αὐτῶν
1385 3399 1512 3480 ἀγνοεῖν,
1539 3399 1602 3462 ἐπεὶ
1625 3397 1679 3462 κᾶν

274 3536 298 3574 ιο
317 3505 386 3577 ἴσως
415 3504 597 3575 αἰδεσθέντες
623 3504 787 3589 ἡσύχασαν.
825 3504 933 3586 φθόνος
956 3499 982 3564 δ’
1015 3501 1108 3572 οὐδεὶς
1134 3501 1343 3564 ἀναδιδάσκειν.
1381 3497 1442 3564 ἔστι
1464 3497 1490 3562 δ’
1522 3499 1590 3564 ούτε
1615 3501 1678 3564 νέον

315 3609 524 3693 τὸλεγόμενον
547 3605 614 3670 ούτε
637 3604 748 3692 ῥήμαθ’
782 3608 883 3690 ήμῶν,
912 3605 987 3669 ἀλλά
1009 3605 1119 3669 παλαιὰ
1141 3608 1240 3688 σοφῶν
1263 3603 1391 3687 ἀνδρῶν,
1419 3601 1461 3673 οῖς
1492 3603 1575 3668 οὐδὲν
1605 3605 1678 3668 ἀδιε-

318 3713 453 3796 ρεύνητον
476 3715 534 3774 τῶν
557 3710 598 3780 είς
624 3710 786 3794 ἐπιστήμην
813 3709 976 3792 ἀναγκαίων
1003 3705 1216 3772 ἀπολέλειπται.
1255 3705 1323 3769 όταν
1349 3707 1382 3768 τὸ
1405 3707 1679 3790 κατακεκλεισμένον

316 3920 332 3974 3
352 3917 491 3979 πιεζούνται
508 3920 549 3970 M:
568 3915 692 3976 πιέζονται
712 3919 788 3982 vulgo
811 3913 822 3985 Η
843 3917 860 3969 4
878 3914 905 3967 δν
927 3920 973 3969 εδ·
1025 3935 1071 3968 ner
1089 3920 1119 3969 cf.
1139 3918 1255 3982 Βετιιεγε
1269 3915 1400 3977 Theophr.
1420 3915 1499 3964 ueber
1517 3915 1558 3964 die
1572 3914 1676 3964 Froem·

316 4009 370 4060 didi
386 4005 398 4074 Η
414 4009 429 4060 6
442 4001 616 4074 γυμνώσαντες
630 4005 657 4054 Μ
672 4001 685 4072 Η
701 4004 744 4055 καὶ
757 4005 815 4055 εδδ.
830 4007 944 4072 Βειιιογε
959 4002 972 4074 Η
1024 4008 1103 4072 migk.
1122 4023 1146 4070 p.
1159 4004 1193 4058 47
1209 4001 1220 4070 Η
1235 4001 1256 4054 εί
1274 3999 1300 4053 δέ
1315 3999 1350 4068 μὴ
1364 4003 1430 4051 coni.
1450 4003 1533 4052 Zeller
1548 3999 1559 4066 Η
1578 4002 1609 4056 16
1621 3999 1675 4053 ούδ’

316 4096 332 4148 ’ί
357 4089 596 4163 ἐπενεχθίΨῑοΕΜε
620 4089 797 4162 ὓπῑνεχθέντνς
820 4095 898 4158 vulgo
919 4090 932 4160 Η
957 4092 974 4146 8
1025 4112 1055 4145 αι
1075 4090 1104 4144 ού
1124 4087 1151 4143 Μ
1168 4087 1181 4158 Η
1197 4091 1227 4143 17
1246 4087 1288 4142 τόν
1307 4085 1417 4158 φθαρτὸν
1436 4086 1495 4139 εῖναι
1514 4089 1607 4158 κόσμον
1619 4093 1647 4142 Μ
1663 4089 1675 4156 Η

317 4187 389 4252 πνιγή
404 4183 495 4246 vulgo:
512 4180 546 4249 τή
555 4185 587 4249 γή
598 4181 627 4232 Μ
639 4176 651 4246 Η
666 4179 698 4232 10
708 4177 757 4230 ῶδέ
768 4193 840 4246 φασιν
851 4197 868 4230 α
881 4183 972 4244 vulgo:
1026 4181 1058 4233 18
1077 4177 1240 4247 εύρεσιλογίαν
1253 4195 1282 4228 a:
1302 4175 1470 4245 εύρησάίογίαν
1485 4178 1513 4228 M
1535 4175 1547 4244 Η
1567 4177 1601 4230 20
1613 4177 1678 4230 ἀνω-

316 4268 375 4322 ῶδτ.
394 4268 468 4338 φασὶν
486 4271 516 4321 Μ
534 4269 649 4334 Bernays
670 4265 682 4333 Η
707 4267 735 4318 11
755 4265 783 4318 τό
801 4271 853 4318 τῶν
872 4285 901 4318 a:
920 4271 972 4318 τῶν
1024 4265 1168 4334 μαλίαςΜε
1188 4265 1262 4324 τὰςα
1281 4268 1357 4330 vulgo
1379 4262 1391 4330 Η
1413 4263 1446 4316 23
1465 4265 1543 4314 Hom.
1563 4260 1647 4317 2147
1662 4263 1678 4333 Η

316 4359 345 4409 Μ
365 4355 380 4426 Η
403 4354 434 4409 12
453 4355 589 4424 φανήσεται
602 4357 668 4406 coni.
682 4357 790 4406 Usener.
809 4372 870 4406 num
882 4351 971 4404 κάν-
1023 4353 1057 4408 25
1076 4350 1244 4422 ἀποθραύεται
1256 4370 1285 4404 αι
1305 4349 1465 4421 ἐπιθράβεται
1483 4353 1512 4402 Μ
1533 4351 1545 4419 Η
1567 4352 1601 4406 28
1619 4352 1679 4423 βρα-

317 4443 420 4514 φανείηῖ
440 4439 454 4512 Η
476 4444 507 4496 13
527 4439 680 4512 συνυπάρξας
698 4445 727 4494 Μ
745 4441 760 4511 Η
780 4442 824 4498 τάς
843 4438 925 4509 φύσεις
943 4459 972 4492 ιιι
1023 4439 1117 4510 χυτέρα
1129 4443 1187 4492 υΜι
1208 4437 1345 4509 βραδυτίρρ
1364 4443 1450 4506 vulgo.
1469 4437 1604 4510 βραδύτερα
1616 4441 1678 4492 Βετ-

317 4537 429 4601 φυσικῶς
448 4533 559 4584 addebat
576 4540 635 4596 post
654 4527 751 4597 φύσεως
769 4531 884 4594 Bernayu
905 4525 917 4596 Η
941 4529 973 4580 14
1024 4546 1087 4596 nays
1123 4527 1134 4595 Η
1169 4525 1239 4595 μόλις
1266 4545 1284 4578 ο
1311 4531 1401 4594 vulgo:
1435 4525 1504 4594 μόγις
1532 4530 1559 4578 Μ
1592 4541 1617 4580 ει
1646 4531 1677 4580 τί.

317 4618 387 4689 φύσει
405 4618 434 4672 τό
453 4621 544 4683 vulgo:
568 4615 639 4686 φύσει
656 4635 684 4668 τε
702 4619 743 4668 M:
767 4615 795 4667 τὸ
818 4625 877 4682 post
895 4615 971 4683 ἐμμί·
1024 4632 1048 4682 p.
1062 4613 1175 4678 489,10.
1194 4615 1255 4680 490,
1265 4613 1298 4668 θῖ
1321 4612 1333 4682 Η
1355 4613 1388 4668 29
1406 4613 1488 4683 γετὸν
1502 4618 1543 4667 M:
1563 4633 1590 4668 τι
1607 4613 1649 4667 τόν
1661 4635 1677 4665 a

316 4705 390 4760 θοδσν
402 4710 527 4759 traiecita
539 4701 551 4772 Η
566 4705 597 4756 14
611 4703 675 4756 ἐστιν
689 4706 748 4755 aM:
763 4701 854 4755 ἔνεστιν
864 4707 942 4769 vulgo
957 4700 970 4772 Η
1023 4705 1132 4755 fortasse
1151 4701 1177 4755 δὲ
1196 4700 1238 4756 τόν
1259 4699 1271 4770 Η
1293 4701 1326 4756 30
1345 4698 1401 4754 ούτε
1423 4701 1478 4753 νέον
1497 4705 1556 4754 αΜε
1576 4699 1633 4754 οὔτε
1654 4720 1678 4754 τι

319 4795 351 4848 15
370 4793 535 4864 ἀλογήσαντες
553 4795 645 4858 vulgo:
665 4789 851 4859 ἀναλογίσαντες
864 4808 893 4842 αι
913 4789 971 4858 ἀμε·
1023 4789 1077 4842 νέον
1101 4792 1178 4856 vulgo
1200 4789 1212 4858 Η
1237 4789 1269 4844 31
1289 4788 1317 4840 τὸ
1340 4787 1469 4858 λεγόμενον
1488 4807 1517 4840 αι
1541 4795 1593 4842 τῶν
1611 4788 1679 4858 λεγό-

315 4881 435 4951 λήσαντες
453 4885 482 4934 Μ
498 4879 510 4948 Η
526 4877 629 4932 ‘dcem
642 4880 736 4945 quibus
749 4876 898 4946 εὑρημάτων
911 4888 971 4930 tem·
1024 4895 1105 4944 μενων
1120 4881 1149 4929 Μ
1171 4876 1183 4945 Η
1205 4876 1234 4930 ού
1254 4873 1345 4946 ῥήμαθ’
1367 4876 1440 4946 ήμῶν
1453 4881 1494 4930 M:
1514 4875 1567 4930 οὔθ’
1589 4878 1679 4948 ήμίτε·

311 4987 382 5035 μονα
408 4968 536 5035 εαρίῖααεα
558 4975 633 5019 erant
660 4965 728 5018 υῖάῖι
752 4963 880 5033 Μααρεμ’
905 4967 970 5018 Use-
1024 4981 1065 5034 ρον
1084 4963 1153 5034 ῥῆμα
1172 4985 1189 5016 α
1210 4963 1222 5034 Η
1244 4963 1357 5018 παλαιῶν
1375 4966 1418 5017 καὶ
1438 4971 1523 5034 σοφῶν
1541 4982 1558 5016 α
