3750 5746
335 411 398 476 342
818 413 918 462 κοτιι
937 411 1039 461 mc.
1053 411 1079 460 11
1095 407 1127 460 13
1139 417 1210 456 ι-ιι

487 475 1463 570 ΡουνικσΜουι.ι
1482 507 1541 560 νιι

1010 670 1025 723 6
1083 649 1281 738 Ἀρχέλαος
1310 650 1434 734 μύδρους
1456 645 1564 733 ἔφησεν
1586 645 1658 710 εἶναι

1042 755 1109 824 τοὺς
1132 753 1265 838 ἀστέρας,
1288 751 1446 836 διαπύρους
1468 749 1512 814 δέ.

1011 869 1027 920 7
1084 853 1360 939 Ἀναξίμανδρος
1391 855 1542 938 πιλήματα
1572 851 1658 938 ἀέρος

1043 957 1212 1042 τροχοειδῆ,
1246 958 1336 1042 πυρὸς
1368 953 1492 1040 ἔμπλεα,
1524 957 1599 1018 κατά
1631 978 1657 1018 τι

1045 1058 1131 1142 μέρος
1146 1057 1205 1121 άπδ
1221 1059 1347 1143 στομίων
1364 1057 1521 1122 ἐκπνέοντα
1535 1055 1655 1142 φλόγας.
1678 1077 1690 1115 ο

1009 1178 1026 1232 8
1088 1159 1312 1245 Παρμενίδης
1348 1161 1396 1224 καὶ
1428 1157 1657 1244 Ἡράκλειτος

1045 1265 1194 1348 πιλήματα
1216 1263 1306 1347 πυρὸς
1328 1263 1365 1327 τά
1386 1261 1487 1347 ἄστρα.

424 1368 514 1434 Παλιν
537 1370 570 1433 δὲ
592 1373 608 1434 ό
631 1371 718 1441 αὐτὸς
740 1371 860 1456 ἀφανεῖς
883 1369 935 1454 μὲν
953 1369 993 1432 λί-
1011 1387 1027 1440 9
1089 1365 1286 1454 (Διογένης)
1309 1367 1575 1454 συμπεριφέρεσθαι
1601 1363 1659 1454 [δὲ]

381 1469 462 1550 θους,
485 1472 639 1542 πίπτοντας
661 1473 694 1535 δὲ
715 1474 852 1542 πολλάκις
874 1473 921 1536 ἐπὶ
940 1474 993 1556 τὴν
1045 1473 1104 1540 τοῖς
1125 1473 1259 1556 φανεροῖς
1280 1469 1396 1557 ἄστροις
1421 1471 1540 1558 ἀφανεῖς
1558 1471 1658 1540 λίθους

380 1577 433 1656 γῆν
456 1574 628 1658 σβέννυσθαι
655 1575 789 1660 καθάπερ
818 1576 866 1639 τὸν
889 1573 919 1638 ἐν
943 1571 994 1638 Al·
1045 1572 1093 1635 καί
1115 1569 1179 1656 παρ’
1206 1573 1278 1638 αδτδ
1301 1571 1374 1638 τοῦτ)
1403 1574 1585 1656 ἀνωνύμους·
1613 1571 1655 1634 πί·
1670 1591 1693 1630 ιο

380 1677 430 1757 γδς
451 1681 592 1760 ποταμοῖς
607 1679 767 1762 πυροειδῶς
782 1675 994 1763 κατενεχθέντα
1045 1697 1166 1744 πτοντας
1200 1675 1233 1738 δὲ
1264 1677 1403 1746 πολλάκις
1441 1675 1488 1740 ἐπί
1521 1679 1573 1760 τῆς
1605 1679 1658 1760 γῆς

348 1778 491 1862 ιᾶστέρα
513 1779 653 1865 πέτρινον.
1047 1775 1219 1864 σβέννυσθαι
1253 1778 1387 1863 καθάπερ
1421 1779 1470 1842 τδν
1501 1777 1531 1841 ἐν
1569 1773 1657 1858 Αἰγὸς

1045 1883 1187 1962 ποταμοῖς
1245 1883 1388 1966 πυρωδῶς
1446 1878 1658 1964 κατενεχθέντα

1046 1979 1154 2065 ἀστέρα
1176 1981 1316 2066 πέτρινον.

1005 2095 1036 2148 10
1085 2079 1310 2169 Ἀναξιμένης
1352 2085 1470 2170 πυρίνην
1512 2085 1564 2168 μὲν
1604 2085 1693 2168 τὴνιι

1046 2184 1130 2268 φύσιν
1153 2189 1211 2249 τῶν
1234 2185 1358 2271 ἄστρων,
1380 2187 1525 2274 περιέχειν
1548 2185 1581 2249 δέ
1597 2209 1659 2249 τινα

1046 2285 1094 2348 καλ
1122 2289 1218 2372 γεώδη
1246 2291 1369 2372 σώματα
1391 2289 1659 2375 συμπεριφερόμενα

1046 2387 1156 2458 τούτοις
1178 2390 1300 2474 ἀόρατα.

422 2491 663 2575 Ἐμπεδοκλῆς
690 2495 757 2564 τοὺς
785 2495 837 2577 μὲν
860 2497 1037 2566 ἀπλανεῖςΠ
1093 2491 1365 2588 (Ἐμπεδοκλῆς)
1398 2495 1472 2586 [καὶ]
1504 2500 1571 2572 τοὺς
1608 2501 1660 2584 μὲν

385 2593 507 2677 ἀστέρας
535 2593 722 2659 συνδεδέσθαι
749 2601 792 2682 τῷ
815 2599 997 2684 κρυστάλλῳ,
1050 2598 1187 2668 ἀπλανεῖς
1229 2601 1351 2687 ἀστέρας
1393 2603 1580 2667 συνδεδέσθαι
1616 2607 1658 2688 τῷ
1671 2625 1695 2663 ιο

386 2698 452 2766 τοὺς
475 2698 508 2760 δὲ
529 2699 676 2781 πλανήτας
699 2697 842 2762 ἀνεῖσθαι.
1048 2703 1233 2788 κρυστάλλῳ,
1261 2705 1328 2774 τοὺς
1356 2705 1388 2768 δὲ
1414 2706 1561 2790 πλανήτας
1587 2709 1660 2771 ἀνεῖ-

1048 2801 1128 2866 σθαι.

427 2902 572 2966 Πλάτων
595 2903 628 2965 ἐκ
651 2901 703 2984 μὲν
726 2907 777 2967 τοῦ
792 2905 927 2968 πλείστου
947 2907 995 2988 μέ·
1008 2925 1040 2978 12
1093 2909 1241 2974 Πλάτων
1264 2911 1297 2975 ἐκ
1320 2915 1371 2996 μὲν
1394 2917 1445 2976 τοῦ
1461 2915 1595 2978 πλείστου
1612 2916 1659 2998 μέ

352 3027 374 3064 ιο
387 3029 452 3090 ρους
467 3005 610 3090 πυρίνους,
633 3005 807 3092 μετέχοντας
828 3007 861 3070 δὲ
876 3009 996 3073 καὶτῶν
1049 3037 1115 3098 ρους
1131 3014 1274 3099 πυρίνους,
1297 3017 1473 3102 μετέχοντας
1488 3019 1521 3082 δὲ
1537 3018 1586 3082 καί
1602 3023 1659 3082 τιῖιν

384 3108 480 3172 ἄλλων
503 3107 655 3192 στοιχείων
679 3108 784 3192 κόλλης
807 3110 900 3194 δίκην.
1048 3115 1144 3180 ἀλλων
1168 3118 1329 3203 στοιχείων.

1047 3247 1080 3254 ..-

1083 3307 1099 3358 6
1122 3305 1228 3358 dubium
1249 3305 1292 3356 hic
1314 3307 1439 3359 Heracliti
1465 3311 1559 3360 lemma
1586 3312 1618 3361 τί.
1641 3307 1703 3361 174

379 3300 390 3350 1
412 3297 511 3367 ἀφανεῖς
530 3298 637 3360 Eme:
656 3294 721 3364 λέγει
739 3297 761 3346 Β

377 3383 578 3456 3σβεννίιναιΒ
1047 3395 1131 3444 ΖοΠετ
1153 3393 1179 3445 1⁸
1195 3391 1255 3456 560,
1272 3391 1297 3444 θ.
1323 3395 1445 3447 θοίιυειετ
1467 3414 1492 3462 ρ.
1506 3395 1551 3450 37¹
1578 3395 1590 3464 ΙΙ
1615 3397 1632 3447 θ
1654 3397 1703 3462 §9

377 3475 392 3526 θ
413 3469 519 3524 Πλάτων
538 3473 670 3536 Eume:
694 3470 754 3523 εἶναι
776 3470 802 3524 δέ
821 3475 842 3524 Β
1048 3482 1150 3532 additur
1172 3489 1230 3548 post
1249 3479 1355 3550 διάιτυρα
1373 3481 1417 3546 §5
1437 3479 1449 3550 γΙ
1473 3483 1504 3535 λθ
1522 3481 1643 3535 πίπτοντα
1664 3487 1703 3535 A:

363 3563 388 3612 11
412 3560 541 3630 στοιχείων
560 3577 611 3611 om.
631 3561 672 3632 EA
1049 3571 1149 3618 correxi
1179 3565 1192 3636 Η
1222 3568 1255 3622 15
1278 3571 1311 3620 de
1335 3568 1397 3634 §10
1420 3573 1451 3621 σί.
1475 3573 1546 3624 Prol.
1569 3589 1594 3638 ρ.
1609 3569 1659 3625 136
1688 3569 1701 3638 ΙΙ

1051 3653 1083 3706 16
1102 3653 1221 3724 περιέχειν
1237 3655 1279 3718 (F)
1303 3664 1329 3706 ει
1349 3657 1483 3709 Meineke:
1507 3657 1623 3727 παρέχειν
1641 3660 1663 3710 C
1687 3657 1701 3726 ΙΙ

1052 3739 1082 3792 19
1100 3740 1114 3804 ξ
1129 3740 1161 3793 11
1180 3744 1283 3793 additur
1294 3751 1353 3809 post
1367 3742 1423 3796 132
1440 3741 1558 3814 διάκρισιν
1578 3741 1591 3812 Η
1612 3745 1645 3798 23
1659 3747 1703 3814 μί-

1048 3845 1104 3896 ρους
1124 3829 1177 3891 (F):
1197 3829 1281 3896 γένους
1299 3831 1320 3880 0

340 3980 571 4030 TESTIMONIA
589 3979 798 4030 PLUTARCHI
1047 3975 1216 4027 ALIORUM
1234 3977 1285 4026 EX
1303 3977 1415 4028 ΑΕΤῙΟ
1435 3979 1630 4028 ΕΧΟΕΠΡΤΑ

375 4061 461 4116 1812
486 4059 588 4120 Athin.
612 4067 628 4115 1.
643 4083 665 4116 c.
689 4059 818 4116 Πλάτων
840 4061 866 4114 δέ
891 4063 920 4115 ἐκ
943 4067 995 4115 τῶν
1082 4061 1097 4114 7
1118 4058 1381 4120 Theodoret.1v17
1399 4061 1452 4115 δδὲ
1469 4059 1703 4134 Ἀναξίμανδρος

340 4152 467 4219 τεσσάρων
485 4149 623 4220 στοιχείων,
641 4149 756 4203 πλείστου
775 4149 801 4204 δέ
819 4151 902 4220 πυρός.
1046 4149 1192 4217 συστήματα
1223 4148 1286 4201 ἀττα
1312 4153 1357 4201 τοῦ
1384 4149 1456 4219 ἀέρος
1482 4149 1531 4220 ίφη
1554 4151 1704 4221 τροχοειδιῖις

1047 4233 1202 4304 πιπιλημένα
1234 4235 1310 4307 πυρὸς
1341 4235 1437 4305 ἔμπλεα
1462 4235 1523 4290 εἶναι
1551 4238 1599 4291 ἀπό
1628 4255 1703 4291 τινων

1047 4323 1156 4391 στομίων
1175 4323 1277 4393 ἀφιέντα
1295 4324 1339 4382 τὰς
1357 4323 1457 4394 φλόγας.

1082 4412 1098 4464 9
1117 4407 1243 4467 ldomlv
1258 4411 1290 4464 18
1308 4408 1456 4484 Διογένης
1475 4411 1501 4466 δὲ
1519 4413 1563 4466 καὶ
1576 4413 1704 4482 ἐμπίπτειν

1047 4498 1081 4556 ιίς
1098 4497 1145 4567 τὴν
1164 4501 1211 4568 γῆν
1232 4517 1299 4559 τινας
1320 4499 1417 4553 τουτων
1440 4499 1518 4570 ἔφησε
1540 4503 1583 4554 καὶ
1606 4501 1702 4571 σβεννυ-

1047 4585 1136 4653 μένους
1154 4583 1300 4656 έλίγχισθαι
1318 4585 1356 4640 ότι
1374 4585 1452 4642 λίθων
1471 4587 1555 4658 έχουσι
1570 4585 1640 4658 φάσιν
1659 4591 1703 4641 καὶ

1046 4673 1152 4742 μάρτυρι
1170 4677 1263 4743 χρῆται
1280 4680 1318 4744 τῷ
1337 4675 1363 4727 έν
1382 4672 1456 4745 Αἰγὸς
1474 4681 1595 4744 ποταμοῖς
1607 4693 1703 4746 πυροιι-

1046 4759 1097 4819 δῶς
1116 4759 1291 4831 κατενεχθέντι
1308 4763 1378 4816 ποτέ.

1081 4847 1116 4902 ld
1133 4848 1167 4900 12
1185 4847 1261 4906 Iden
1279 4853 1296 4903 1.
1309 4869 1331 4903 ο.
1350 4847 1402 4903 δδέ
1420 4845 1552 4904 Πλάτων
1566 4850 1602 4910 ὡς
1614 4849 1703 4904 ἐπίπαν

1047 4936 1092 5004 μέν
1109 4934 1212 4995 τοίιπους
1230 4937 1260 4989 έκ
1276 4939 1320 4990 τοῖι
1335 4936 1411 5007 πυρός
1424 4938 1573 5004 συνιστάναι,
1591 4939 1703 5009 μετέχειν

1047 5022 1073 5076 δέ
1093 5023 1136 5075 καὶ
1154 5029 1207 5076 τῶν
1225 5023 1309 5076 ἄλλων
1327 5023 1457 5095 στοιχείων
1474 5025 1557 5094 φησίν.
