3648 5736
355 367 437 472 ¹574
506 475 508 480 Ι
639 411 835 462 HIPPOLYTI
855 411 1217 462 PHILOSOPHUMHNON
1235 407 1270 460 24
1282 419 1301 460 τ.
1321 407 1362 460 25.
1382 407 1416 462 26
1431 419 1473 460 ur

392 587 408 638 7
471 579 517 640 διὸ
540 580 719 661 Δάνδαμιν
743 578 805 660 μέν,
830 579 902 662 πρὸς
924 581 956 644 δν
975 577 1160 664 Ἀλέξανδρος
1182 583 1198 644 ὁ
1222 577 1368 644 Μακεδὼν
1391 578 1537 662 εἰσῆλθεν,
1561 581 1600 648 ύς
1621 601 1681 641 νενι-

422 682 533 764 κηκότα
548 683 597 745 τὸν
613 682 740 764 πόλεμον
754 683 804 744 τὸν
819 683 849 745 ἐν
864 687 907 767 τῷ
924 685 1038 764 σώματι
1055 679 1272 767 Βραχμᾶνες
1288 682 1472 764 θεολογοῦσι·
1497 678 1677 744 Καλλάνου

427 783 460 846 δέ
482 785 691 870 καταφέρονται
714 787 755 853 ὡς
782 785 897 868 ἀσεβῶς
926 786 1180 868 ἀποστατήσαντος
1207 789 1260 868 τῖγς
1287 782 1351 847 κατ’
1378 785 1484 853 αὐτούς
1506 782 1680 868 φιλοσοφίας.

425 887 602 970 ἀποθέμενοι
623 888 655 950 δέ
672 886 888 972 Βραχμᾶνες
909 888 943 950 τδ
966 891 1053 968 σῶμα
1076 887 1175 970 ὥσπερ
1198 885 1227 956 ἐξ
1250 888 1353 958 ύδατυς
1376 887 1479 972 ἰχθύες
1495 887 1683 969 ἀνακύψαντες

424 989 466 1058 είς
489 989 562 1074 ἀέρα
583 991 715 1073 καθαρὸν
729 975 829 1072 λύριῖνσι
852 990 900 1052 τὸν
923 991 1016 1073 ήλιυν.
1696 1007 1705 1042 ι

499 1095 540 1157 25
570 1077 725 1176 ’Δρυίδαι
748 1092 775 1154 οἱ
795 1091 826 1154 ἐν
843 1087 963 1160 Κελτοῖς
977 1097 1015 1174 τῇ
1033 1091 1223 1176 Πυθαγορείιμ
1238 1091 1396 1178 φιλοσοφίᾳ
1411 1091 1475 1155 κατ’
1496 1090 1584 1176 ἀκρον
1606 1090 1680 1172 ἐγκύ-

421 1201 535 1279 ψαντες,
558 1195 651 1257 αἰτίου
673 1195 772 1263 αὐτοῖς
791 1193 944 1276 γενομένου
966 1195 1073 1277 ταύτης
1091 1199 1146 1278 τῆς
1165 1196 1320 1278 ἀσκήσεως
1339 1194 1563 1278 Ζαμόλξιδος
1584 1194 1682 1256 δούλου

424 1295 650 1380 Πυθαγόρου,
665 1296 738 1379 γένει
752 1296 880 1380 Θρᾳκός·
897 1298 928 1366 ὃς
941 1298 1014 1379 μετὰ
1028 1299 1080 1381 τήν
1095 1297 1308 1380 Πυθαγόρου
1323 1298 1458 1381 τελευτήν
1474 1297 1536 1360 ἐκεῖ
1550 1298 1683 1382 χωρήσας

392 1399 518 1470 δαίτιος
547 1401 658 1470 τούτοις
685 1399 791 1482 ταύτης
818 1405 871 1482 τῆς
898 1399 1071 1483 φιλοσοφίας
1101 1399 1222 1482 ἐγένετο.
1375 1399 1494 1468 τούτους
1516 1396 1622 1463 Κελτοί
1644 1401 1681 1464 ὡς

425 1490 576 1588 προφήτας
605 1503 653 1566 καὶ
682 1503 912 1584 προγνωστικοθς
941 1501 1107 1574 δοξάζουσιν
1142 1503 1190 1566 διὰ
1217 1503 1251 1564 τὸ
1278 1503 1312 1565 ἐκ
1341 1503 1448 1586 ψήφων
1474 1502 1522 1564 καὶ
1551 1500 1680 1585 ἀριθμῶν
1698 1521 1714 1556 ιι·

427 1603 617 1688 Πυθαγοριστῇ
644 1604 735 1689 τέχνη
766 1605 968 1689 προαγορεύειν
998 1606 1096 1675 αὐτοῖς
1125 1627 1204 1680 τινα,
1235 1604 1271 1687 ἧς
1299 1604 1347 1667 καὶ
1378 1603 1468 1686 αύτής
1499 1603 1605 1689 τέχνης
1636 1603 1681 1672 τάς

423 1709 546 1794 ἐφόδους
576 1705 610 1770 ού
646 1709 848 1791 σιωπήσομεν,
879 1708 942 1771 ἐπεὶ
975 1709 1022 1770 καί
1051 1709 1085 1770 ἐκ
1110 1707 1220 1770 τούτων
1248 1705 1323 1776 τινές
1351 1707 1476 1789 αἱρέσεις
1505 1707 1682 1790 παρεισάγειν

426 1811 600 1893 ἐτόλμησαν.
645 1814 773 1895 χρῶνται
797 1811 830 1872 δέ
851 1809 997 1892 Δρυίδαι
1020 1809 1067 1873 καὶ
1091 1809 1232 1891 μαγείαις.

502 2019 544 2082 26
583 2013 748 2085 Ἠσίοδος
771 2017 804 2078 δέ
826 2018 842 2080 ό
864 2017 987 2099 ποιητὴς
1009 2017 1057 2079 καὶ
1079 2016 1167 2085 αύτδς
1187 2015 1252 2100 περὶ
1274 2015 1391 2100 φύσεως
1413 2015 1491 2079 ούτω
1513 2013 1589 2096 λέγει
1613 2015 1677 2096 ἀκη-

424 2119 520 2182 κοέναι
543 2119 622 2202 παρὰ
646 2117 786 2182 Μουσῶν.
830 2119 898 2188 Διὸς
919 2121 953 2182 δὲ
975 2117 1048 2182 εἶναι
1075 2119 1127 2188 τὰς
1156 2117 1277 2188 Μούσας
1306 2118 1477 2202 θυγατέρας.
1520 2117 1604 2180 ἐννέα
1630 2118 1680 2199 γὰρ
1698 2137 1714 2172 ιν

40 2247 313 2319 χ
424 2223 527 2292 νύκτας
550 2223 624 2302 ὁμοῦ
647 2221 696 2284 καὶ
720 2222 832 2306 ἡμέρας
847 2220 884 2285 δι’
906 2223 1068 2306 ύπερβολὴν
1083 2221 1240 2304 ἐπιθυμίας
1256 2221 1447 2290 ἀδιαλείπτως
1463 2219 1680 2302 συνευνηθέντος
1783 2301 1784 2304 ¹

322 2314 330 2319 ⁸
424 2325 462 2407 πή
485 2322 668 2406 Μνημοσύνῃ
690 2328 742 2387 τοῦ
766 2325 849 2400 Διός,
879 2323 961 2386 ἐννέα
983 2323 1089 2394 ταύτας
1111 2325 1163 2407 τὴν
1187 2321 1383 2407 Μνημοσύνην
1406 2325 1558 2409 συλλαβεῖν
1580 2325 1613 2386 ἐν
1636 2327 1683 2404 μιᾷ
1783 2319 1784 2378 ἷ

392 2428 542 2510 δγαστρί,
572 2425 620 2510 ἐφ’
649 2427 774 2511 ἑκάστης
801 2427 902 2496 νυκτὸς
931 2425 1145 2509 ὑποδεξαμένην
1177 2427 1253 2508 μίαν.
1408 2427 1532 2497 καλέσας
1559 2425 1611 2490 οὖν
1637 2427 1683 2494 τάς

425 2530 507 2593 ἐννέα
532 2527 652 2598 Μούσας
674 2530 733 2592 ἀπὸ
755 2535 808 2613 τῆς
833 2529 956 2613 Πιερίας,
978 2526 1056 2592 τοῦτ’
1084 2527 1159 2592 ἔστιν
1182 2531 1241 2592 ἀπὸ
1263 2535 1315 2593 τού
1334 2527 1490 2612 Ὀλύμπου,
1513 2531 1684 2616 διδαχθῆναι
1700 2549 1719 2583 zu

423 2633 592 2716 παρεκάλει,

575 2763 610 2801 ios
628 2782 635 2796 .
653 2781 661 2796 .
678 2781 686 2796 .
704 2781 711 2796 .
728 2781 736 2796 .
753 2737 794 2804 ὡς’
814 2733 850 2796 τά
872 2738 974 2816 πρῶτα
997 2735 1060 2797 θεοί
1083 2737 1131 2798 καὶ
1153 2741 1221 2818 γαῖα
1244 2735 1358 2818 γένοντο

629 2839 677 2901 καὶ
701 2837 826 2918 ποταμοὶ
849 2835 896 2898 καλ
919 2836 1022 2907 πόντος
1045 2837 1190 2921 ἀπείριτος
1212 2837 1302 2920 οίδμά
1321 2861 1353 2902 τε
1375 2838 1481 2902 πόντου

574 2971 609 3007 uo
626 2939 718 3024 ἀστρα
739 2962 771 3002 τε
792 2939 1002 3022 λαμπετόωντα
1024 2941 1073 3002 καὶ
1096 2941 1217 3024 οὐρανὸς
1238 2942 1323 3024 εὐρύς
1346 2942 1480 3024 ύπερθεν,

574 3065 608 3102 ιιι
626 3048 666 3113 ὡς
689 3041 829 3126 στέφανον
851 3043 994 3105 δάσσαντο
1017 3043 1064 3104 καί
1088 3046 1129 3112 ὡς
1150 3044 1235 3124 τιμάς
1257 3043 1394 3120 διέλοντο,

626 3147 680 3231 ήδέ
702 3145 750 3208 καὶ
770 3149 811 3214 ὡς
832 3145 868 3208 τά
890 3149 992 3229 πρῶτα
1013 3145 1199 3229 πολύπτυχον
1221 3143 1310 3230 ἔσχον
1327 3143 1485 3228 Ὄλυμπον.

570 3251 662 3313 ταῦτά
685 3271 734 3330 μοι
760 3245 886 3325 Μοῦσαι,
909 3249 1009 3331 φησίν,
1031 3244 1135 3310 ἔσπετε
1151 3289 1159 3305 .
1176 3289 1209 3306 ..

574 3349 657 3420 nudi
678 3352 784 3436 ἀρχῆς,
806 3350 854 3412 καὶ
878 3347 974 3413 ἔπειθ’
1004 3351 1021 3414 ό
1042 3373 1069 3413 τι
1091 3373 1145 3435 περ
1166 3355 1281 3434 πρῶτον
1303 3348 1392 3432 γένετ’
1420 3349 1526 3414 αύτιῖιν.
1783 3355 1784 3420 i

628 3455 692 3538 ἤτοι
716 3453 769 3535 μὲν
791 3455 938 3536 πρώτιστα
962 3452 1044 3522 Χάος
1065 3450 1171 3534 γένετ’,
1193 3452 1285 3536 αὐτὰρ
1307 3451 1407 3517 ἔπειτα

629 3555 697 3621 Γαῖ’
725 3555 912 3640 εὐρύστερνος
934 3558 1049 3620 πάντων
1072 3553 1137 3624 έδος
1160 3555 1288 3638 ἀσφαλὲς
1311 3555 1367 3619 αἰεὶ
1405 3621 1407 3626 ,
1698 3583 1717 3618 ιο

1783 4949 1784 5010 λ

1079 3703 1094 3709 -
1102 3703 1281 3711 --u—-v--n-——u

374 3785 386 3834 1
402 3781 439 3835 διὸ
454 3781 573 3850 δάνδαμιν
588 3781 645 3832 BC:
665 3777 701 3838 δὶς
721 3777 829 3846 δάμινΤ
848 3779 861 3844 il
880 3779 1029 3850 νενικηκότα
1079 3776 1166 3828 τότντα
1179 3780 1237 3830 BT:
1257 3777 1392 3830 λεπτέοντα
1405 3781 1443 3832 Οι
1462 3776 1602 3849 λιπτήεντα
1615 3783 1649 3832 L:
1667 3795 1720 3830 corr.

371 3889 404 3922 ox
423 3869 581 3940 νενηκηκότα
596 3885 662 3920 corr.
681 3870 703 3919 B
719 3864 732 3934 ii
749 3865 966 3932 δκαλάνουδδτῖ,
983 3871 1028 3920 sed
1081 3883 1114 3916 ex
1133 3867 1248 3918 Hesiodo
1277 3865 1290 3931 ,11
1319 3879 1377 3932 post
1400 3869 1469 3918 huno
1491 3885 1593 3919 versum
1614 3871 1723 3920 omittitur

374 3961 406 4009 ei.
425 3961 527 4010 Usener
545 3959 580 4009 od
598 3959 698 4008 Comus.
721 3959 785 4008 Luc.
803 3975 829 4022 p.
847 3955 949 4016 104,19
974 3952 987 4022 ii
1013 3953 1029 4008 3
1083 3955 1190 4004 Hesiodi
1214 3951 1261 4004 οἵτ’
1290 3953 1320 4005 ἐκ
1343 3959 1396 4006 τῶν
1419 3953 1531 4022 ἐγίνοντο
1552 3951 1609 4008 θεολ
1628 3955 1723 4023 διατήρει

374 4043 477 4114 ἀσεβοῦς
487 4047 509 4096 Τ
530 4042 543 4110 ΙΙ
565 4043 751 4113 ἀποστήσαντος
763 4046 810 4096 ΒΟ
832 4041 845 4110 ΙΙ
865 4043 882 4094 4
901 4040 927 4100 ἐΕ
940 4038 1029 4098 ὕδατος
1082 4039 1147 4092 ἐάων
1163 4038 1176 4109 ΙΙ
1191 4040 1224 4094 25
1237 4039 1273 4098 ὥς
1290 4039 1315 4093 τ’
1337 4039 1427 4110 ἀφενυς
1446 4045 1575 4094 Hesiodus
1597 4042 1612 4110 Ιγ
1632 4042 1722 4094 ideam

373 4149 423 4184 om.
447 4135 469 4184 T
497 4129 513 4200 ΙΙ
543 4135 559 4188 6
583 4133 638 4202 περὶ
661 4129 765 4201 δρυίδιυν
792 4135 844 4182 τῶν
871 4128 897 4182 ἐν
924 4123 1029 4185 Κελτοῖς
1080 4130 1138 4180 libri
1163 4127 1176 4195 ΙΙ
1202 4127 1235 4184 26
1262 4127 1348 4181 ἐσπττε
1376 4131 1464 4195 volgo.
1517 4147 1607 4182 uersus
1630 4129 1721 4182 Hesiodi

371 4221 536 4285 superscribit
554 4221 575 4272 B
597 4218 610 4287 ΙΙ
631 4222 646 4274 7
665 4223 711 4289 τῆς
729 4217 847 4288 αἱρέσεως
866 4220 952 4269 οιιι11ιυ
977 4213 991 4284 ΙΙ
1011 4217 1028 4270 8
1080 4227 1140 4268 eunt
1161 4217 1240 4270 ταῦτά
1262 4233 1305 4284 μοι
1327 4215 1414 4268 idmst
1432 4220 1524 4284 μοῦσαι
1545 4214 1667 4286 Ὀλύμπια
1683 4213 1721 4265 δύ-

372 4303 518 4375 ζαμέτριόος
536 4307 571 4358 B:
594 4304 741 4374 ζαμάλξιδος
759 4308 782 4356 L
802 4302 816 4372 ΙΙ
842 4299 940 4373 Θρᾳκός
963 4305 1027 4358 (ἐυλ-
1080 4307 1142 4370 ματ’
1163 4301 1283 4374 έχουσαιΙ
1301 4300 1327 4362 ἐξ
1346 4303 1426 4373 ἀρχῆς
1444 4305 1488 4356 καὶ
1506 4301 1591 4358 εἴπαθ’
1613 4304 1650 4358 ότι
1666 4306 1721 4372 τιρτῖι

371 4398 513 4460 tingentes:
536 4390 643 4463 θρακίου
663 4397 720 4446 iibri
746 4391 759 4458 i!
785 4391 946 4460 θγτγένηται
964 4393 988 4442 Τ
1012 4387 1026 4456 ΙΙ
1078 4389 1207 4460 rou-siuti
1229 4389 1322 4444 αύτιῖιν.
1341 4408 1398 4444 uum
1416 4395 1557 4456 antiquitus
1575 4395 1721 4445 dubitaretur

371 4481 453 4536 καίτοι
471 4481 541 4540 ὡςΒ
563 4480 577 4550 ΙΙ
601 4483 629 4534 11
650 4479 735 4538 αύτοῖς
748 4482 784 4532 Cr
804 4477 895 4536 αύτούς
913 4481 936 4530 0
956 4481 1027 4544 qood
1079 4480 1121 4542 (oi.
1139 4482 1220 4532 schol.
1238 4480 1318 4530 ταῦτα
1341 4476 1384 4530 δύο
1403 4476 1451 4546 ἔπη
1470 4477 1483 4530 ό
1505 4475 1628 4538 Σέλευκος
1645 4474 1721 4538 ἀθετεῖ.

370 4571 531 4640 praeferebat
541 4567 709 4636 HoeperIiii
720 4566 749 4620 ού
759 4565 919 4636 σιωπήσομεν
929 4569 1028 4618 scilicet
1079 4565 1102 4618 οἱ
1126 4565 1152 4618 δέ
1175 4567 1231 4636 περὶ
1253 4562 1411 4636 Ἀρίσταρχον
1435 4565 1464 4618 τό
1479 4563 1521 4627 ’ἐξ
1540 4565 1633 4638 ἀρχῆς’
1660 4564 1721 4633 μόνον

272 4675 278 4687 ’
370 4662 409 4712 1v
419 4659 451 4713 51
463 4657 546 4726 puis
557 4659 628 4710 Gott.
641 4653 653 4724 ii
669 4653 1024 4724 13μαγείαιςΒιμαγίαιςοή
1078 4653 1189 4724 λέγουσιν
1209 4655 1254 4721 [τε.
1274 4650 1442 4719 dionisium
1466 4657 1532 4708 nihii
1550 4661 1646 4709 moturi
1664 4651 1677 4722 ΙΙ
1694 4650 1721 4704 ti

373 4748 404 4802 16
424 4745 590 4802 ἀδιαλείπτως
601 4747 637 4796 Τι
657 4744 743 4794 om.G
763 4739 777 4810 Η
800 4742 831 4796 19
844 4739 1028 4811 ὑποδεξαμένης
1080 4742 1164 4795 lustru
1181 4745 1239 4795 iibri
1258 4739 1274 4809 ΙΙ
1294 4740 1328 4796 29
1347 4741 1392 4810 μίν
1411 4740 1457 4810 γὰρ
1475 4743 1521 4795 BL
1539 4749 1610 4809 quod
1627 4749 1719 4797 fomur

372 4837 443 4887 iibri:
464 4853 530 4887 eorr-
549 4834 660 4888 Woiiius
677 4827 690 4898 ΙΙ
710 4828 743 4882 22
756 4831 863 4882 Hesiod.
876 4833 964 4896 theog.
980 4829 1030 4884 108
1079 4835 1205 4898 reliquum
1229 4839 1268 4882 est
1290 4847 1323 4882 ex
1348 4833 1430 4882 ultera
1452 4837 1604 4886 recensione
1622 4833 1665 4902 μέν
1680 4827 1716 4897 γὰρ

370 4921 455 4975 tiuare
467 4919 492 4974 δ’
508 4920 544 4979 ιίις
557 4920 588 4974 τά
600 4924 689 4989 πρῶτα
702 4914 1027 4988 κτλ.”-139.11236πεί-
1079 4925 1168 4988 πρῶτα
1186 4919 1248 4988 χάος
1266 4917 1322 4970 κτλ.
1348 4935 1425 4985 quam
1447 4924 1564 4983 sequitur
1585 4923 1674 4975 Seruis
1695 4917 1718 4968 P·

371 5012 477 5082 ρητοςΒ
490 5011 503 5077 (i
515 5007 615 5078 οἴδματι
628 5003 697 5058 θύων
708 5007 817 5058 Hesiodi
830 5009 889 5059 edd.
902 5003 914 5076 ΙΙ
928 5005 962 5060 24
972 5004 1029 5059 λιπ-
1080 5009 1113 5059 H.
1126 5008 1167 5058 111
1183 5005 1228 5058 121
1252 5006 1264 5075 Ιξ
1285 5007 1344 5077 χίος
1362 5007 1384 5058 Β
1405 5003 1418 5076 11
1438 5005 1473 5060 30
1490 5013 1547 5078 γαῖα
1566 5011 1611 5062 BL
