3648 5736
365 405 429 470 572
622 409 819 460 HIPPOLYTI
837 407 1203 460 PHILOSOPHUMENON
1222 405 1333 458 222-5.
1353 405 1386 458 23
1400 415 1459 455 1-³

417 575 551 657 γενέσθαι
583 577 631 641 καί
660 579 709 640 τδν
740 577 809 640 θεὸν
839 577 886 639 καὶ
918 575 954 638 τὰ
976 582 1107 662 στοιχεῖα
1129 577 1176 640 καὶ
1198 577 1234 638 τά
1257 576 1287 640 ἐν
1310 576 1408 646 αὐτοῖς
1430 579 1522 640 πάντα
1547 577 1597 640 καὶ
1620 577 1678 659 ζῶα

414 679 462 740 καὶ
485 678 570 758 ἀλλα,
593 684 635 750 ῶς
657 680 748 763 μηδὲν
771 681 845 763 μήτε
866 678 995 760 γίνεσθαι
1018 682 1093 764 μήτε
1115 680 1293 755 συνεστάναι,
1316 679 1341 742 εί
1365 680 1406 763 μὴ
1429 680 1463 743 ἐκ
1485 683 1544 743 τῶν
1560 679 1675 760 ἀτόμων

414 779 470 864 εἴη.
515 782 567 852 τὰς
598 784 631 846 δέ
667 783 793 864 ἀτόμους
824 782 859 844 τά
896 781 1147 866 λεπτομερέστατα
1183 779 1318 864 σώμαθ’,
1351 783 1392 845 ῶν
1423 783 1477 846 οὐκ
1505 781 1541 846 ἀν
1573 781 1678 864 γένοιτο

417 883 533 968 κέντρον
563 886 631 949 οὐδὲ
661 889 780 969 σημεῖον
811 885 894 948 οὐδὲν
927 884 995 947 οὐδὲ
1026 885 1162 968 διαίρεσις
1189 884 1325 967 οὐδεμία,
1354 881 1413 970 ἔφη
1439 882 1527 947 εῖναι·
1561 885 1608 947 διδ
1635 885 1678 946 καὶ

384 987 545 1068 3ἀτόμους
573 988 663 1058 αὐτάς
691 988 835 1070 ὠνόμασε.
1010 987 1058 1048 τὸν
1087 987 1120 1049 δὲ
1150 987 1218 1050 θεὸν
1248 989 1399 1070 ὁμολογῶν
1422 984 1494 1050 εἶναι
1517 985 1613 1050 ἀίδιον
1635 986 1703 1048 καὶι

418 1088 568 1174 ἀφθαρτόν
591 1113 663 1175 φησι
687 1092 809 1174 μηδενὸς
832 1095 974 1173 προνοεῖν,
997 1089 1045 1152 καὶ
1069 1089 1145 1159 όλιος
1167 1089 1304 1174 πρόνοιαν
1327 1091 1369 1174 μὴ
1392 1087 1464 1152 εἶναι
1488 1089 1566 1172 μηδὲ
1588 1089 1680 1172 είμαρ

419 1191 518 1276 μένην,
541 1193 616 1257 ἀλλὰ
638 1194 731 1256 πάντα
753 1192 963 1277 αὐτοματισμῷ
986 1191 1126 1274 γίνεσθαι.
1170 1192 1323 1277 καθῆσθαι
1345 1193 1399 1276 γὰρ
1420 1193 1469 1254 τδν
1493 1191 1563 1254 θεὸν
1580 1191 1680 1259 ἐντοῖς

419 1296 622 1378 μετακοσμίοις
649 1296 727 1359 οὕτω
756 1295 943 1377 καλουμένοις
966 1293 1016 1358 ὑπ’
1044 1296 1147 1358 αὐτοῦ·
1179 1293 1235 1364 ἔξω
1261 1297 1315 1379 γάρ
1343 1319 1369 1358 τι
1395 1298 1447 1358 τοῦ
1469 1292 1585 1375 κόσμου
1607 1293 1681 1376 οίκη

418 1399 514 1480 τήριον
545 1401 597 1460 τοῦ
629 1399 700 1461 θεοῦ
731 1396 816 1460 ἔθετο
847 1397 919 1460 εἶναι
949 1398 1103 1481 λεγόμενον
1133 1397 1169 1460 τὰ
1200 1397 1396 1480 μετακόσμια,
1425 1395 1554 1481 ἥδεσθαί
1583 1419 1616 1458 τε
1636 1395 1680 1458 καὶ

419 1501 577 1585 ἡσυχάζειν
600 1501 630 1564 ἐν
653 1506 690 1584 τῇ
714 1501 861 1584 ἀκροτάτῃ
884 1499 1048 1584 εὐφροσύνῃ
1071 1501 1119 1563 καὶ
1142 1497 1210 1562 οὐτε
1231 1500 1318 1563 αὐτὸν
1344 1501 1498 1584 πράγματα
1518 1496 1602 1584 ἔχειν
1619 1497 1681 1560 οὐτε
1697 1517 1715 1554 1⁰

387 1600 503 1687 τάλλιρ
527 1603 675 1688 παρέχειν.
829 1601 855 1688 ᾦ
879 1603 1041 1666 ἀκόλουθον
1064 1603 1112 1665 καὶ
1135 1601 1184 1664 τδν
1205 1601 1270 1685 περὶ
1292 1607 1351 1664 τῶν
1374 1605 1473 1686 σοφῶν
1496 1602 1612 1684 ἀνδρῶν
1638 1623 1681 1662 πε-

420 1704 538 1787 ποίηται
561 1705 645 1787 λόγον
677 1707 769 1788 λέγων
796 1707 829 1770 τὸ
856 1706 938 1774 τέλος
966 1710 1018 1788 τῆς
1041 1706 1143 1789 σοφίας
1166 1701 1238 1766 εἶναι
1261 1705 1378 1788 ἡδονήν.
1421 1703 1504 1766 ἄλλοι
1527 1704 1563 1766 δέ
1590 1701 1681 1770 άλλως

420 1809 453 1870 τδ
478 1805 569 1890 ὄνομα
591 1813 643 1892 τῆς
666 1810 773 1892 ἡδονῆς
795 1807 944 1893 ἐξέλαβον·
968 1810 995 1871 οί
1019 1809 1070 1890 μὲν
1093 1807 1148 1890 γὰρ
1169 1807 1222 1890 την
1237 1806 1312 1868 κατὰ
1325 1805 1376 1875 τὰς
1392 1805 1500 1889 θνητὰς
1515 1805 1680 1887 ἐπιθυμίας,

387 1913 449 1972 5οί
481 1911 515 1974 δέ
545 1912 597 1994 τὴν
628 1911 674 1974 ἐπὶ
704 1917 741 1994 τῇ
773 1912 863 1994 ἀρετῇ
894 1911 1012 1994 ἡδονήν.
1164 1908 1215 1977 τάς
1246 1908 1279 1970 δὲ
1305 1907 1402 1993 ψυχὰς
1427 1911 1485 1971 τῶν
1515 1909 1680 1994 ἀνθρώπων

417 2013 538 2076 λόεσθαι
562 2013 624 2096 ἅμα
646 2017 705 2082 τοῖς
727 2016 875 2096 σώμασιν,
898 2013 997 2098 ῶσπερ
1018 2011 1067 2074 καὶ
1094 2010 1301 2093 συγγεννᾶσθαι
1328 2010 1426 2079 αὐτοῖς
1451 2010 1575 2075 τίθεται.
1611 2011 1680 2094 αῖμα
1695 2029 1713 2066 ν

419 2116 472 2198 γὰρ
495 2116 584 2185 αὐτὰς
606 2114 689 2192 εἶναι,
712 2116 747 2180 οὐ
770 2116 937 2186 ἐξελθόντος
959 2113 1150 2199 ἧτραπίντος
1165 2112 1349 2177 ἀπόλλυσθαι
1367 2113 1434 2176 όλον
1451 2113 1500 2176 τδν
1516 2113 1681 2199 ἄνθρωπον,

418 2215 443 2302 ᾧ
476 2219 633 2282 ἀκάλουθεῖ
662 2221 736 2303 μήτε
765 2220 874 2303 κρίσεις
904 2217 975 2280 εἴναι
998 2216 1028 2279 ἐν
1045 2211 1143 2280 Ἅιδου
1178 2218 1252 2300 μήτε
1275 2216 1462 2299 δικαστήρια,
1492 2219 1533 2286 ῶς
1558 2218 1577 2281 ό
1599 2215 1678 2280 τιάν

418 2322 512 2404 δράσῃ
535 2343 579 2389 τις
600 2321 630 2384 ἐν
652 2327 695 2406 τῷ
720 2323 775 2406 βίιρ
797 2322 892 2406 τοότιρ
916 2321 964 2384 καὶ
986 2319 1116 2402 διαλάθῃ
1132 2317 1288 2382 ἀνεόθυνον
1304 2317 1377 2382 εἶναι
1393 2322 1553 2388 παντελῶς.
1592 2319 1681 2386 οότιος

418 2419 467 2484 οὖν
491 2422 539 2485 καὶ
558 2421 766 2508 Ἐπίκουρος.

504 2527 545 2590 23
583 2523 673 2610 Ἄλλη
696 2528 729 2590 δὲ
750 2527 858 2609 αίρεσις
880 2525 1048 2610 φιλοσόφων
1070 2524 1184 2608 ἐκλήθη
1203 2521 1448 2608 Ἀκαδημαϊκὴ
1471 2524 1519 2588 διδ
1543 2525 1580 2586 τδ
1599 2523 1629 2586 ἐν
1643 2527 1676 2602 τῇ
1692 2539 1712 2577 ν

414 2624 577 2712 ’λκαδημίηι
599 2630 651 2698 τὰς
674 2628 820 2714 διατριβὰς
842 2628 947 2698 αὐτοὺς
970 2627 1132 2704 ποιεῖσθαι,
1163 2628 1203 2690 ῶν
1226 2627 1313 2712 ἄρξας
1335 2629 1352 2690 ό
1377 2626 1538 2710 Πύρρων,
1569 2623 1622 2710 ἀφ’
1649 2624 1679 2688 οὐ

418 2728 638 2814 Πυρρώνειοι
672 2731 840 2814 ἐκλήθησαν
875 2732 1045 2816 φιλόσοφοι,
1079 2731 1131 2814 τὴν
1162 2729 1363 2814 ἀκαταληψίαν
1397 2729 1532 2791 ἁπάντων
1568 2731 1678 2812 πρῶτος

416 2831 581 2915 εἰσήγαγεν,
610 2838 650 2904 ῶς
673 2835 828 2919 ἐπιχειρεῖν
853 2833 904 2916 μὲν
929 2834 970 2904 είς
992 2835 1129 2918 ἑκάτερα,
1158 2835 1200 2916 μὴ
1223 2833 1320 2916 μέντοι
1342 2830 1557 2916 ἀποφαίνεσθαι
1582 2829 1677 2914 μηδέν.

384 2941 400 2994 2
462 2935 545 2999 οὐδὲν
557 2935 611 3018 γὰρ
622 2935 695 2999 εῖναι
708 2934 775 2999 οὔτε
788 2941 847 3000 τῶν
859 2941 970 3020 νοητῶν
983 2935 1050 2998 οὔτε
1060 2941 1119 2999 τῶν
1131 2936 1280 3020 αἰσθητῶν
1293 2934 1414 3019 ἀληθές,
1429 2932 1505 2998 ἀλλὰ
1516 2934 1615 2996 δοκεῖν
1625 2935 1680 3000 τοῖς

418 3038 583 3122 ἀνθρώποις
600 3041 692 3108 οὕτως
708 3038 797 3125 ἔχειν.
831 3041 952 3124 ῥευστήν
968 3061 999 3102 τε
1011 3037 1083 3102 εἶναι
1095 3039 1147 3122 τὴν
1159 3039 1259 3102 οὐσίαν
1271 3041 1367 3102 πᾶσαν
1378 3037 1427 3101 καὶ
1440 3036 1624 3122 μεταβλητὴν
1636 3034 1679 3097 καὶ
1693 3051 1712 3089 τι

383 3149 399 3201 3
420 3141 565 3224 μηδέποτε
580 3140 610 3204 ἐν
625 3147 668 3227 τῶ
691 3141 772 3228 αὐτῷ
790 3143 894 3225 μένειν.
1024 3143 1051 3204 οί
1068 3141 1119 3223 μὲν
1136 3137 1185 3203 οὐν
1200 3145 1258 3204 τῶν
1275 3138 1556 3222 ’λκαδημαϊκῶν
1571 3137 1681 3220 λέγουσι

418 3245 458 3327 μὴ
482 3245 541 3307 δεῖν
562 3245 614 3328 τὴν
638 3245 733 3330 ἀρχὴν
756 3245 821 3328 περὶ
845 3247 968 3329 μηδενδς
990 3242 1215 3328 ἀποφαίνεσθαι,
1238 3240 1303 3306 ἀλλ’
1325 3244 1426 3311 ἁπλῶς
1442 3239 1680 3326 ἐπιχειρήσαντας

1076 3420 1275 3428 m«-

367 3527 503 3597 1στοιχι1σ
513 3525 557 3577 καὶ
566 3526 655 3576 Οεόι·
649 3526 817 3592 ·στοιχι1αΤε
828 3525 1024 3594 στοιχεῖαπιίντα
1076 3523 1104 3575 τό
1128 3524 1212 3626 μρκάρ
1215 3539 1250 3574 ιον
1273 3523 1316 3574 καὶ
1339 3518 1468 3592 ἄφθαρτον
1495 3519 1552 3572 οὐτ’
1584 3519 1677 3573 αὐτὸ
1670 3517 1719 3586 πρά·
1781 3579 1782 3588 ῃ

367 3615 410 3666 καί
433 3611 482 3682 (1Η
497 3613 578 3664 πάντα
591 3613 669 3662 babet
691 3620 750 3663 ante
764 3611 796 3664 τὰ
815 3611 840 3664 ἐν
859 3609 942 3668 αὐτοῖς
962 3609 1023 3677 (om.
1075 3628 1142 3680 ηματ
1146 3607 1226 3680 ίχει
1239 3607 1295 3663 αὐτ
1312 3607 1381 3679 ἀλλιμ
1394 3609 1499 3678 παρέχει
1518 3607 1532 3678 Η
1557 3611 1588 3662 11
1608 3595 1676 3678 φΤ.
1670 3603 1718 3658 ·οίτ
1781 3631 1782 3652 2

368 3703 411 3754 καί
432 3701 486 3770 ζῷα
503 3699 546 3752 καὶ
568 3696 641 3761 ἀλλα)
661 3699 751 3750 eodm
775 3704 883 3768 στοιχεῖα
906 3699 1025 3756 καὶτοὺς
1076 3703 1211 3753 Caedes.
1235 3699 1311 3752 ν.1”ί
1335 3695 1349 3766 Η
1375 3701 1427 3749 τῶν
1447 3715 1498 3749 om
1516 3699 1538 3749 B
1567 3693 1581 3764 Η
1610 3696 1665 3750 1·2
1662 3691 1718 3748 τέλος
1781 3681 1782 3690 ¹

367 3788 477 3856 κόσμους
500 3787 543 3838 καί
566 3785 598 3837 τά
617 3785 642 3838 ἐν
666 3784 749 3842 αὐτοῖς
774 3787 854 3838 πάντα
877 3803 928 3839 non
957 3797 1024 3839 τεοοε
1077 3785 1160 3846 αὐτοῖς
1186 3787 1246 3839 εἶναι
1273 3789 1296 3838 Τ
1323 3783 1338 3854 Η
1370 3783 1402 3838 13
1429 3785 1496 3838 κατὰ
1522 3781 1586 3854 ίθνη
1613 3784 1655 3841 τὰς
1678 3779 1718 3832 ίτι·
1781 3741 1782 3806 1

367 3879 480 3929 coniecit
501 3877 604 3941 Roeper
624 3872 638 3942 Η
658 3872 674 3926 2
693 3873 758 3942 μήτε
776 3885 834 3939 post
846 3873 1024 3943 μηδῖνεόιλίδὶ
1076 3869 1168 3941 θυμίας
1194 3875 1266 3926 libri:
1293 3872 1340 3942 τὴν
1367 3870 1433 3924 κατὰ
1444 3865 1505 3930 τὰς
1533 3869 1628 3942 θνητός
1650 3863 1718 3922 imm
1781 3891 1782 3932 ;

365 3981 397 4016 ex
418 3963 494 4016 Cedr.
509 3959 523 4030 Η
538 3958 651 4030 γενέσθαι
668 3964 744 4014 Cedr.
757 3960 771 4029 Η
786 3960 883 4031 μηδὲΒ
898 3960 911 4030 Η
927 3961 1025 4014 ἑστάναι
1077 3961 1134 4029 μίας
1159 3977 1174 4012 ο
1197 3963 1272 4014 Οεύτ.
1292 3963 1400 4012 correxi.
1427 3971 1504 4011 antea
1530 3956 1592 4012 κατ’
1623 3953 1718 4023 αίσθῃσυ
1781 3943 1782 4034 Η

366 4053 442 4103 Cedr.
463 4048 476 4117 ΙΙ
502 4049 517 4103 3
545 4047 582 4118 εἴη
602 4052 672 4102 libri:
691 4047 722 4118 ἠν
742 4052 817 4102 Cedr.
839 4047 853 4120 Η
873 4049 980 4118 ἀτόμους
998 4047 1024 4101 δὲ
1076 4051 1191 4114 Βοοροι,
1223 4049 1377 4118 κατινόησαν
1404 4049 1589 4113 Gottingenses
1621 4055 1717 4098 tenure·
1781 4051 1782 4108 ξ

364 4137 462 4206 λέγουσι
473 4136 502 4189 τὸ
515 4137 736 4208 λεπτομερέστερον
748 4138 792 4190 καὶ
810 4135 869 4206 μεθ’
885 4135 921 4189 ῶν
934 4139 1022 4190 Cedr.:
1076 4146 1133 4188 rant
1154 4132 1167 4206 Η
1189 4137 1222 4190 15
1241 4132 1371 4205 γεννᾶσθαι
1389 4138 1412 4188 Τ
1427 4132 1440 4202 Η
1454 4133 1516 4202 αίμα
1535 4136 1612 4188 Οεύι.
1624 4143 1651 4186 ει
1660 4132 1716 4183 libri:
1781 4119 1782 4212 Η

365 4227 410 4285 τὰς
422 4225 443 4278 δ.
458 4226 481 4279 ἀ.
494 4224 523 4277 τδ
535 4223 762 4294 λεπτομερέστατον
776 4226 820 4278 καὶ
833 4222 892 4292 μεθ’
909 4223 938 4276 οὐ
951 4227 1023 4276 libri:
1076 4227 1224 4277 σιοιιίίεοιιιε
1257 4226 1390 4290 Hippolyti
1427 4240 1506 4274 error.
1544 4219 1665 4291 ἀθροισμα
1688 4233 1717 4268 ιτ-
1781 4213 1782 4260 1

370 4333 435 4368 corr.
445 4317 554 4367 Usener.
568 4310 604 4382 ἐφ’
617 4311 645 4364 οὐ
657 4317 697 4364 vel
708 4310 764 4365 καθ’
778 4311 807 4365 οὐ
817 4318 907 4366 ceteris
917 4316 1023 4365 servatis
1076 4317 1202 4380 scripturo
1213 4315 1254 4375 (σί.
1261 4314 1365 4378 Epicur.
1373 4327 1406 4376 ap
1413 4309 1564 4376 niog.xs5
1575 4305 1716 4374 διαλυομένου

366 4405 470 4470 Roeper
482 4400 523 4470 ΗἹ
538 4399 717 4468 αὐτοματισμῷ
733 4405 822 4454 Cedr.:
840 4398 1024 4468 αὐτοματισμόν
1076 4403 1121 4452 τοῦ
1140 4397 1199 4452 όλου
1217 4397 1382 4469 ἀθροίσματος
1394 4398 1411 4468 ἡ
1423 4397 1493 4468 ψυχὴ
1506 4395 1674 4466 διασπείρεται)
1686 4389 1716 4440 vel
1781 4397 1782 4442 1

365 4493 400 4544 T:
420 4489 486 4541 κατὰ
499 4487 683 4556 αὐτοματισμὸν
697 4491 718 4541 C
732 4493 809 4554 vulgo
824 4485 838 4558 Η
852 4485 1024 4541 καθιῖσθαιΒ
1078 4493 1152 4556 σῶμα
1176 4489 1261 4538 obstat
1285 4484 1420 4554 τρσόίντος
1443 4503 1467 4536 ν.
1486 4487 1517 4539 16
1542 4481 1556 4552 11
1584 4485 1614 4537 11
1637 4481 1669 4533 ῶν
1688 4475 1716 4528 ίτ
1781 4539 1782 4552 ³

365 4573 748 4644 οόΙίοτειιιιιιοιΗθκαλοόμινον
758 4578 816 4628 ΒΤ·
827 4574 1025 4644 καλουμένουῦτ
1077 4575 1147 4626 libri:
1168 4591 1234 4626 corr.
1247 4576 1351 4640 Βοεμει·
1364 4569 1378 4640 Η
1403 4571 1434 4625 19
1453 4569 1528 4624 καὶὸ
1541 4569 1592 4640 ΒΗ
1610 4570 1642 4624 20
1654 4567 1715 4620 Cedr·
1781 4575 1782 4640 ᾖ

368 4683 433 4718 corr.
466 4666 614 4718 Gronovius
649 4662 661 4731 Η
697 4666 729 4716 10
759 4663 785 4715 έν
818 4681 845 4715 τε
872 4665 894 4714 L
923 4659 937 4730 Η
969 4657 1025 4712 οὐτε
1077 4671 1137 4714 ante
1158 4679 1179 4714 c.
1193 4660 1227 4714 23
1251 4663 1341 4713 inserit
1364 4671 1441 4726 caput
1463 4661 1495 4710 de
1514 4659 1601 4712 Sextis
1619 4668 1642 4709 οι
1664 4657 1715 4719 Pyr·
1781 4669 1782 4716 5

369 4750 444 4804 αὐτὸν
462 4755 565 4821 πρᾶγμα
584 4749 650 4820 ἔχειν
668 4747 856 4821 οὐττάλλφΤ.
876 4745 933 4801 οὐτε
951 4745 1026 4806 αὐτὸς
1078 4751 1203 4800 rhonibus
1216 4763 1343 4814 nugarum
1357 4749 1461 4813 plenam
1477 4741 1491 4813 Η
1504 4733 1713 4814 ἀκαδαμαίκηΒΗ
1781 4731 1782 4788 1

368 4837 483 4907 βούλεται
505 4839 639 4908 πράγματα
663 4835 729 4906 ἔχειν
756 4834 813 4888 οὐτε
836 4835 905 4904 ἀλλο)
934 4838 1024 4887 Cedat
1079 4835 1112 4887 22
1137 4853 1200 4905 πυρρ
1188 4833 1272 4904 ρῶνιυι
1295 4837 1352 4887 libri
1378 4832 1392 4900 Η
1416 4829 1593 4903 ἐσεκλήθησαν
1613 4831 1681 4884 Gedr
1704 4820 1714 4888 Η
1781 4853 1782 4896 1

365 4927 431 4996 μήτι
456 4925 531 4979 αὐτόν
554 4927 688 4995 πράγματα
717 4924 782 4994 ἐχειν
810 4923 874 4993 μήτε
897 4921 1025 4980 ἅλλοιτο
1078 4922 1196 4976 ἁπάντων
1219 4925 1295 4976 Οεύι.
1319 4925 1392 4975 111ιιίι
1415 4921 1516 4972 πάντων
1538 4922 1560 4973 Β
1585 4919 1599 4988 Η
1623 4917 1654 4970 14
1669 4909 1714 4965 οὐτῑ

366 5017 462 5082 vulgo,
482 5017 527 5066 sed
546 5018 578 5067 cf.
597 5016 703 5082 Epicuri
724 5013 802 5064 verba
819 5013 910 5077 (Βίας.
924 5013 950 5063 X
967 5010 1025 5073 139)
1078 5008 1153 5078 νοητ
1154 5029 1167 5060 ν
1140 5006 1242 5062 όσύτε
1261 5005 1381 5080 αἰσθητὸν
1399 5004 1492 5077 ἀληθές
1510 5009 1587 5060 Οειλτ.
1781 4993 1782 5002 ¹
