3708 5732
683 431 959 483 rnouurconnus
1440 433 1501 496 105

143 598 245 685 primo
268 597 375 683 capite
398 597 543 665 ordinem
565 598 704 665 fortasse
727 600 873 683 proxime
894 600 1052 668 accedunt
1068 601 1234 668 Ciceronis
1255 603 1288 668 in
1304 603 1438 668 Lucullo
1460 605 1501 668 27

146 712 194 764 118
217 711 373 790 excerpta
406 701 460 785 qni
494 701 630 768 Thalem
664 701 894 786 Anaxagoram
933 703 1171 788 Xenophanem
1206 725 1278 770 cum
1311 706 1505 772 Parmenide

142 809 344 894 Leucippum
367 803 586 872 Democritum
609 804 838 888 Empedoclem
858 804 1056 872 Heraclitum
1071 805 1236 873 Melissnm
1251 809 1422 874 Platonem
1443 809 1505 893 Py·

142 913 319 995 thagoreos
341 913 518 976 enumerat.
564 907 623 972 sed
644 906 727 973 haec
748 907 931 974 incertiora.
978 906 1108 972 omnino
1130 909 1199 976 1611
1219 911 1324 978 simile
1338 916 1388 977 est
1403 909 1505 976 Theo-

143 1015 312 1100 phrastum
335 1009 527 1097 praesertim
549 1009 583 1074 in
598 1009 730 1092 reliquis
745 1009 905 1094 capitibus
921 1009 1107 1092 opinionum
1122 1012 1314 1080 varietatem
1326 1012 1504 1097 generatim

145 1115 429 1202 comprehendisse
456 1110 725 1194 quemadmodum
753 1112 830 1179 fecit
854 1113 888 1178 in
914 1112 1095 1196 fragmento
1118 1113 1159 1180 de
1185 1135 1292 1180 sensu.
1337 1115 1391 1180 ubi
1417 1113 1505 1198 prius

138 1221 180 1286 de
218 1219 366 1286 sensibus
397 1219 437 1297 ἐξ
453 1213 591 1296 Ι1-58,
620 1220 688 1278 tum
718 1213 760 1280 de
791 1215 894 1281 sensis
926 1215 1267 1299 ἕξω-91681111.
1313 1216 1401 1301 prior
1428 1235 1504 1300 pars

139 1325 256 1389 iterum
269 1320 433 1406 bipartita.
459 1317 542 1382 alter
557 1316 648 1381 locus
663 1315 940 1401 philosophorum,
963 1317 1017 1401 qui
1033 1317 1190 1384 similibus
1206 1337 1335 1386 sensum
1352 1317 1503 1402 efficiunt,

139 1427 226 1492 alter
253 1423 307 1507 qrri
334 1420 514 1489 contrariis.
558 1425 626 1483 tum
653 1419 707 1502 qni
736 1419 893 1486 similibus
919 1419 1105 1502 singillatim
1134 1421 1303 1488 enucleate
1325 1425 1504 1485 tractantur

139 1525 352 1592 Parmenides
366 1526 461 1590 Plato
478 1521 703 1605 Empedocles.
740 1521 862 1587 ordinis
876 1522 959 1589 ratio
974 1522 1052 1588 inde
1066 1521 1177 1608 petita,
1201 1525 1288 1608 quod
1303 1522 1505 1589 Parmenidis

142 1627 315 1694 rudissima
330 1633 380 1696 est
394 1625 543 1692 doctrina
557 1624 611 1706 qui
626 1627 646 1704 ξ
662 1626 681 1688 3
698 1624 773 1694 ὅλως
788 1624 871 1690 οὐδὲν
887 1627 1033 1711 ἀφώρικεν
1048 1627 1124 1691 ἀλλὰ
1146 1627 1232 1710 μόνον
1254 1627 1298 1691 ὅτι
1321 1629 1399 1690 δυοῖν
1414 1624 1505 1689 ὄντοιν

139 1733 295 1817 στοιχείοιν
326 1732 400 1794 κατὰ
426 1731 459 1792 τὸ
487 1729 666 1812 ὑπερβάλλον
693 1727 768 1791 ἐστὶν
790 1730 810 1812 ἡ
832 1733 947 1811 γνῶσις.
970 1749 1034 1794 unc
1056 1729 1159 1812 gradu
1181 1727 1387 1813 compositior
1410 1729 1504 1793 Plato

140 1835 195 1918 qui
216 1835 272 1914 ἐξ)
289 1835 336 1898 ἐπὶ
352 1834 439 1897 πλέον
456 1833 508 1914 μὲν
523 1831 613 1914 ἧπται
629 1833 687 1893 τῶν
702 1831 776 1894 κατά
792 1832 887 1916 μέρος,
910 1831 944 1896 οὐ
960 1833 1018 1916 μὴν
1033 1830 1132 1916 εἴρηκέ
1152 1855 1185 1916 γε
1206 1833 1270 1916 περὶ
1293 1833 1414 1896 ἁπασῶν
1429 1832 1504 1895 ἀλλὰ

139 1939 228 2020 μόνον
240 1937 304 2022 περὶ
317 1939 408 2021 ἀκοῆς
418 1935 467 1999 καὶ
483 1932 589 2018 ὄψεως.
612 1931 784 2016 perfectior
796 1940 931 2016 utroque
943 1933 1156 2018 Empedocles
1171 1933 1225 2016 qui
1238 1935 1258 2014 ξ
1270 1935 1287 1998 7
1300 1936 1365 2019 περὶ
1381 1936 1503 1999 ἁπασῶν

138 2043 250 2124 ὁμοίως
269 2041 344 2124 λέγει
368 2037 407 2104 cf.
424 2042 443 2119 ξ
459 2039 488 2102 2.
521 2035 596 2100 hinc
615 2033 739 2099 variam
759 2035 902 2119 explices
916 2034 1078 2101 refutandi
1095 2035 1263 2102 rationem.
1292 2037 1504 2103 Parmenides

137 2143 216 2226 quid
240 2142 384 2209 omiserit
407 2160 503 2224 quam
527 2135 716 2202 brevissime
737 2135 869 2203 indicat.
902 2137 1055 2204 iudicium
1076 2138 1322 2222 comprehendit
1343 2140 1399 2223 §4
1422 2145 1503 2204 extr.

137 2248 233 2315 οότιυς
256 2245 307 2328 μὲν
330 2243 380 2308 οὖν
403 2241 490 2310 αὐτὸς
507 2239 599 2304 ἔοικεν
623 2239 837 2322 ἀποτέμνεσθαι
862 2247 898 2324 ri
922 2242 1008 2326 φάσει
1030 2243 1066 2306 τά
1089 2243 1282 2327 συμβαίνοντα
1304 2243 1432 2328 δυσχερῆ
1456 2243 1504 2306 διὰ

136 2351 188 2433 τὴν
206 2349 361 2432 ὑπόληψιν.
384 2345 426 2410 de
446 2344 584 2409 Platone
600 2360 728 2424 quoque
742 2343 855 2424 paucis
870 2340 1071 2427 perfungitur
1086 2347 1106 2424 ξ
1121 2345 1151 2429 6,
1167 2344 1396 2428 Empedoclem
1412 2345 1504 2410 uber-

137 2451 222 2515 rima
243 2448 441 2516 refutatione
465 2445 498 2531 (§
515 2442 655 2528 12-24)
678 2443 811 2526 dignum
834 2443 931 2512 ducit.
976 2446 1119 2529 sequitur
1144 2447 1227 2512 alter
1252 2447 1342 2513 locus
1364 2445 1504 2530 philoso-

136 2553 290 2637 phorum,
324 2551 378 2634 qui
411 2547 579 2614 contrariis
602 2567 732 2612 sensum
760 2545 911 2614 efficiunt.
954 2547 1076 2632 primus
1102 2549 1280 2616 Alcmaeon
1302 2549 1503 2633 brevissime,

136 2663 205 2720 tum
220 2654 435 2736 Anaxagoras
454 2657 490 2715 11
506 2656 663 2733 patronus
678 2648 773 2713 huius
789 2655 898 2716 sectae
913 2670 1005 2716 suam
1022 2651 1153 2735 copiose
1168 2651 1301 2736 exponit
1317 2652 1502 2736 opinionem

134 2761 176 2838 ἓξ
192 2757 332 2840 27-30,
352 2773 449 2838 quam
464 2753 597 2817 uberior
612 2750 756 2834 sequitur
771 2751 987 2835 Theophrasti
1003 2773 1141 2819 censura
1155 2755 1196 2835 ἐξ
1213 2755 1349 2820 31-37.
1378 2759 1502 2838 praete·

135 2860 227 2925 riens
242 2857 421 2924 Clidemum
445 2854 550 2937 tangit
569 2855 658 2918 nullo
675 2873 733 2918 suo
755 2853 873 2920 iudicio
895 2854 1097 2939 interposito,
1120 2855 1241 2921 utiam
1263 2857 1307 2922 ad
1322 2857 1501 2940 Diogenem

136 2967 170 3026 61
186 2960 407 3026 Democritum
423 2963 577 3041 trauseat,
601 2975 736 3039 quorum
758 2963 872 3022 neuter
887 2963 992 3022 utram
1008 2963 1129 3024 sectam
1145 2965 1333 3041 sequeretur
1348 2961 1503 3038 6161661-

134 3062 287 3148 posuisse
304 3061 429 3127 dicitur.
452 3059 527 3124 hinc
542 3059 672 3124 ultimus
687 3065 775 3125 recte
798 3059 845 3124 eis
868 3067 1016 3126 servatus
1031 3067 1081 3126 est
1096 3061 1196 3145 locus,
1220 3059 1335 3143 quibus
1351 3061 1500 3127 refutatis

135 3165 278 3250 priorem
294 3169 421 3250 partem
436 3162 487 3227 his
502 3161 664 3228 concludit
686 3165 705 3242 ἓ
721 3161 763 3226 58
781 3164 811 3225 αί
834 3165 886 3246 μὲν
909 3161 960 3227 οὖν
975 3165 1039 3248 περὶ
1055 3164 1223 3248 αίσδήσειυς
1245 3165 1293 3228 καλ
1315 3169 1367 3228 τοῦ
1386 3169 1500 3249 φρονεῖν

134 3269 217 3338 δόξαι
248 3269 354 3354 σχεδὸν
376 3265 461 3330 αὗται
490 3267 538 3329 καὶ
567 3269 703 3329 τοσαῦται
726 3268 914 3351 τυγχάνουσιν
936 3265 1020 3330 οὖσαι
1042 3268 1122 3351 παρὰ
1143 3271 1202 3336 τοῖς
1224 3268 1371 3352 πρότερον.
1406 3266 1500 3333 alteri

134 3371 223 3456 parti
247 3370 433 3455 generalem
456 3373 664 3452 conspectum
686 3367 864 3452 praemittit
886 3369 973 3450 §ea
1007 3389 1071 3451 quo
1094 3368 1262 3451 opiniones
1284 3369 1501 3452 Anaxagorae

134 3471 408 3557 Empedoclisque
437 3470 491 3554 qui
514 3491 682 3536 sensorum
704 3489 818 3554 parum
841 3471 999 3536 rationem
1027 3469 1210 3554 habuerint,
1237 3470 1408 3536 adumbrat
1437 3471 1500 3535 De-

133 3576 271 3642 mocrito
301 3573 495 3656 Platonique
523 3572 755 3639 satisfacturus.
794 3573 881 3638 illius
903 3572 1024 3657 placita
1046 3575 1087 3652 ἐξ
1110 3573 1247 3637 61-78
1271 3571 1402 3658 profert,
1432 3579 1499 3636 tum

133 3679 174 3757 ἓξ
192 3677 319 3741 rte-82
336 3675 501 3741 diiudicat.
525 3675 731 3759 paucioribus
746 3673 895 3740 Platonis
916 3673 1106 3758 §bes-86,
1129 3693 1224 3756 quem
1246 3675 1287 3759 ἓξ
1303 3675 1428 3741 87-91
1452 3695 1500 3742 re
1525 3725 1528 3730 -

132 3777 228 3849 futat.
274 3777 350 3844 hine
373 3777 400 3844 si
423 3777 466 3842 ad
493 3784 590 3861 caput
614 3778 655 3844 de
680 3777 846 3862 principiis
869 3775 1073 3861 revertimur,
1097 3775 1305 3842 Aristotelem
1328 3777 1421 3862 phys.
1441 3779 1498 3843 12

133 3879 283 3948 similiter
308 3880 538 3964 principiorum
566 3879 757 3946 divisionem
780 3880 959 3946 instituisse
980 3877 1205 3963 observamus,
1232 3899 1328 3963 qnam
1351 3887 1499 3964 repetere

134 3983 237 4066 iurat,
253 4003 325 4048 cum
341 3983 531 4068 praesertim
544 3983 701 4067 Simplicii
716 3981 897 4066 fragmenta
912 3981 955 4046 ad
971 3981 1056 4046 hunc
1070 3981 1176 4046 locum
1192 3983 1347 4065 pleraque
1363 3983 1498 4048 afferan-

133 4093 194 4150 tur.
227 4107 259 4169 p.
275 4085 403 4150 184115
418 4088 528 4170 ἀνάγκη
545 4087 569 4149 δ’
586 4085 650 4169 ἤτοι
667 4087 733 4167 μίαν
749 4085 821 4148 εἶναι
843 4087 894 4170 τὴν
918 4086 1013 4170 ἀρχὴν
1031 4085 1050 4168 ἣ
1066 4085 1192 4162 πλείους,
1214 4085 1262 4148 καὶ
1285 4086 1311 4148 εἰ
1334 4085 1411 4167 μίαν,
1433 4083 1498 4169 ἤτοι

133 4187 269 4270 ἀκίνητον
292 4190 333 4259 ὥς
348 4211 420 4273 φησι
435 4189 618 4273 Παρμενίδης
634 4189 681 4252 καὶ
698 4187 844 4258 Μέλισσος
859 4189 878 4271 ἢ
895 4188 1064 4270 κινουμένην
1087 4188 1186 4270 ὥσπερ
1209 4189 1236 4250 οἱ
1258 4189 1372 4271 φυσικοὶ
1395 4191 1422 4252 ot
1446 4190 1497 4270 μὲν

133 4291 207 4374 ἀέρα
227 4293 386 4375 φάσκοντες
409 4291 480 4355 είναι
495 4293 523 4355 ot
539 4291 562 4354 δ’
580 4293 657 4376 ὕδωρ
673 4292 725 4375 τὴν
741 4295 859 4374 πρώτην
876 4291 985 4375 ἀρχήν·
1001 4290 1027 4353 εί
1042 4291 1215 4366 diuisione,
1237 4291 1257 4373 ἦ
1280 4291 1498 4375 πεπερασμένας

133 4393 151 4475 ἡ
168 4393 315 4478 ἀπείρους,
338 4395 385 4458 καὶ
401 4395 426 4457 εί
442 4394 664 4478 πεπερασμένας
680 4395 795 4463 πλείους
810 4394 843 4456 δὲ
859 4397 935 4476 μιᾶς,
959 4393 978 4475 ἢ
994 4392 1045 4455 δύο
1062 4393 1081 4475 ἣ
1097 4397 1172 4476 τρεῖς
1188 4393 1207 4476 ἢ
1222 4393 1359 4477 τέτταρας
1374 4395 1393 4477 ἢ
1410 4393 1496 4457 ἄλλον

133 4496 196 4559 τινὰ
220 4497 355 4580 ἀριθμόν,
379 4498 426 4560 καὶ
449 4498 474 4559 εί
497 4495 646 4582 ἀπείρους,
675 4498 694 4580 ἢ
718 4498 810 4566 οὕτως
834 4497 932 4580 ὥσπερ
954 4495 1135 4578 Δημόκριτος
1156 4497 1190 4558 τδ
1211 4495 1291 4578 γένος
1313 4495 1344 4558 ἓν
1367 4499 1497 4581 σχήματι

132 4599 165 4660 δὲ
187 4599 206 4682 ἢ
230 4597 300 4662 εἴδει
327 4599 533 4686 διαφερούσας,
556 4601 575 4682 ἢ
599 4601 647 4664 καὶ
670 4599 808 4669 ἐναντίας.
853 4604 1009 4682 quantum
1030 4595 1214 4661 Aristotelis
1244 4597 1374 4682 partitio
1405 4597 1497 4662 disci-

133 4702 243 4783 pulum
270 4687 421 4785 moverit,
453 4702 623 4767 nescimus.
669 4703 728 4768 sed
754 4701 927 4768 maximam
954 4698 1055 4764 fuisse
1082 4683 1418 4782 eius'auctoritatem,
1446 4699 1496 4763 cui

133 4823 225 4873 suum
248 4803 432 4869 verecunde
453 4804 606 4870 iudicium
634 4804 856 4890 subiungeret,
885 4823 903 4870 6
928 4800 1118 4885 fragmentis
1139 4799 1269 4866 abunde
1291 4801 1495 4884 conspicitur.

131 4925 206 4970 nam
235 4907 321 4988 quod
350 4907 462 4972 laudat
485 4905 598 4972 Cicero
621 4907 663 4972 de
686 4906 739 4972 fin.
761 4907 776 4972 I
799 4900 855 4972 211
879 4907 976 4989 qaid?
1011 4905 1235 4985 theophrastus
1262 4905 1496 4966 mediocriterne

133 5009 263 5073 delectat
290 5031 359 5073 cum
389 5019 503 5074 tractat
535 5012 620 5073 toros
647 5009 685 5072 oh
713 5012 878 5074 Aristotele
907 5019 978 5074 autc
1004 5007 1177 5072 tractator?
1217 5004 1260 5070 ad
1288 5004 1370 5070 alios
1397 5003 1495 5070 libros
