3710 5730
691 403 968 456 anennuounun
1468 399 1509 462 73

274 576 306 640 ΙΙ
347 575 560 659 Ἀριστοτέλους
582 573 630 636 καὶ
652 575 711 636 τῶν
733 575 842 636 λοιπῶν
865 571 1104 656 Περιπατητικῶν
1127 572 1277 653 δογμάτων
1300 572 1423 654 ἐπιτομή

350 679 367 742 1
412 678 526 760 λογικόν

348 781 368 844 2
412 780 533 864 φυσικόν

350 884 370 946 3
415 882 520 966 ἠθικόν

258 985 307 1049 III
350 983 486 1068 Ζήνωνος
509 987 557 1048 καὶ
578 989 637 1048 τῶν
659 987 769 1046 λοιπῶν
791 982 931 1046 Στωικῶν
953 983 1105 1064 δογμάτων
1128 982 1252 1065 ἐπιτομή

350 1089 366 1151 1
412 1089 526 1168 λογικόν

349 1191 369 1254 2
413 1191 534 1273 φυσικόν
1155 1221 1181 1258 ο

347 1293 367 1357 3
411 1291 516 1376 ἠθικόν

256 1395 301 1460 IV
346 1393 600 1477 Epicureorum?

142 1497 302 1564 Praemisi
333 1497 417 1561 hanc
440 1494 604 1578 tabulam,
634 1495 724 1559 cuius
751 1495 832 1561 ratio
863 1494 989 1576 reliqua
1017 1492 1237 1578 disputatione
1268 1495 1396 1578 planius
1426 1515 1510 1561 eom-

141 1600 339 1685 probabitur
368 1597 522 1680 euiusque
548 1597 659 1663 titulos
682 1597 822 1682 exempli
852 1597 958 1680 gratia
980 1597 1124 1681 explevi,
1155 1603 1189 1662 nt
1211 1617 1275 1662 uno
1298 1598 1410 1662 obtutu
1433 1597 1509 1681 quid

144 1703 274 1770 intersit
295 1702 379 1766 inter
401 1700 512 1765 Arium
536 1706 568 1765 et
590 1699 718 1764 Aetium
743 1706 899 1783 patescat.
935 1699 988 1764 hie
1002 1699 1209 1785 physicorum
1226 1700 1395 1784 opiniones
1410 1701 1509 1766 miuu-

143 1805 343 1870 tissimorum
367 1803 508 1887 capitum
523 1801 707 1868 carceribus
723 1801 852 1867 inclusit
866 1801 1023 1883 neglectis
1038 1801 1219 1868 scholarum
1236 1803 1390 1886 terminis,
1414 1803 1509 1868 Arius

141 1929 211 1972 non
241 1907 439 1990 singulorum
470 1903 754 1990 philosophorum,
784 1903 843 1968 sed
873 1902 1098 1987 principalium
1128 1911 1288 1970 sectarum
1322 1906 1508 1988 generalem

141 2008 325 2074 doctrinam
349 2007 501 2073 liberiore
527 2007 702 2090 partitione
729 2013 762 2072 et
787 2027 851 2071 uno
875 2004 1076 2088 potissimum
1104 2011 1217 2073 tenore
1244 2006 1411 2090 percurrit.
1457 2007 1510 2072 hic

140 2111 297 2194 antiquos
322 2111 497 2194 praecipuo
520 2129 630 2174 amore
652 2109 822 2193 amplexus
844 2115 904 2191 est,
926 2107 983 2174 ille
1005 2108 1065 2174 nisi
1089 2109 1123 2174 in
1144 2109 1385 2193 prolegomenis
1402 2111 1510 2176 nullos

143 2213 210 2278 nisi
232 2214 362 2278 illarum
384 2211 577 2278 familiarum
593 2211 776 2296 participes.
811 2210 886 2275 hine
908 2211 1064 2277 orationis
1085 2218 1245 2296 cognatae
1266 2213 1426 2296 quaedam
1448 2213 1511 2278 dis

143 2315 269 2381 cordia.
302 2315 400 2380 Arius
427 2313 590 2380 remissior
612 2313 778 2380 verbosior
801 2314 943 2398 planior,
971 2313 1111 2380 maiores
1134 2314 1285 2400 periodos
1312 2315 1509 2400 complexus,

140 2420 230 2483 alter
246 2417 452 2500 contractior,
475 2416 508 2481 in
524 2416 701 2482 breviando
717 2437 816 2500 saepe
837 2415 966 2500 nimius,
987 2423 1148 2482 commata
1163 2417 1309 2483 minutim
1325 2437 1509 2484 conserens.

233 2521 299 2586 Sed
325 2519 405 2584 illud
432 2518 517 2602 quod
547 2518 711 2603 coepimus
733 2518 912 2585 uideamus.
949 2520 1131 2604 quicunque
1152 2520 1348 2586 Placitorum
1371 2519 1507 2586 sormam

140 2624 228 2689 bene
240 2621 445 2688 informatam
458 2619 566 2704 habet,
582 2619 746 2686 Meinelrei
762 2621 976 2687 temeritatem
991 2639 1033 2686 ne
1047 2629 1201 2704 punctum
1213 2622 1342 2706 quidem
1355 2623 1509 2707 temporis

139 2724 307 2790 defendet.
342 2744 442 2808 quare
465 2722 604 2788 candido
627 2721 746 2788 iudicio
768 2722 806 2788 R.
822 2723 1056 2805 Volkmannus,
1079 2725 1134 2806 qui
1155 2731 1255 2792 antea
1277 2746 1350 2792 eum
1373 2725 1509 2790 calidius

144 2833 278 2892 secutus
297 2833 377 2911 erat,
398 2845 497 2892 causa
517 2824 684 2908 recognita
704 2825 918 2910 patrocinium
940 2832 1124 2910 susceptum
1139 2828 1283 2894 deseruit
1304 2826 1508 2914 [Fleckeisen

138 2928 252 3012 jahrb.
275 2929 364 2994 1871
382 2949 412 3012 p.
428 2929 490 2994 683
503 2925 573 3014 sq.].
607 2927 665 2994 sed
687 2933 796 2994 tamen
819 2927 864 2993 sic
887 2929 1008 2994 erravit
1030 2929 1221 2995 Meinekeus
1244 2935 1278 2994 ut
1300 2929 1360 2995 viri
1382 2929 1509 2995 subacti

142 3031 269 3113 ingenii
291 3051 401 3097 errare
423 3032 543 3114 solent,
567 3051 632 3096 non
655 3029 724 3096 sine
746 3049 864 3112 magno
887 3031 930 3094 ad
953 3032 1021 3096 veri
1044 3032 1260 3116 cognitionem
1282 3033 1508 3098 emolumento.

142 3154 222 3198 nam
251 3133 417 3199 verissime
445 3133 527 3198 vidit
552 3132 650 3198 etiam
677 3131 710 3196 in
738 3131 881 3216 physicis
904 3132 1036 3200 Stobaei
1066 3134 1189 3218 eclogis
1210 3133 1352 3200 Arianae
1375 3133 1508 3216 originis

140 3236 349 3318 aliquantum
370 3235 525 3301 insertum
548 3255 630 3302 esse.
666 3240 820 3318 quantum
842 3235 958 3300 lateret
974 3237 1152 3320 quibusque
1168 3236 1296 3302 indiciis
1311 3256 1352 3301 ea
1366 3235 1408 3301 ab
1423 3234 1508 3300 Astii

142 3337 280 3404 Placitis
302 3337 519 3404 discernenda
541 3344 661 3421 essent,
683 3356 750 3401 non
771 3336 921 3420 pervidit.
966 3359 1041 3404 nam
1065 3340 1125 3406 etsi
1155 3339 1210 3423 qui
1232 3339 1266 3404 in
1289 3337 1422 3403 Ioannis
1443 3356 1509 3400 mu-

140 3441 215 3505 sivo
240 3460 338 3524 opere
360 3439 469 3504 varios
491 3439 653 3504 variorum
675 3437 868 3522 scriptorum
889 3439 1020 3524 lapillos
1042 3461 1139 3508 sensu
1161 3461 1200 3506 ac
1216 3439 1417 3506 divinatione
1432 3455 1509 3521 qua-

140 3543 221 3608 dam
250 3543 439 3626 dignoscere
461 3541 624 3618 didicerit,
652 3561 718 3606 nou
746 3541 837 3606 nulla
859 3547 946 3606 recte
968 3542 1055 3608 haud
1082 3543 1180 3610 dubie
1202 3541 1420 3627 expiscabitur
1442 3538 1509 3624 (νο-

140 3646 192 3709 lut
214 3643 405 3711 Meinelrens
426 3643 460 3709 in
483 3643 628 3726 florilegii
652 3651 674 3708 t.
690 3643 732 3708 28
756 3653 796 3709 14.
815 3653 848 3706 15
869 3643 992 3710 Ariana
1013 3645 1179 3712 verissime
1201 3641 1376 3730 cognovit),
1399 3649 1508 3707 tamen

140 3747 254 3812 sensui
277 3747 337 3812 soli
360 3746 461 3813 fidere
482 3747 707 3831 periculosum.
741 3765 841 3831 quare
861 3745 914 3829 qui
930 3747 1003 3812 aliis
1018 3749 1215 3832 persuadere
1230 3746 1368 3814 voluerit
1383 3743 1508 3826 sibique

140 3867 262 3914 cauere
284 3868 305 3914 a
327 3847 460 3914 Stobaei
483 3849 640 3935 artificiis,
669 3851 699 3916 ei
722 3855 812 3915 eerta
834 3855 909 3914 sunt
931 3849 1217 3935 circumspicienda
1239 3849 1373 3934 indicia,
1400 3847 1508 3932 qualia

140 3951 207 4016 huc
229 3970 328 4034 quam
350 3951 542 4017 brevissime
557 3952 715 4035 congessi.
749 3950 875 4016 numeri
891 3957 965 4017 sunt
980 3959 1111 4019 nostrae
1126 3953 1333 4039 physicorum
1349 3951 1508 4033 fragmen-

139 4061 249 4120 torum
273 4055 428 4140 sylloges.

227 4154 327 4220 IArii
343 4161 394 4220 est
415 4156 518 4221 maior
540 4156 609 4224 fere
633 4156 776 4242 capitum
791 4155 941 4240 ambitus,
963 4156 1028 4222 vid
1052 4155 1089 4222 lr.
1107 4157 1136 4222 3.
1162 4157 1211 4221 10.
1235 4159 1284 4221 11.
1308 4158 1357 4222 12.
1380 4158 1429 4221 13.
1452 4157 1503 4220 14.

138 4259 193 4323 21.
217 4259 270 4323 26.
294 4259 345 4324 27.
369 4258 420 4322 28.
444 4259 495 4324 29.
519 4261 569 4324 31.
594 4261 646 4324 37.
670 4261 711 4324 38

226 4361 260 4424 Π
283 4361 418 4444 eclogae
439 4369 475 4426 ut
497 4383 537 4428 ex
559 4361 627 4426 Arii
649 4361 806 4446 ampliore
829 4381 955 4427 conexu
977 4363 1125 4428 divulsae
1148 4359 1305 4442 incipiunt
1325 4379 1345 4424 a
1365 4361 1397 4424 δέ
1412 4361 1507 4445 parti·

138 4463 226 4546 cula,
249 4469 284 4528 ut
305 4463 379 4528 11.]
404 4466 469 4549 περὶ
493 4466 525 4528 δὲ
547 4467 605 4526 τῶν
628 4463 712 4528 ἰδεῶν
732 4511 740 4527 .
758 4507 766 4524 ·
783 4511 806 4542 .,
829 4466 965 4548 2ἐπειδὴ
988 4464 1009 4527 δ’
1030 4462 1228 4548 ἡμὲνφύσις,
1252 4462 1393 4532 {traduce
1409 4465 1508 4534 δὲτὰς

138 4567 236 4651 ἀρχάς
258 4573 291 4630 et
314 4566 359 4631 sic
381 4565 419 4632 lr.
435 4568 465 4632 6.
489 4569 518 4632 6.
543 4567 573 4632 8.
596 4567 626 4630 9.
652 4569 702 4632 11.
727 4569 775 4633 12.
801 4569 850 4632 14.
876 4570 926 4632 15.
951 4567 1001 4631 16.
1026 4567 1076 4630 17.
1101 4565 1150 4630 18.
1175 4566 1226 4628 20.
1248 4565 1300 4628 21.
1319 4567 1369 4630 22.
1387 4567 1439 4630 23.
1455 4567 1506 4629 26.

138 4669 191 4734 27.
215 4669 266 4734 28.
291 4669 342 4733 29.
367 4669 418 4735 31.
443 4671 493 4735 32.
518 4671 568 4734 35.
593 4669 634 4734 38

226 4771 275 4836 ΠΙ
306 4770 531 4838 conclusiones
565 4777 727 4856 apparent
752 4769 945 4855 ampliorum
977 4771 1120 4856 capitum
1154 4769 1191 4834 fr.
1214 4771 1253 4834 12
1287 4771 1350 4868 περὶ
1378 4771 1429 4851 μὲν
1456 4767 1506 4832 οὖν

137 4875 250 4936 τούτων
273 4875 434 4938 διετάττετο
458 4875 560 4944 οὕτως.
590 4873 629 4940 fr.
647 4875 685 4940 13
709 4875 756 4936 καὶ
780 4875 844 4958 περὶ
868 4876 919 4956 μὲν
942 4879 1000 4938 τῶν
1024 4877 1151 4956 σεισμῶν
1175 4873 1304 4936 καὶτῶν
1328 4871 1424 4934 ἄλλων
1448 4875 1506 4934 τῶν

138 4975 205 5060 περὶ
227 4977 279 5062 τὴν
301 4983 354 5064 γῆν
379 4977 562 5062 παθημάτων
585 4977 632 5040 ἐπὶ
655 4980 802 5040 τοσοῦτον.
839 4975 877 5041 cs.
900 4975 938 5040 fr.
956 4979 994 5041 11
