3708 5732
349 403 390 467 84
758 409 783 456 V
819 407 868 455 Du
889 407 966 458 nan
983 408 1120 458 DIDYMI
1139 409 1303 460 EPITOME

349 571 527 636 finitionum
559 571 772 656 incomposita
802 573 1002 638 enumeratio
1032 571 1102 659 [ecl.
1126 573 1189 638 eth.
1212 594 1244 657 p.
1260 575 1311 639 34.
1326 573 1389 662 84].
1438 583 1608 660 cognatum
1635 579 1712 645 huic

348 673 459 756 generi
498 681 547 738 est
581 672 722 739 Theonis
762 674 861 740 Stoici
900 676 954 759 qui
992 675 1069 740 Ario
1111 674 1266 742 successit
1300 677 1458 762 ὑπόμνημα
1493 686 1545 766 τῆς
1573 680 1711 748 Ἀπολλο-

348 777 444 860 δώρου
477 779 681 861 φυοιολογικῆς
716 778 878 862 εἰσαγωγῆς
906 775 1007 863 [Suid.
1031 797 1056 842 s.
1079 799 1110 844 v.
1134 779 1217 843 Θέων
1241 777 1488 870 Ἀλεξανδρεός].1
1534 783 1575 849 (le
1602 786 1714 872 phffl.

349 897 458 943 corum
481 878 588 944 studio
611 885 677 942 tum
702 880 894 962 pervulgato
917 886 995 944 nota
1017 879 1125 945 omnia
1147 877 1198 966 [oi.
1222 879 1334 946 Horat.
1357 879 1451 966 epist.
1466 885 1482 948 Ι
1499 886 1539 949 12
1562 887 1711 972 Propert

347 980 441 1066 1115,
462 979 524 1067 93].
574 981 660 1046 addo
698 981 874 1047 moralibus
913 1001 1042 1064 quoque
1074 981 1346 1066 disputationibus
1383 985 1493 1068 eisque
1527 987 1712 1055 trivialibus

346 1082 532 1163 Augusteae
554 1082 672 1148 aetatis
694 1081 841 1149 homines
865 1082 980 1147 mirum
1002 1089 1156 1165 quantum
1179 1083 1339 1151 tribuisse.
1384 1095 1483 1170 atque
1504 1089 1606 1172 ipsius
1628 1091 1711 1157 Cae

347 1183 429 1248 saris
447 1183 569 1248 amicus
585 1184 738 1250 Horatius
752 1195 857 1250 noctes
872 1205 1025 1266 conorque
1040 1187 1129 1249 deam
1152 1185 1322 1252 celebrans
1337 1188 1390 1270 [ef.
1407 1189 1533 1256 Usener
1549 1191 1630 1257 Mus.
1646 1191 1708 1257 Rh.

347 1283 456 1349 XXIV
470 1287 544 1370 349]
560 1285 737 1370 disputavit
753 1287 855 1354 Serm.
866 1289 898 1352 ll
914 1289 945 1370 6,
962 1288 1001 1352 13
1025 1299 1165 1353 utrumne

498 1390 614 1452 divitiis
635 1391 772 1454 bominac
794 1412 837 1454 aa
858 1393 920 1453 sint
941 1393 1054 1454 virtute
1076 1392 1167 1468 beati,

498 1493 610 1573 paidos
632 1495 675 1556 od
697 1496 862 1568 amicitior,
885 1513 960 1556 asor
981 1503 1146 1571 rectumne,
1170 1497 1273 1559 trabat
1294 1515 1362 1572 nos,

498 1605 525 1656 at
547 1613 627 1675 quoa
649 1598 689 1658 sit
711 1607 826 1660 natura
845 1597 917 1659 boni
938 1616 1146 1678 summamque
1167 1600 1242 1681 qaid
1265 1601 1339 1662 οιίιι.

346 1693 415 1757 eius
442 1695 570 1776 generis
598 1698 799 1763 sermonibus
827 1697 894 1761 Arii
921 1697 1113 1780 compendio
1140 1701 1399 1766 commodissima
1428 1701 1564 1768 materia
1589 1708 1711 1786 parata

346 1803 424 1860 erat.
469 1796 564 1860 simul
587 1799 741 1865 eclectiea
762 1798 1014 1882 philosophandi
1037 1801 1119 1864 ratio
1142 1811 1294 1887 apparet,
1317 1823 1382 1886 qua
1404 1805 1457 1870 rel
1480 1803 1629 1888 Epicurei
1651 1805 1709 1886 qui

345 1894 474 1962 fuerant
496 1897 652 1965 delectari
674 1907 858 1986 coeperant.

431 2001 481 2065 De
496 2000 563 2064 Arii
586 2002 654 2068 vita
676 2003 879 2068 accuratiora
900 2003 956 2068 vix
979 2003 1062 2070 eitiei
1084 2012 1229 2088 possunt.
1274 2007 1429 2074 Suetonio
1453 2009 1613 2076 credimus
1631 2017 1709 2094 post

345 2100 578 2184 Apollodorum
601 2105 763 2170 rhetorem
785 2104 980 2189 philosopho
1000 2106 1077 2171 Ario
1101 2126 1233 2189 operam
1257 2109 1396 2195 dedisse,
1419 2111 1576 2178 incertum
1598 2116 1707 2176 utrum

345 2200 549 2286 Apolloniae,
572 2205 627 2270 ubi
640 2205 874 2288 Apollodorum
887 2215 974 2272 certe
989 2208 1093 2273 audiit
1115 2207 1236 2292 (Quint.
1249 2211 1297 2275 lIl
1314 2214 1330 2276 1
1349 2211 1415 2299 ιι)ι
1436 2232 1479 2278 an
1494 2213 1627 2297 Romae,
1651 2213 1708 2278 ubi

345 2304 544 2386 aliquamdiu
573 2327 645 2370 eum
675 2328 746 2374 cum
773 2308 851 2373 Ario
878 2308 998 2375 vixisse
1024 2310 1100 2376 inde
1126 2310 1274 2396 colligas,
1310 2315 1396 2396 quod
1426 2335 1512 2380 anno
1540 2316 1603 2380 724
1632 2336 1707 2382 cum

344 2407 576 2474 Alexandriam
598 2409 761 2492 ingressus
784 2419 850 2496 est,
879 2432 1004 2477 summa
1030 2412 1095 2478 iam
1121 2413 1315 2481 auctoritate
1342 2416 1398 2482 ille
1418 2417 1564 2484 florebat.
1609 2417 1708 2484 fuerit

343 2509 441 2592 igitur
463 2512 490 2576 si
513 2511 678 2578 minimum
701 2533 809 2579 sumas
834 2514 1121 2598 quadragenarius.
1165 2515 1339 2582 admodum
1362 2527 1470 2586 autem
1497 2540 1599 2586 senex
1624 2527 1707 2605 erat,

346 2631 417 2678 cum
432 2613 474 2679 de
490 2615 596 2680 Druso
611 2613 678 2680 filio
700 2616 820 2682 acerba
842 2623 945 2683 morte
960 2617 1096 2700 abrepto
1113 2617 1238 2685 Liviam
1252 2623 1437 2688 consolatus
1452 2629 1511 2688 est.
1549 2623 1708 2689 erationis

345 2721 411 2780 tum
434 2715 566 2782 habitae
587 2718 754 2784 exordium
777 2719 873 2786 vertit
896 2719 1021 2786 Seneca
1042 2721 1085 2785 ad
1107 2720 1205 2787 Maro.
1221 2722 1263 2788 de
1284 2725 1405 2790 consol.
1419 2725 1450 2788 4.
1466 2725 1500 2789 5:
1533 2727 1591 2789 itta
1610 2723 1708 2811 [Iulia

345 2816 505 2905 Augusta]
528 2824 561 2882 in
581 2823 683 2902 primo
698 2824 822 2902 [arcora
843 2843 911 2886 οαιιι
925 2825 1060 2886 mosimc
1073 2826 1259 2905 inpatienter
1271 2828 1452 2909 ferocesque
1465 2835 1537 2890 scat
1550 2830 1709 2904 miseriae,

344 2921 548 3006 consot<otori
563 2922 608 3007 sc)
624 2924 718 2988 Areo
739 2927 921 3008 pbilosopbo
943 2929 1005 2990 etri
1025 2927 1075 2989 aui
1095 2929 1240 3008 praebuit
1262 2939 1290 2993 at
1311 2931 1436 2992 maltam
1458 2947 1526 2992 eam
1546 2949 1612 2992 rem
1624 2948 1709 3010 pro-

342 3025 442 3104 fuisse
459 3025 519 3088 ribi
535 3027 680 3108 confessa
702 3038 746 3091 est
762 3076 769 3091 .
787 3076 794 3092 .
814 3076 821 3092 .
838 3029 1018 3094 orationem
1034 3029 1080 3093 sic
1095 3048 1188 3096 orsus
1203 3038 1253 3098 est
1267 3035 1288 3098 4
1306 3041 1322 3094 3
1345 3031 1451 3114 ‘arque
1464 3035 1498 3095 in
1511 3033 1591 3095 tanc
1614 3033 1708 3107 diam,

342 3128 435 3204 latro,
459 3139 605 3210 quantum
627 3131 748 3211 puidam
770 3135 959 3211 eporeiam,
983 3132 1171 3196 adsiduas
1192 3137 1271 3198 ciri
1300 3138 1354 3198 tsi
1381 3131 1518 3212 comcs,
1546 3137 1607 3198 cai
1632 3153 1708 3197 ιιοιι

343 3238 483 3293 tantum
505 3249 597 3312 quaa
618 3235 656 3295 ιἰι
676 3234 865 3314 publicam
888 3236 1112 3297 emittuntur
1133 3247 1226 3301 noto
1247 3239 1312 3301 aad
1333 3258 1454 3302 οιιιιιεε
1475 3247 1560 3302 sant
1576 3256 1706 3299 accra-

418 3421 423 3452 ¹
444 3423 568 3474 Nicolaum
581 3423 693 3473 Herodis
711 3431 737 3472 et
749 3423 871 3473 Archelai
889 3423 936 3472 tilii
955 3427 1076 3489 magister
1094 3427 1270 3476 etfamiliaris
1289 3427 1356 3477 inter
1374 3429 1427 3478 alia
1444 3428 1601 3493 philosopha
1619 3442 1705 3478 aom-

342 3513 495 3575 pendium
519 3511 737 3561 Aristoteliae
761 3511 991 3576 philosophiae
1010 3513 1071 3563 iecit
1089 3514 1159 3576 quod
1178 3514 1279 3564 labente
1297 3517 1401 3565 saeculo
1421 3515 1474 3566 Vll
1492 3516 1602 3566 Iacobus
1620 3516 1705 3566 Edes-

342 3615 418 3648 scnus
438 3597 570 3661 [Wcurich
590 3616 614 3662 p.
628 3597 656 3660 t]
683 3607 708 3648 ct
726 3606 817 3666 postea
829 3601 935 3649 Huncin
953 3601 1036 3650 Issaei
1049 3601 1065 3650 1.
1085 3597 1184 3665 syriaca
1203 3604 1277 3652 vertit
1296 3601 1458 3666 [Abulisrag.
1471 3603 1505 3652 H.
1518 3603 1552 3652 D.
1575 3599 1625 3652 140
1643 3599 1705 3664 [88]

343 3686 445 3751 Roepar
463 3688 519 3736 lect.
540 3685 628 3734 Abult.
647 3703 671 3749 p.
685 3683 718 3735 tt
738 3687 827 3736 Wsnr.
845 3703 869 3751 p.
883 3684 943 3750 tal,
963 3688 1065 3737 arabice
1084 3703 1125 3752 ap.
1139 3689 1313 3740 Mobammcd.
1333 3690 1430 3740 Fihrist
1447 3707 1471 3754 p.
1485 3685 1576 3751 254,3
1595 3685 1705 3749 [Mdller

340 3775 382 3823 die
402 3775 497 3837 griecb.
516 3775 609 3838 philos.
623 3775 639 3822 i.
653 3772 678 3822 d.
692 3773 762 3822 arab.
777 3773 873 3823 ueberl.
892 3791 916 3838 p.
931 3773 973 3828 96.
993 3777 1115 3828 Weurich
1134 3793 1159 3840 p.
1173 3771 1237 3842 994]
1252 3777 1283 3827 cf.
1296 3777 1411 3842 Simplic.
1424 3779 1450 3826 d.
1464 3778 1527 3826 cael.
1545 3793 1571 3840 ρ.
1588 3771 1705 3827 180140

340 3863 435 3924 lieret,
455 3861 524 3913 493·
537 3859 571 3912 93
584 3861 680 3911 Brand.
700 3859 755 3927 περὶ
774 3853 953 3928 Ἀριστοτέλους
971 3861 1124 3930 φιλοσοφίας.
1145 3865 1193 3913 boc
1211 3865 1390 3929 compendium
1403 3881 1456 3916 non
1469 3865 1558 3914 dubito
1573 3865 1635 3926 quin
1648 3863 1703 3912 He-

341 3951 397 3998 rodi
417 3949 605 4013 gratificaturus
618 3949 805 4012 conscripserit.
829 3963 887 3998 nam
900 3951 1030 4013 praeclare
1043 3953 1075 4003 de
1089 3955 1141 4002 suis
1159 3953 1252 4001 studiis
1271 3955 1324 4017 ipae
1343 3963 1433 4003 narrat
1450 3951 1523 4002 RH.
1535 3949 1568 4001 G.
1588 3950 1631 3999 111
1649 3947 1705 4000 350

338 4043 369 4090 tr.
387 4035 403 4085 4
426 4031 540 4106 Ἡρώδης
564 4033 635 4088 πάλιν
654 4030 777 4102 διαμιοεὶς
795 4031 837 4084 τὸν
855 4033 1000 4104 φιλοσοφίας
1019 4036 1101 4107 ipsura
1120 4035 1133 4088 ὃ
1152 4036 1218 4106 φιλεῖ
1238 4043 1290 4096 τοῖς
1315 4037 1341 4090 ἐν
1359 4037 1470 4107 ὑπεροχῇ
1489 4033 1542 4088 οὖσι
1561 4034 1705 4104 συμβαίνειν

338 4118 376 4172 διὰ
400 4121 428 4172 τὸ
447 4119 543 4192 πλῆθος
560 4129 612 4174 τῶν
631 4119 831 4182 ἐξαλλαττόντων
850 4119 940 4180 αὐτοὺς
958 4121 1061 4192 ἀγαθῶν
1080 4121 1220 4195 ἑπεθόμησε
1239 4125 1311 4178 πάλιν
1330 4124 1464 4195 ῥητορικῆς
1482 4125 1525 4174 καὶ
1545 4119 1705 4175 Νικόλαον

337 4208 491 4278 ἠνάγκαζε
518 4207 758 4280 ουρρητορεόιιν
788 4207 870 4278 abaci
898 4211 950 4262 καὶ
977 4219 1066 4282 κοινῇ
1094 4211 1306 4282 ἐρρητόρευον.
1349 4207 1420 4269 αὖθις
1445 4208 1464 4262 δ’
1495 4210 1602 4280 [creptae
1626 4209 1705 4262 αὑτὸν

337 4295 424 4364 (ἔρως)
446 4295 534 4366 ἔλαβεν
561 4297 732 4355 ἐπαινέσαντος
757 4293 885 4349 Νικολάου
910 4297 938 4348 τό
962 4303 1063 4368 πρᾶγμα
1082 4300 1125 4352 καὶ
1144 4299 1342 4352 πολιτικώτατον
1360 4297 1420 4350 εἶναι
1438 4297 1552 4366 λόγοντος
1572 4336 1578 4349 .
1598 4336 1605 4350 .
1624 4337 1631 4350 .
1651 4298 1705 4348 καὶ

337 4381 387 4434 ἐπὶ
403 4388 500 4435 τοῦτο
519 4383 659 4454 ὁρμήσας
678 4382 855 4453 προῦτρεψε
873 4385 925 4436 καὶ
940 4381 1098 4438 Νικόλαον
1111 4383 1331 4456 πραγματευθῆναι
1348 4385 1385 4436 τὰ
1403 4385 1472 4454 περὶ
1491 4385 1639 4462 inrapiat.
1653 4423 1660 4436 .
1674 4422 1703 4436 ..

337 4470 365 4522 ἐκ
384 4469 472 4523 τοώτου
491 4471 574 4524 πλέων
593 4473 626 4530 etr
644 4467 750 4540 Ῥώμην
769 4470 804 4528 sb:
823 4465 939 4541 Καίσαρα
953 4469 1069 4543 Ἡρώδης
1091 4475 1197 4544 ἐπήγετο
1214 4473 1257 4526 τόν
1276 4469 1402 4525 Νικόλαον
1420 4471 1483 4540 ὁμοῦ
1503 4471 1542 4524 ἐπὶ
1559 4475 1606 4541 τῆς
1624 4469 1706 4540 αώτῆς

335 4556 394 4626 νηός
415 4559 458 4610 καὶ
481 4565 569 4629 κοινῇ
594 4557 818 4628 ἐφιλοσόφουν.
854 4562 924 4612 sides
953 4563 1082 4614 hominem
1114 4566 1266 4614 versabilem
1291 4565 1392 4628 patroni
1418 4569 1480 4611 nutu
1510 4562 1543 4610 ad
1568 4561 1704 4624 quodlibet

337 4648 463 4698 scribendi
483 4664 564 4712 genus
584 4657 709 4712 paratum.

405 4731 540 4786 2Βυυιοιι.
560 4739 629 4799 Aug.
648 4734 682 4787 89
701 4735 961 4799 (Apollodorum)
985 4739 1044 4787 iam
1070 4739 1219 4800 grandem
1244 4745 1320 4789 natu
1342 4735 1550 4802 Apolloniam
1574 4749 1702 4796 quoque

334 4839 435 4872 secum
455 4824 492 4873 ab
511 4824 587 4872 urbe
606 4824 734 4872 iuvenis
754 4821 857 4870 adhuc
876 4823 1041 4872 eduxerat.
1069 4826 1132 4875 vixit
1146 4825 1277 4876 LXXXII
1290 4839 1373 4875 annos
1386 4831 1450 4874 teste
1464 4821 1702 4873 Pseudo-Luciam.

335 4910 450 4960 Macrob.
465 4907 506 4960 23.
535 4912 581 4960 ssd
605 4911 765 4960 accuratiora
788 4910 846 4958 seiri
871 4925 923 4960 non
948 4921 1068 4974 possunt,
1088 4913 1149 4976 quia
1168 4913 1319 4978 Hieronymi
1339 4919 1401 4961 nota
1420 4911 1543 4972 (clarus
1561 4910 1701 4960 babetur

251 5007 257 5016 ·
333 4998 372 5045 ad
391 5012 413 5047 a.
434 4998 498 5048 abr.
521 4995 586 5050 1953
599 5017 630 5039 =
643 4997 703 5060 691)
722 4998 859 5048 dumtaxat
878 5013 911 5049 ex
931 5000 1042 5062 Augusti
1061 5001 1141 5050 natali
1160 5002 1271 5064 pendere
1292 5001 1399 5050 videtur.
