<?xml version="1.0" encoding="UTF-8"?>
<!DOCTYPE html PUBLIC "-//W3C//DTD XHTML 1.0 Transitional//EN"
    "http://www.w3.org/TR/xhtml1/DTD/xhtml1-transitional.dtd">
<html xmlns="http://www.w3.org/1999/xhtml" xml:lang="en" lang="en">
 <head>
  <title>
</title>
<meta http-equiv="Content-Type" content="text/html;charset=utf-8" />
  <meta name='ocr-system' content='tesseract 3.04.00' />
  <meta name='ocr-capabilities' content='ocr_page ocr_carea ocr_par ocr_line ocrx_word'/>
</head>
<body>
  <div class='ocr_page' id='page_1' title='image "./doxographigraec01dielgoog_0495.png"; bbox 0 0 3708 5738; ppageno 0'>
   <div class='ocr_carea' id='block_1_1' title="bbox 346 419 1392 484">
    <p class='ocr_par' dir='ltr' id='par_1_1' title="bbox 346 419 1392 484">
     <span class='ocr_line' id='line_1_1' title="bbox 346 419 1392 484; baseline 0.002 -12"><span class='ocrx_word' id='word_1_1' title='bbox 346 419 410 484; x_wconf 78' lang='lat'><strong>480</strong></span> <span class='ocrx_word' id='word_1_2' title='bbox 658 421 915 474; x_wconf 75' lang='lat' dir='ltr'><strong>snnonnnnsni</strong></span> <span class='ocrx_word' id='word_1_3' title='bbox 933 421 1070 474; x_wconf 69' lang='lat' dir='ltr'><strong>Pnsslc.</strong></span> <span class='ocrx_word' id='word_1_4' title='bbox 1091 423 1251 475; x_wconf 76' lang='grc' dir='ltr'><strong>ουιινιυν.</strong></span> <span class='ocrx_word' id='word_1_5' title='bbox 1270 423 1323 473; x_wconf 80' lang='lat' dir='ltr'><strong>sn.</strong></span> <span class='ocrx_word' id='word_1_6' title='bbox 1337 421 1392 474; x_wconf 73' lang='grc' dir='ltr'><strong>κο</strong></span> 
     </span>
    </p>
   </div>
   <div class='ocr_carea' id='block_1_2' title="bbox 329 589 1714 881">
    <p class='ocr_par' dir='ltr' id='par_1_2' title="bbox 329 589 1714 881">
     <span class='ocr_line' id='line_1_2' title="bbox 343 589 1712 676; baseline 0.001 -23"><span class='ocrx_word' id='word_1_7' title='bbox 343 595 416 659; x_wconf 87' lang='grc' dir='ltr'><strong>τοῖς</strong></span> <span class='ocrx_word' id='word_1_8' title='bbox 437 589 556 660; x_wconf 84' lang='grc' dir='ltr'><strong>ἄλλοις</strong></span> <span class='ocrx_word' id='word_1_9' title='bbox 578 590 746 674; x_wconf 87' lang='grc' dir='ltr'><strong>πειρᾶταί</strong></span> <span class='ocrx_word' id='word_1_10' title='bbox 767 615 798 653; x_wconf 91' lang='grc' dir='ltr'><strong>τι</strong></span> <span class='ocrx_word' id='word_1_11' title='bbox 820 591 938 676; x_wconf 86' lang='grc' dir='ltr'><strong>φέρειν</strong></span> <span class='ocrx_word' id='word_1_12' title='bbox 961 589 1068 668; x_wconf 79' lang='grc' dir='ltr'><strong>ἴδιον,</strong></span> <span class='ocrx_word' id='word_1_13' title='bbox 1090 591 1151 660; x_wconf 83' lang='grc' dir='ltr'><strong>τὰς</strong></span> <span class='ocrx_word' id='word_1_14' title='bbox 1173 591 1287 676; x_wconf 80' lang='grc' dir='ltr'><strong>ἀρχὰς</strong></span> <span class='ocrx_word' id='word_1_15' title='bbox 1310 593 1348 654; x_wconf 80' lang='grc' dir='ltr'><strong>δὲ</strong></span> <span class='ocrx_word' id='word_1_16' title='bbox 1370 591 1431 660; x_wconf 85' lang='grc' dir='ltr'><strong>τὰς</strong></span> <span class='ocrx_word' id='word_1_17' title='bbox 1453 591 1561 660; x_wconf 81' lang='grc' dir='ltr'><strong>αὐτὰς</strong></span> <span class='ocrx_word' id='word_1_18' title='bbox 1590 591 1712 654; x_wconf 82' lang='grc' dir='ltr'><strong>ἀποδί-</strong></span> 
     </span>
     <span class='ocr_line' id='line_1_3' title="bbox 345 691 1714 780; baseline 0 -24"><span class='ocrx_word' id='word_1_19' title='bbox 345 695 453 756; x_wconf 83' lang='grc' dir='ltr'><strong>δωσιν</strong></span> <span class='ocrx_word' id='word_1_20' title='bbox 484 691 523 760; x_wconf 81' lang='grc' dir='ltr'><strong>ἅς</strong></span> <span class='ocrx_word' id='word_1_21' title='bbox 553 715 615 778; x_wconf 93' lang='grc' dir='ltr'><strong>περ</strong></span> <span class='ocrx_word' id='word_1_22' title='bbox 641 692 880 778; x_wconf 75' lang='grc' dir='ltr'><strong>Ἀναξαγόρας.</strong></span> <span class='ocrx_word' id='word_1_23' title='bbox 925 693 1005 758; x_wconf 83' lang='grc' dir='ltr'><strong>οὖτοι</strong></span> <span class='ocrx_word' id='word_1_24' title='bbox 1033 694 1084 777; x_wconf 79' lang='grc' dir='ltr'><strong>μὲν</strong></span> <span class='ocrx_word' id='word_1_25' title='bbox 1107 691 1157 756; x_wconf 84' lang='grc' dir='ltr'><strong>σόν</strong></span> <span class='ocrx_word' id='word_1_26' title='bbox 1180 693 1316 777; x_wconf 78' lang='grc' dir='ltr'>ἀπείρους</span> <span class='ocrx_word' id='word_1_27' title='bbox 1338 699 1381 780; x_wconf 83' lang='grc' dir='ltr'><strong>τῷ</strong></span> <span class='ocrx_word' id='word_1_28' title='bbox 1404 693 1513 779; x_wconf 78' lang='grc' dir='ltr'><strong>πλήθει</strong></span> <span class='ocrx_word' id='word_1_29' title='bbox 1534 694 1586 756; x_wconf 81' lang='grc' dir='ltr'><strong>καὶ</strong></span> <span class='ocrx_word' id='word_1_30' title='bbox 1610 694 1714 776; x_wconf 75' lang='grc' dir='ltr'><strong>ἀνομο</strong></span> 
     </span>
     <span class='ocr_line' id='line_1_4' title="bbox 329 785 1330 881; baseline 0 -23"><span class='ocrx_word' id='word_1_31' title='bbox 329 785 436 878; x_wconf 84' lang='grc' dir='ltr'><strong>Ιγενεῖς</strong></span> <span class='ocrx_word' id='word_1_32' title='bbox 457 795 508 864; x_wconf 86' lang='grc' dir='ltr'><strong>τὰς</strong></span> <span class='ocrx_word' id='word_1_33' title='bbox 530 795 624 880; x_wconf 83' lang='grc' dir='ltr'><strong>ἀρχὰς</strong></span> <span class='ocrx_word' id='word_1_34' title='bbox 645 797 760 881; x_wconf 86' lang='grc' dir='ltr'><strong>λέγουσι</strong></span> <span class='ocrx_word' id='word_1_35' title='bbox 782 796 833 866; x_wconf 84' lang='grc' dir='ltr'><strong>τὰς</strong></span> <span class='ocrx_word' id='word_1_36' title='bbox 856 795 1057 881; x_wconf 79' lang='grc' dir='ltr'><strong>ὁμοιομερείας</strong></span> <span class='ocrx_word' id='word_1_37' title='bbox 1078 795 1205 864; x_wconf 77' lang='grc' dir='ltr'><strong>τιθέντες</strong></span> <span class='ocrx_word' id='word_1_38' title='bbox 1227 795 1330 880; x_wconf 87' lang='grc' dir='ltr'><strong>ἀρχάς.</strong></span> 
     </span>
    </p>
   </div>
   <div class='ocr_carea' id='block_1_3' title="bbox 96 1271 1715 2794">
    <p class='ocr_par' dir='ltr' id='par_1_3' title="bbox 96 1271 1715 2794">
     <span class='ocr_line' id='line_1_5' title="bbox 401 1271 923 1340; baseline -0.006 -16"><span class='ocrx_word' id='word_1_39' title='bbox 401 1273 541 1338; x_wconf 88' lang='lat' dir='ltr'><strong>Simplic.</strong></span> <span class='ocrx_word' id='word_1_40' title='bbox 561 1277 587 1324; x_wconf 91' lang='lat' dir='ltr'><strong>in</strong></span> <span class='ocrx_word' id='word_1_41' title='bbox 606 1275 679 1340; x_wconf 81' lang='lat' dir='ltr'><strong>phys.</strong></span> <span class='ocrx_word' id='word_1_42' title='bbox 698 1275 715 1323; x_wconf 82' lang='lat' dir='ltr'><strong>i.</strong></span> <span class='ocrx_word' id='word_1_43' title='bbox 728 1271 923 1326; x_wconf 61' lang='lat' dir='ltr'><strong>cvm-6¹18.</strong></span> 
     </span>
     <span class='ocr_line' id='line_1_6' title="bbox 433 1373 1715 1460; baseline -0.002 -22"><span class='ocrx_word' id='word_1_44' title='bbox 433 1373 526 1438; x_wconf 87' lang='grc' dir='ltr'><strong>Μίαν</strong></span> <span class='ocrx_word' id='word_1_45' title='bbox 552 1376 590 1438; x_wconf 82' lang='grc' dir='ltr'><strong>δὲ</strong></span> <span class='ocrx_word' id='word_1_46' title='bbox 614 1375 677 1458; x_wconf 78' lang='grc' dir='ltr'><strong>τὴν</strong></span> <span class='ocrx_word' id='word_1_47' title='bbox 704 1375 821 1460; x_wconf 82' lang='grc' dir='ltr'><strong>ἀρχὴν</strong></span> <span class='ocrx_word' id='word_1_48' title='bbox 848 1373 926 1458; x_wconf 82' lang='grc' dir='ltr'><strong>ἤτοι</strong></span> <span class='ocrx_word' id='word_1_49' title='bbox 953 1375 989 1438; x_wconf 85' lang='grc' dir='ltr'><strong>ἓν</strong></span> <span class='ocrx_word' id='word_1_50' title='bbox 1015 1375 1053 1436; x_wconf 91' lang='grc' dir='ltr'><strong>τδ</strong></span> <span class='ocrx_word' id='word_1_51' title='bbox 1083 1373 1119 1438; x_wconf 85' lang='grc' dir='ltr'><strong>όν</strong></span> <span class='ocrx_word' id='word_1_52' title='bbox 1148 1375 1205 1438; x_wconf 89' lang='grc' dir='ltr'><strong>καὶ</strong></span> <span class='ocrx_word' id='word_1_53' title='bbox 1233 1379 1298 1439; x_wconf 81' lang='grc' dir='ltr'><strong>πᾶν</strong></span> <span class='ocrx_word' id='word_1_54' title='bbox 1324 1376 1373 1440; x_wconf 81' lang='grc' dir='ltr'><strong>καὶ</strong></span> <span class='ocrx_word' id='word_1_55' title='bbox 1401 1375 1468 1440; x_wconf 82' lang='grc' dir='ltr'><strong>οὔτε</strong></span> <span class='ocrx_word' id='word_1_56' title='bbox 1494 1373 1715 1460; x_wconf 75' lang='grc' dir='ltr'><strong>πεπερασμένον</strong></span> 
     </span>
     <span class='ocr_line' id='line_1_7' title="bbox 319 1475 1715 1564; baseline -0.004 -20"><span class='ocrx_word' id='word_1_57' title='bbox 319 1475 417 1544; x_wconf 73' lang='grc' dir='ltr'><strong>κοῦτε</strong></span> <span class='ocrx_word' id='word_1_58' title='bbox 444 1477 561 1561; x_wconf 84' lang='grc' dir='ltr'><strong>ἄπειρον</strong></span> <span class='ocrx_word' id='word_1_59' title='bbox 588 1475 655 1541; x_wconf 81' lang='grc' dir='ltr'><strong>οὔτε</strong></span> <span class='ocrx_word' id='word_1_60' title='bbox 680 1477 846 1560; x_wconf 81' lang='grc' dir='ltr'><strong>κινούμενον</strong></span> <span class='ocrx_word' id='word_1_61' title='bbox 869 1477 936 1540; x_wconf 78' lang='grc' dir='ltr'><strong>οὔτε</strong></span> <span class='ocrx_word' id='word_1_62' title='bbox 957 1479 1083 1562; x_wconf 71' lang='grc' dir='ltr'><strong>ἠρεμοῦν</strong></span> <span class='ocrx_word' id='word_1_63' title='bbox 1110 1476 1296 1562; x_wconf 81' lang='grc' dir='ltr'><strong>Ξενοφάνη</strong></span> <span class='ocrx_word' id='word_1_64' title='bbox 1318 1478 1376 1542; x_wconf 92' lang='grc' dir='ltr'><strong>τδν</strong></span> <span class='ocrx_word' id='word_1_65' title='bbox 1399 1476 1636 1564; x_wconf 77' lang='grc' dir='ltr'><strong>Κολοφώνιον</strong></span> <span class='ocrx_word' id='word_1_66' title='bbox 1658 1479 1715 1540; x_wconf 90' lang='grc' dir='ltr'><strong>τὸν</strong></span> 
     </span>
     <span class='ocr_line' id='line_1_8' title="bbox 349 1577 1715 1667; baseline -0.001 -23"><span class='ocrx_word' id='word_1_67' title='bbox 349 1577 570 1664; x_wconf 81' lang='grc' dir='ltr'><strong>Παρμενίδου</strong></span> <span class='ocrx_word' id='word_1_68' title='bbox 613 1580 823 1643; x_wconf 88' lang='grc' dir='ltr'><strong>διδάσκαλον</strong></span> <span class='ocrx_word' id='word_1_69' title='bbox 865 1579 1103 1644; x_wconf 75' lang='grc' dir='ltr'><strong>ὑποτίθεσθαί</strong></span> <span class='ocrx_word' id='word_1_70' title='bbox 1140 1601 1227 1664; x_wconf 92' lang='grc' dir='ltr'><strong>φησιν</strong></span> <span class='ocrx_word' id='word_1_71' title='bbox 1273 1582 1290 1645; x_wconf 93' lang='grc' dir='ltr'><strong>ὁ</strong></span> <span class='ocrx_word' id='word_1_72' title='bbox 1327 1579 1513 1667; x_wconf 84' lang='grc' dir='ltr'><strong>Θεόφραστος</strong></span> <span class='ocrx_word' id='word_1_73' title='bbox 1559 1583 1715 1664; x_wconf 88' lang='grc' dir='ltr'><strong>ὁμολογῶν</strong></span> 
     </span>
     <span class='ocr_line' id='line_1_9' title="bbox 347 1681 1715 1769; baseline 0.001 -24"><span class='ocrx_word' id='word_1_74' title='bbox 347 1681 473 1766; x_wconf 80' lang='grc' dir='ltr'><strong>ἑτέρας</strong></span> <span class='ocrx_word' id='word_1_75' title='bbox 502 1681 594 1746; x_wconf 82' lang='grc' dir='ltr'><strong>εἶναι</strong></span> <span class='ocrx_word' id='word_1_76' title='bbox 623 1685 758 1764; x_wconf 87' lang='grc' dir='ltr'><strong>μᾶλλον</strong></span> <span class='ocrx_word' id='word_1_77' title='bbox 786 1682 805 1766; x_wconf 80' lang='grc' dir='ltr'><strong>ἢ</strong></span> <span class='ocrx_word' id='word_1_78' title='bbox 836 1687 899 1766; x_wconf 78' lang='grc' dir='ltr'><strong>τῆς</strong></span> <span class='ocrx_word' id='word_1_79' title='bbox 929 1681 1007 1765; x_wconf 83' lang='grc' dir='ltr'><strong>περὶ</strong></span> <span class='ocrx_word' id='word_1_80' title='bbox 1037 1681 1177 1766; x_wconf 88' lang='grc' dir='ltr'><strong>φόσειυς</strong></span> <span class='ocrx_word' id='word_1_81' title='bbox 1206 1683 1367 1768; x_wconf 85' lang='grc' dir='ltr'><strong>ἱστορίας</strong></span> <span class='ocrx_word' id='word_1_82' title='bbox 1394 1685 1456 1768; x_wconf 84' lang='grc' dir='ltr'><strong>τὴν</strong></span> <span class='ocrx_word' id='word_1_83' title='bbox 1487 1685 1634 1769; x_wconf 79' lang='grc' dir='ltr'><strong>μνήμην</strong></span> <span class='ocrx_word' id='word_1_84' title='bbox 1655 1687 1715 1766; x_wconf 83' lang='grc' dir='ltr'><strong>τῆς</strong></span> 
     </span>
     <span class='ocr_line' id='line_1_10' title="bbox 346 1783 1713 1874; baseline 0.006 -28"><span class='ocrx_word' id='word_1_85' title='bbox 346 1783 474 1848; x_wconf 91' lang='grc' dir='ltr'><strong>τοότου</strong></span> <span class='ocrx_word' id='word_1_86' title='bbox 497 1783 610 1868; x_wconf 87' lang='grc' dir='ltr'><strong>δόξης.</strong></span> <span class='ocrx_word' id='word_1_87' title='bbox 646 1785 684 1847; x_wconf 89' lang='grc' dir='ltr'><strong>τδ</strong></span> <span class='ocrx_word' id='word_1_88' title='bbox 707 1785 771 1869; x_wconf 80' lang='grc' dir='ltr'><strong>γὰρ</strong></span> <span class='ocrx_word' id='word_1_89' title='bbox 794 1785 830 1848; x_wconf 80' lang='grc' dir='ltr'><strong>ἓν</strong></span> <span class='ocrx_word' id='word_1_90' title='bbox 851 1785 1034 1848; x_wconf 81' lang='grc' dir='ltr'><strong>τοῦτοκαὶ</strong></span> <span class='ocrx_word' id='word_1_91' title='bbox 1055 1787 1121 1848; x_wconf 86' lang='grc' dir='ltr'><strong>πᾶν</strong></span> <span class='ocrx_word' id='word_1_92' title='bbox 1143 1786 1202 1850; x_wconf 89' lang='grc' dir='ltr'><strong>τδν</strong></span> <span class='ocrx_word' id='word_1_93' title='bbox 1225 1785 1307 1850; x_wconf 82' lang='grc' dir='ltr'><strong>θεὸν</strong></span> <span class='ocrx_word' id='word_1_94' title='bbox 1330 1783 1449 1868; x_wconf 85' lang='grc' dir='ltr'><strong>ἔλεγεν</strong></span> <span class='ocrx_word' id='word_1_95' title='bbox 1465 1788 1481 1850; x_wconf 93' lang='grc' dir='ltr'><strong>ὁ</strong></span> <span class='ocrx_word' id='word_1_96' title='bbox 1496 1785 1713 1874; x_wconf 78' lang='grc' dir='ltr'><strong>Ξενοφάνης·</strong></span> 
     </span>
     <span class='ocr_line' id='line_1_11' title="bbox 345 1886 1714 1975; baseline 0 -25"><span class='ocrx_word' id='word_1_97' title='bbox 345 1887 377 1951; x_wconf 91' lang='grc' dir='ltr'><strong>δν</strong></span> <span class='ocrx_word' id='word_1_98' title='bbox 400 1886 452 1950; x_wconf 81' lang='grc' dir='ltr'><strong>ἕνα</strong></span> <span class='ocrx_word' id='word_1_99' title='bbox 474 1887 526 1970; x_wconf 79' lang='grc' dir='ltr'><strong>μὲν</strong></span> <span class='ocrx_word' id='word_1_100' title='bbox 549 1886 688 1950; x_wconf 90' lang='grc' dir='ltr'><strong>δείκνυσιν</strong></span> <span class='ocrx_word' id='word_1_101' title='bbox 710 1887 744 1950; x_wconf 82' lang='grc' dir='ltr'><strong>ἐκ</strong></span> <span class='ocrx_word' id='word_1_102' title='bbox 765 1891 817 1950; x_wconf 81' lang='grc' dir='ltr'><strong>τοῦ</strong></span> <span class='ocrx_word' id='word_1_103' title='bbox 839 1889 954 1951; x_wconf 84' lang='grc' dir='ltr'><strong>πάντων</strong></span> <span class='ocrx_word' id='word_1_104' title='bbox 976 1889 1126 1972; x_wconf 87' lang='grc' dir='ltr'><strong>κράτιστον</strong></span> <span class='ocrx_word' id='word_1_105' title='bbox 1141 1886 1228 1952; x_wconf 77' lang='grc' dir='ltr'><strong>εἶναι·</strong></span> <span class='ocrx_word' id='word_1_106' title='bbox 1250 1888 1391 1952; x_wconf 89' lang='grc' dir='ltr'><strong>πλειόνων</strong></span> <span class='ocrx_word' id='word_1_107' title='bbox 1410 1889 1475 1973; x_wconf 92' lang='grc' dir='ltr'><strong>γάρ,</strong></span> <span class='ocrx_word' id='word_1_108' title='bbox 1497 1891 1601 1975; x_wconf 85' lang='grc' dir='ltr'><strong>φησίν,</strong></span> <span class='ocrx_word' id='word_1_109' title='bbox 1625 1887 1714 1952; x_wconf 85' lang='grc' dir='ltr'><strong>όντων</strong></span> 
     </span>
     <span class='ocr_line' id='line_1_12' title="bbox 96 1987 1715 2076; baseline -0.002 -21"><span class='ocrx_word' id='word_1_110' title='bbox 96 1993 114 2023; x_wconf 79' lang='grc'><strong>”</strong></span> <span class='ocrx_word' id='word_1_111' title='bbox 306 2015 330 2055; x_wconf 87' lang='grc' dir='ltr'><strong>ιο</strong></span> <span class='ocrx_word' id='word_1_112' title='bbox 348 1987 458 2072; x_wconf 82' lang='grc' dir='ltr'><strong>ὁμοίως</strong></span> <span class='ocrx_word' id='word_1_113' title='bbox 487 1988 628 2076; x_wconf 80' lang='grc' dir='ltr'><strong>ὑπάρχειν</strong></span> <span class='ocrx_word' id='word_1_114' title='bbox 654 1989 765 2073; x_wconf 82' lang='grc' dir='ltr'><strong>ἀνάγκη</strong></span> <span class='ocrx_word' id='word_1_115' title='bbox 793 1993 864 2056; x_wconf 87' lang='grc' dir='ltr'><strong>πᾶσι</strong></span> <span class='ocrx_word' id='word_1_116' title='bbox 893 1990 927 2053; x_wconf 89' lang='grc' dir='ltr'><strong>τδ</strong></span> <span class='ocrx_word' id='word_1_117' title='bbox 950 1995 1078 2076; x_wconf 83' lang='grc' dir='ltr'><strong>κρατεῖν·</strong></span> <span class='ocrx_word' id='word_1_118' title='bbox 1105 1990 1138 2053; x_wconf 90' lang='grc' dir='ltr'><strong>τδ</strong></span> <span class='ocrx_word' id='word_1_119' title='bbox 1162 1991 1195 2054; x_wconf 74' lang='grc' dir='ltr'><strong>δὲ</strong></span> <span class='ocrx_word' id='word_1_120' title='bbox 1217 1990 1331 2054; x_wconf 84' lang='grc' dir='ltr'><strong>πάντων</strong></span> <span class='ocrx_word' id='word_1_121' title='bbox 1353 1991 1503 2074; x_wconf 89' lang='grc' dir='ltr'><strong>κράτιστον</strong></span> <span class='ocrx_word' id='word_1_122' title='bbox 1525 1992 1576 2056; x_wconf 82' lang='grc' dir='ltr'><strong>καὶ</strong></span> <span class='ocrx_word' id='word_1_123' title='bbox 1598 1990 1715 2076; x_wconf 81' lang='grc' dir='ltr'><strong>ἄριστον</strong></span> 
     </span>
     <span class='ocr_line' id='line_1_13' title="bbox 347 2089 1714 2179; baseline 0.001 -25"><span class='ocrx_word' id='word_1_124' title='bbox 347 2089 426 2160; x_wconf 78' lang='grc' dir='ltr'><strong>θεός.</strong></span> <span class='ocrx_word' id='word_1_125' title='bbox 468 2091 606 2176; x_wconf 80' lang='grc' dir='ltr'><strong>ἀγένητον</strong></span> <span class='ocrx_word' id='word_1_126' title='bbox 635 2092 668 2155; x_wconf 80' lang='grc' dir='ltr'><strong>δὲ</strong></span> <span class='ocrx_word' id='word_1_127' title='bbox 695 2091 837 2156; x_wconf 84' lang='grc' dir='ltr'><strong>ἐδείκνυεν</strong></span> <span class='ocrx_word' id='word_1_128' title='bbox 864 2093 898 2156; x_wconf 83' lang='grc' dir='ltr'><strong>ἐκ</strong></span> <span class='ocrx_word' id='word_1_129' title='bbox 925 2097 977 2156; x_wconf 81' lang='grc' dir='ltr'><strong>τοῦ</strong></span> <span class='ocrx_word' id='word_1_130' title='bbox 1003 2093 1061 2156; x_wconf 86' lang='grc' dir='ltr'><strong>δεῖν</strong></span> <span class='ocrx_word' id='word_1_131' title='bbox 1091 2092 1125 2155; x_wconf 88' lang='grc' dir='ltr'><strong>τδ</strong></span> <span class='ocrx_word' id='word_1_132' title='bbox 1151 2094 1297 2176; x_wconf 83' lang='grc' dir='ltr'><strong>γινόμενον</strong></span> <span class='ocrx_word' id='word_1_133' title='bbox 1325 2091 1345 2176; x_wconf 78' lang='grc' dir='ltr'><strong>ἢ</strong></span> <span class='ocrx_word' id='word_1_134' title='bbox 1375 2091 1530 2176; x_wconf 81' lang='grc' dir='ltr'><strong>ἑξὸμυίου</strong></span> <span class='ocrx_word' id='word_1_135' title='bbox 1552 2093 1574 2179; x_wconf 79' lang='grc' dir='ltr'>ἡ</span> <span class='ocrx_word' id='word_1_136' title='bbox 1599 2091 1631 2162; x_wconf 84' lang='grc' dir='ltr'><strong>ἐξ</strong></span> <span class='ocrx_word' id='word_1_137' title='bbox 1653 2093 1714 2156; x_wconf 78' lang='grc' dir='ltr'><strong>σἰνο</strong></span> 
     </span>
     <span class='ocr_line' id='line_1_14' title="bbox 347 2193 1715 2281; baseline 0 -25"><span class='ocrx_word' id='word_1_138' title='bbox 347 2194 431 2278; x_wconf 90' lang='grc' dir='ltr'><strong>μυίου</strong></span> <span class='ocrx_word' id='word_1_139' title='bbox 460 2193 619 2278; x_wconf 85' lang='grc' dir='ltr'><strong>γίγνεσδαι·</strong></span> <span class='ocrx_word' id='word_1_140' title='bbox 647 2193 722 2258; x_wconf 82' lang='grc' dir='ltr'><strong>ἀλλὰ</strong></span> <span class='ocrx_word' id='word_1_141' title='bbox 747 2194 780 2257; x_wconf 90' lang='grc' dir='ltr'><strong>τδ</strong></span> <span class='ocrx_word' id='word_1_142' title='bbox 809 2195 861 2276; x_wconf 71' lang='grc' dir='ltr'><strong>μὲν</strong></span> <span class='ocrx_word' id='word_1_143' title='bbox 888 2195 988 2278; x_wconf 85' lang='grc' dir='ltr'><strong>ὅμοιον</strong></span> <span class='ocrx_word' id='word_1_144' title='bbox 1011 2195 1125 2266; x_wconf 73' lang='grc' dir='ltr'><strong>ἀπαθές</strong></span> <span class='ocrx_word' id='word_1_145' title='bbox 1146 2217 1233 2281; x_wconf 85' lang='grc' dir='ltr'><strong>φησιν</strong></span> <span class='ocrx_word' id='word_1_146' title='bbox 1256 2195 1313 2260; x_wconf 83' lang='grc' dir='ltr'><strong>ὑπὸ</strong></span> <span class='ocrx_word' id='word_1_147' title='bbox 1334 2199 1387 2259; x_wconf 79' lang='grc' dir='ltr'><strong>τοῦ</strong></span> <span class='ocrx_word' id='word_1_148' title='bbox 1409 2196 1527 2278; x_wconf 90' lang='grc' dir='ltr'><strong>ὁμοίου·</strong></span> <span class='ocrx_word' id='word_1_149' title='bbox 1552 2196 1641 2260; x_wconf 85' lang='grc' dir='ltr'><strong>οδδὲν</strong></span> <span class='ocrx_word' id='word_1_150' title='bbox 1662 2195 1715 2278; x_wconf 79' lang='grc' dir='ltr'><strong>γὰρ</strong></span> 
     </span>
     <span class='ocr_line' id='line_1_15' title="bbox 346 2297 1714 2382; baseline -0.002 -21"><span class='ocrx_word' id='word_1_151' title='bbox 346 2301 456 2381; x_wconf 82' lang='grc' dir='ltr'><strong>μᾶλλον</strong></span> <span class='ocrx_word' id='word_1_152' title='bbox 483 2301 581 2382; x_wconf 84' lang='grc' dir='ltr'><strong>γεννᾶν</strong></span> <span class='ocrx_word' id='word_1_153' title='bbox 604 2297 624 2382; x_wconf 81' lang='grc' dir='ltr'>ἣ</span> <span class='ocrx_word' id='word_1_154' title='bbox 647 2298 801 2379; x_wconf 78' lang='grc' dir='ltr'><strong>γεννᾶσθαι</strong></span> <span class='ocrx_word' id='word_1_155' title='bbox 824 2301 965 2382; x_wconf 88' lang='grc' dir='ltr'><strong>προσήκει</strong></span> <span class='ocrx_word' id='word_1_156' title='bbox 986 2298 1020 2361; x_wconf 90' lang='grc' dir='ltr'><strong>τδ</strong></span> <span class='ocrx_word' id='word_1_157' title='bbox 1043 2299 1142 2382; x_wconf 89' lang='grc' dir='ltr'><strong>όμοιον</strong></span> <span class='ocrx_word' id='word_1_158' title='bbox 1166 2299 1199 2363; x_wconf 76' lang='grc' dir='ltr'><strong>ἐκ</strong></span> <span class='ocrx_word' id='word_1_159' title='bbox 1221 2303 1273 2362; x_wconf 82' lang='grc' dir='ltr'><strong>τυδ</strong></span> <span class='ocrx_word' id='word_1_160' title='bbox 1296 2299 1411 2381; x_wconf 90' lang='grc' dir='ltr'><strong>ὁμοίου·</strong></span> <span class='ocrx_word' id='word_1_161' title='bbox 1433 2297 1552 2367; x_wconf 68' lang='lat' dir='ltr'><strong>cittii</strong></span> <span class='ocrx_word' id='word_1_162' title='bbox 1574 2297 1714 2380; x_wconf 79' lang='grc' dir='ltr'><strong>ἀνομοίου</strong></span> 
     </span>
     <span class='ocr_line' id='line_1_16' title="bbox 344 2397 1713 2485; baseline -0.004 -20"><span class='ocrx_word' id='word_1_163' title='bbox 344 2401 468 2485; x_wconf 76' lang='grc' dir='ltr'><strong>γίνοιτο,</strong></span> <span class='ocrx_word' id='word_1_164' title='bbox 497 2398 578 2464; x_wconf 84' lang='grc' dir='ltr'><strong>ἔσται</strong></span> <span class='ocrx_word' id='word_1_165' title='bbox 605 2398 638 2461; x_wconf 85' lang='grc' dir='ltr'><strong>τὸ</strong></span> <span class='ocrx_word' id='word_1_166' title='bbox 667 2400 698 2464; x_wconf 88' lang='grc' dir='ltr'><strong>δν</strong></span> <span class='ocrx_word' id='word_1_167' title='bbox 724 2401 758 2465; x_wconf 81' lang='grc' dir='ltr'><strong>ἐκ</strong></span> <span class='ocrx_word' id='word_1_168' title='bbox 787 2406 838 2464; x_wconf 82' lang='grc' dir='ltr'><strong>τοῦ</strong></span> <span class='ocrx_word' id='word_1_169' title='bbox 866 2402 906 2484; x_wconf 84' lang='grc' dir='ltr'><strong>μὴ</strong></span> <span class='ocrx_word' id='word_1_170' title='bbox 929 2398 1020 2470; x_wconf 86' lang='grc' dir='ltr'><strong>ὄντος.</strong></span> <span class='ocrx_word' id='word_1_171' title='bbox 1058 2401 1107 2464; x_wconf 87' lang='grc' dir='ltr'><strong>καὶ</strong></span> <span class='ocrx_word' id='word_1_172' title='bbox 1130 2401 1223 2471; x_wconf 76' lang='grc' dir='ltr'><strong>οὕτως</strong></span> <span class='ocrx_word' id='word_1_173' title='bbox 1243 2400 1380 2485; x_wconf 83' lang='grc' dir='ltr'><strong>ἀγένητον</strong></span> <span class='ocrx_word' id='word_1_174' title='bbox 1402 2401 1450 2466; x_wconf 80' lang='grc' dir='ltr'><strong>καὶ</strong></span> <span class='ocrx_word' id='word_1_175' title='bbox 1472 2402 1564 2465; x_wconf 81' lang='grc' dir='ltr'><strong>ἀίδιον</strong></span> <span class='ocrx_word' id='word_1_176' title='bbox 1592 2397 1713 2463; x_wconf 85' lang='grc' dir='ltr'><strong>ἐδείκνυ.</strong></span> 
     </span>
     <span class='ocr_line' id='line_1_17' title="bbox 308 2499 1714 2589; baseline -0.006 -19"><span class='ocrx_word' id='word_1_177' title='bbox 308 2530 331 2570; x_wconf 86' lang='grc' dir='ltr'><strong>ιι</strong></span> <span class='ocrx_word' id='word_1_178' title='bbox 349 2503 416 2568; x_wconf 88' lang='grc' dir='ltr'><strong>υότε</strong></span> <span class='ocrx_word' id='word_1_179' title='bbox 442 2504 476 2567; x_wconf 76' lang='grc' dir='ltr'><strong>δὲ</strong></span> <span class='ocrx_word' id='word_1_180' title='bbox 501 2501 619 2586; x_wconf 83' lang='grc' dir='ltr'><strong>ἄπειρον</strong></span> <span class='ocrx_word' id='word_1_181' title='bbox 647 2501 715 2566; x_wconf 85' lang='grc' dir='ltr'><strong>οὔτε</strong></span> <span class='ocrx_word' id='word_1_182' title='bbox 742 2503 958 2589; x_wconf 75' lang='grc' dir='ltr'><strong>πεπερασμένον</strong></span> <span class='ocrx_word' id='word_1_183' title='bbox 980 2501 1068 2582; x_wconf 78' lang='grc' dir='ltr'><strong>εἶναι,</strong></span> <span class='ocrx_word' id='word_1_184' title='bbox 1096 2503 1168 2567; x_wconf 81' lang='grc' dir='ltr'><strong>διότι</strong></span> <span class='ocrx_word' id='word_1_185' title='bbox 1190 2503 1308 2589; x_wconf 81' lang='grc' dir='ltr'><strong>ἄπειρον</strong></span> <span class='ocrx_word' id='word_1_186' title='bbox 1331 2505 1383 2588; x_wconf 80' lang='grc' dir='ltr'><strong>μὲν</strong></span> <span class='ocrx_word' id='word_1_187' title='bbox 1405 2503 1438 2567; x_wconf 88' lang='grc' dir='ltr'><strong>τδ</strong></span> <span class='ocrx_word' id='word_1_188' title='bbox 1462 2503 1503 2588; x_wconf 79' lang='grc' dir='ltr'><strong>μὴ</strong></span> <span class='ocrx_word' id='word_1_189' title='bbox 1527 2503 1560 2568; x_wconf 86' lang='grc' dir='ltr'><strong>δν</strong></span> <span class='ocrx_word' id='word_1_190' title='bbox 1584 2506 1628 2573; x_wconf 79' lang='grc' dir='ltr'><strong>ὡς</strong></span> <span class='ocrx_word' id='word_1_191' title='bbox 1649 2499 1714 2564; x_wconf 86' lang='grc' dir='ltr'><strong>οὔτε</strong></span> 
     </span>
     <span class='ocr_line' id='line_1_18' title="bbox 203 2591 1712 2692; baseline -0.002 -22"><span class='ocrx_word' id='word_1_192' title='bbox 203 2591 208 2594; x_wconf 39' lang='grc'><strong>’</strong></span> <span class='ocrx_word' id='word_1_193' title='bbox 346 2607 442 2692; x_wconf 83' lang='grc' dir='ltr'><strong>ἀρχὴν</strong></span> <span class='ocrx_word' id='word_1_194' title='bbox 465 2604 535 2692; x_wconf 85' lang='grc' dir='ltr'><strong>ἔχον</strong></span> <span class='ocrx_word' id='word_1_195' title='bbox 558 2603 625 2668; x_wconf 82' lang='grc' dir='ltr'><strong>οὔτε</strong></span> <span class='ocrx_word' id='word_1_196' title='bbox 648 2605 736 2687; x_wconf 76' lang='grc' dir='ltr'><strong>μέσον</strong></span> <span class='ocrx_word' id='word_1_197' title='bbox 758 2603 826 2668; x_wconf 83' lang='grc' dir='ltr'><strong>οὔτε</strong></span> <span class='ocrx_word' id='word_1_198' title='bbox 846 2605 942 2675; x_wconf 83' lang='grc' dir='ltr'><strong>τέλος·</strong></span> <span class='ocrx_word' id='word_1_199' title='bbox 969 2605 1112 2690; x_wconf 86' lang='grc' dir='ltr'><strong>περαίνειν</strong></span> <span class='ocrx_word' id='word_1_200' title='bbox 1135 2607 1168 2670; x_wconf 80' lang='grc' dir='ltr'><strong>δὲ</strong></span> <span class='ocrx_word' id='word_1_201' title='bbox 1190 2607 1262 2692; x_wconf 85' lang='grc' dir='ltr'><strong>πρὸς</strong></span> <span class='ocrx_word' id='word_1_202' title='bbox 1284 2605 1398 2690; x_wconf 75' lang='grc' dir='ltr'><strong>ἄλληλα</strong></span> <span class='ocrx_word' id='word_1_203' title='bbox 1418 2606 1455 2670; x_wconf 79' lang='grc' dir='ltr'><strong>τὰ</strong></span> <span class='ocrx_word' id='word_1_204' title='bbox 1476 2605 1579 2670; x_wconf 86' lang='grc' dir='ltr'><strong>πλείω.</strong></span> <span class='ocrx_word' id='word_1_205' title='bbox 1625 2626 1712 2688; x_wconf 84' lang='grc' dir='ltr'><strong>παρα-</strong></span> 
     </span>
     <span class='ocr_line' id='line_1_19' title="bbox 346 2703 1712 2794; baseline -0.005 -22"><span class='ocrx_word' id='word_1_206' title='bbox 346 2708 479 2793; x_wconf 86' lang='grc' dir='ltr'><strong>πλησίως</strong></span> <span class='ocrx_word' id='word_1_207' title='bbox 501 2708 534 2772; x_wconf 76' lang='grc' dir='ltr'><strong>δὲ</strong></span> <span class='ocrx_word' id='word_1_208' title='bbox 556 2709 604 2771; x_wconf 87' lang='grc' dir='ltr'><strong>καὶ</strong></span> <span class='ocrx_word' id='word_1_209' title='bbox 626 2709 679 2792; x_wconf 75' lang='grc' dir='ltr'><strong>την</strong></span> <span class='ocrx_word' id='word_1_210' title='bbox 701 2706 811 2791; x_wconf 88' lang='grc' dir='ltr'><strong>κίνησιν</strong></span> <span class='ocrx_word' id='word_1_211' title='bbox 834 2707 954 2793; x_wconf 83' lang='grc' dir='ltr'><strong>ἀφαιρεῖ</strong></span> <span class='ocrx_word' id='word_1_212' title='bbox 974 2708 1022 2772; x_wconf 79' lang='grc' dir='ltr'><strong>καί</strong></span> <span class='ocrx_word' id='word_1_213' title='bbox 1044 2709 1096 2792; x_wconf 78' lang='grc' dir='ltr'><strong>την</strong></span> <span class='ocrx_word' id='word_1_214' title='bbox 1118 2707 1253 2794; x_wconf 73' lang='grc' dir='ltr'><strong>ἠρεμίαν·</strong></span> <span class='ocrx_word' id='word_1_215' title='bbox 1277 2708 1411 2793; x_wconf 87' lang='grc' dir='ltr'><strong>ἀκίνητον</strong></span> <span class='ocrx_word' id='word_1_216' title='bbox 1434 2709 1486 2792; x_wconf 79' lang='grc' dir='ltr'><strong>μὲν</strong></span> <span class='ocrx_word' id='word_1_217' title='bbox 1508 2708 1564 2794; x_wconf 85' lang='grc' dir='ltr'><strong>γδρ</strong></span> <span class='ocrx_word' id='word_1_218' title='bbox 1587 2707 1662 2773; x_wconf 80' lang='grc' dir='ltr'><strong>εἶναι</strong></span> <span class='ocrx_word' id='word_1_219' title='bbox 1680 2703 1712 2766; x_wconf 88' lang='grc' dir='ltr'><strong>τὸ</strong></span> 
     </span>
    </p>
   </div>
   <div class='ocr_carea' id='block_1_4' title="bbox 344 2925 1712 5014">
    <p class='ocr_par' dir='ltr' id='par_1_4' title="bbox 345 2925 1712 3440">
     <span class='ocr_line' id='line_1_20' title="bbox 349 2925 1711 3004; baseline 0 -18"><span class='ocrx_word' id='word_1_220' title='bbox 349 2933 362 2986; x_wconf 99' lang='grc'><strong>1</strong></span> <span class='ocrx_word' id='word_1_221' title='bbox 382 2933 464 3004; x_wconf 88' lang='grc' dir='ltr'><strong>φίρειν</strong></span> <span class='ocrx_word' id='word_1_222' title='bbox 482 2931 544 2986; x_wconf 84' lang='grc' dir='ltr'><strong>ίδιον</strong></span> <span class='ocrx_word' id='word_1_223' title='bbox 563 2935 596 2986; x_wconf 85' lang='lat' dir='ltr'><strong>ci.</strong></span> <span class='ocrx_word' id='word_1_224' title='bbox 615 2935 650 2984; x_wconf 81' lang='lat' dir='ltr'><strong>cd</strong></span> <span class='ocrx_word' id='word_1_225' title='bbox 667 2934 799 3000; x_wconf 80' lang='lat' dir='ltr'><strong>Theophr.</strong></span> <span class='ocrx_word' id='word_1_226' title='bbox 818 2935 843 2984; x_wconf 90' lang='lat' dir='ltr'><strong>d.</strong></span> <span class='ocrx_word' id='word_1_227' title='bbox 862 2949 928 2984; x_wconf 78' lang='lat' dir='ltr'><strong>sens.</strong></span> <span class='ocrx_word' id='word_1_228' title='bbox 941 2927 1001 2998; x_wconf 77' lang='grc'><strong>3711</strong></span> <span class='ocrx_word' id='word_1_229' title='bbox 1053 2929 1090 2984; x_wconf 77' lang='grc' dir='ltr'><strong>ὢν</strong></span> <span class='ocrx_word' id='word_1_230' title='bbox 1107 2934 1219 2991; x_wconf 77' lang='grc' dir='ltr'><strong>τοιοῦτος</strong></span> <span class='ocrx_word' id='word_1_231' title='bbox 1237 2931 1283 3003; x_wconf 83' lang='grc' dir='ltr'><strong>τίη.</strong></span> <span class='ocrx_word' id='word_1_232' title='bbox 1301 2937 1377 2986; x_wconf 81' lang='grc' dir='ltr'><strong>τοῦτο</strong></span> <span class='ocrx_word' id='word_1_233' title='bbox 1395 2933 1442 3004; x_wconf 78' lang='grc' dir='ltr'><strong>γὰρ</strong></span> <span class='ocrx_word' id='word_1_234' title='bbox 1459 2930 1518 2986; x_wconf 83' lang='grc' dir='ltr'><strong>δεὸν</strong></span> <span class='ocrx_word' id='word_1_235' title='bbox 1535 2933 1582 2986; x_wconf 80' lang='grc' dir='ltr'><strong>καὶ</strong></span> <span class='ocrx_word' id='word_1_236' title='bbox 1594 2929 1657 2986; x_wconf 75' lang='grc' dir='ltr'><strong>δευῦ</strong></span> <span class='ocrx_word' id='word_1_237' title='bbox 1673 2925 1711 2980; x_wconf 66' lang='grc' dir='ltr'><strong>δί·</strong></span> 
     </span>
     <span class='ocr_line' id='line_1_21' title="bbox 346 3013 1712 3090; baseline -0.003 -18"><span class='ocrx_word' id='word_1_238' title='bbox 346 3024 543 3087; x_wconf 77' lang='grc' dir='ltr'><strong>Τὸεομδταειεε</strong></span> <span class='ocrx_word' id='word_1_239' title='bbox 561 3021 626 3072; x_wconf 75' lang='lat' dir='ltr'><strong>haec</strong></span> <span class='ocrx_word' id='word_1_240' title='bbox 645 3037 704 3072; x_wconf 82' lang='lat' dir='ltr'><strong>cssc</strong></span> <span class='ocrx_word' id='word_1_241' title='bbox 720 3029 826 3086; x_wconf 70' lang='lat' dir='ltr'><strong>apparet</strong></span> <span class='ocrx_word' id='word_1_242' title='bbox 844 3037 877 3071; x_wconf 81' lang='lat' dir='ltr'><strong>cx</strong></span> <span class='ocrx_word' id='word_1_243' title='bbox 895 3021 1002 3085; x_wconf 84' lang='lat' dir='ltr'><strong>Hippoi.</strong></span> <span class='ocrx_word' id='word_1_244' title='bbox 1053 3037 1126 3088; x_wconf 88' lang='grc' dir='ltr'><strong>ναμιν</strong></span> <span class='ocrx_word' id='word_1_245' title='bbox 1144 3017 1204 3072; x_wconf 79' lang='grc' dir='ltr'><strong>εἶναι</strong></span> <span class='ocrx_word' id='word_1_246' title='bbox 1221 3024 1329 3090; x_wconf 80' lang='grc' dir='ltr'><strong>κρατεῖν,</strong></span> <span class='ocrx_word' id='word_1_247' title='bbox 1348 3019 1411 3074; x_wconf 79' lang='grc' dir='ltr'><strong>ἀλλὰ</strong></span> <span class='ocrx_word' id='word_1_248' title='bbox 1433 3021 1470 3090; x_wconf 80' lang='grc' dir='ltr'><strong>μὴ</strong></span> <span class='ocrx_word' id='word_1_249' title='bbox 1496 3017 1654 3090; x_wconf 82' lang='grc' dir='ltr'><strong>κρατεῖσδαι,</strong></span> <span class='ocrx_word' id='word_1_250' title='bbox 1671 3013 1712 3068; x_wconf 80' lang='grc' dir='ltr'><strong>καί</strong></span> 
     </span>
     <span class='ocr_line' id='line_1_22' title="bbox 347 3103 1711 3179; baseline -0.001 -17"><span class='ocrx_word' id='word_1_251' title='bbox 347 3109 387 3162; x_wconf 87' lang='grc'><strong>91</strong></span> <span class='ocrx_word' id='word_1_252' title='bbox 414 3105 487 3166; x_wconf 73' lang='grc' dir='ltr'><strong>οὗτος</strong></span> <span class='ocrx_word' id='word_1_253' title='bbox 515 3107 563 3179; x_wconf 72' lang='grc' dir='ltr'><strong>ἔφη</strong></span> <span class='ocrx_word' id='word_1_254' title='bbox 590 3108 637 3177; x_wconf 76' lang='grc' dir='ltr'><strong>την</strong></span> <span class='ocrx_word' id='word_1_255' title='bbox 660 3105 725 3176; x_wconf 88' lang='grc' dir='ltr'><strong>μῖξιν</strong></span> <span class='ocrx_word' id='word_1_256' title='bbox 752 3111 798 3176; x_wconf 79' lang='grc' dir='ltr'><strong>τῆς</strong></span> <span class='ocrx_word' id='word_1_257' title='bbox 825 3103 886 3176; x_wconf 80' lang='grc' dir='ltr'><strong>ὖλης</strong></span> <span class='ocrx_word' id='word_1_258' title='bbox 909 3104 1003 3174; x_wconf 81' lang='grc' dir='ltr'><strong>ὁμοίως</strong></span> <span class='ocrx_word' id='word_1_259' title='bbox 1052 3107 1153 3160; x_wconf 82' lang='grc' dir='ltr'><strong>πάντων</strong></span> <span class='ocrx_word' id='word_1_260' title='bbox 1177 3109 1308 3177; x_wconf 83' lang='grc' dir='ltr'><strong>κράτιστον</strong></span> <span class='ocrx_word' id='word_1_261' title='bbox 1332 3107 1392 3162; x_wconf 76' lang='grc' dir='ltr'><strong>εἶναι</strong></span> <span class='ocrx_word' id='word_1_262' title='bbox 1416 3106 1430 3176; x_wconf 80' lang='grc' dir='ltr'><strong>ΙΙ</strong></span> <span class='ocrx_word' id='word_1_263' title='bbox 1456 3108 1489 3161; x_wconf 87' lang='lat'><strong>10</strong></span> <span class='ocrx_word' id='word_1_264' title='bbox 1512 3106 1609 3176; x_wconf 80' lang='grc' dir='ltr'><strong>ὁμοίως</strong></span> <span class='ocrx_word' id='word_1_265' title='bbox 1631 3106 1711 3156; x_wconf 66' lang='lat' dir='ltr'><strong>aDE:</strong></span> 
     </span>
     <span class='ocr_line' id='line_1_23' title="bbox 345 3191 1709 3267; baseline -0.003 -19"><span class='ocrx_word' id='word_1_266' title='bbox 345 3191 494 3264; x_wconf 77' lang='grc' dir='ltr'><strong>Ἀναξαγόρᾳ</strong></span> <span class='ocrx_word' id='word_1_267' title='bbox 521 3197 566 3254; x_wconf 87' lang='grc' dir='ltr'><strong>τάς</strong></span> <span class='ocrx_word' id='word_1_268' title='bbox 595 3215 622 3250; x_wconf 83' lang='grc' dir='ltr'><strong>τε</strong></span> <span class='ocrx_word' id='word_1_269' title='bbox 649 3195 728 3265; x_wconf 82' lang='grc' dir='ltr'><strong>ἀρχάς</strong></span> <span class='ocrx_word' id='word_1_270' title='bbox 758 3193 879 3252; x_wconf 83' lang='grc' dir='ltr'><strong>όισαίιτιυς</strong></span> <span class='ocrx_word' id='word_1_271' title='bbox 903 3191 917 3261; x_wconf 80' lang='grc' dir='ltr'><strong>ΙΙ</strong></span> <span class='ocrx_word' id='word_1_272' title='bbox 941 3193 1002 3246; x_wconf 91' lang='grc' dir='ltr'><strong>ἀπο·</strong></span> <span class='ocrx_word' id='word_1_273' title='bbox 1053 3195 1157 3264; x_wconf 87' lang='grc' dir='ltr'><strong>ἀνομοία</strong></span> <span class='ocrx_word' id='word_1_274' title='bbox 1173 3199 1195 3248; x_wconf 70' lang='lat' dir='ltr'><strong>l*</strong></span> <span class='ocrx_word' id='word_1_275' title='bbox 1212 3193 1225 3265; x_wconf 87' lang='grc' dir='ltr'><strong>ΙΙ</strong></span> <span class='ocrx_word' id='word_1_276' title='bbox 1240 3193 1359 3267; x_wconf 71' lang='grc' dir='ltr'><strong>ὑπάρχειν</strong></span> <span class='ocrx_word' id='word_1_277' title='bbox 1377 3196 1473 3265; x_wconf 83' lang='grc' dir='ltr'><strong>ἀνάγκη</strong></span> <span class='ocrx_word' id='word_1_278' title='bbox 1493 3197 1596 3248; x_wconf 68' lang='lat' dir='ltr'><strong>DEEt:</strong></span> <span class='ocrx_word' id='word_1_279' title='bbox 1616 3191 1709 3258; x_wconf 78' lang='grc' dir='ltr'><strong>ἀνάγκη</strong></span> 
     </span>
     <span class='ocr_line' id='line_1_24' title="bbox 346 3278 1711 3353; baseline 0 -19"><span class='ocrx_word' id='word_1_280' title='bbox 346 3281 444 3335; x_wconf 86' lang='grc' dir='ltr'><strong>δίδιυσιν</strong></span> <span class='ocrx_word' id='word_1_281' title='bbox 474 3283 584 3334; x_wconf 66' lang='lat' dir='ltr'><strong>olim</strong></span> <span class='ocrx_word' id='word_1_282' title='bbox 609 3293 637 3334; x_wconf 85' lang='lat' dir='ltr'><strong>ut</strong></span> <span class='ocrx_word' id='word_1_283' title='bbox 667 3286 813 3336; x_wconf 78' lang='lat' dir='ltr'><strong>coniecerat</strong></span> <span class='ocrx_word' id='word_1_284' title='bbox 833 3286 947 3336; x_wconf 81' lang='lat' dir='ltr'><strong>Usencr=</strong></span> <span class='ocrx_word' id='word_1_285' title='bbox 966 3279 1001 3334; x_wconf 89' lang='grc' dir='ltr'><strong>δί·</strong></span> <span class='ocrx_word' id='word_1_286' title='bbox 1053 3281 1173 3353; x_wconf 76' lang='grc' dir='ltr'><strong>ὑπάρχειν</strong></span> <span class='ocrx_word' id='word_1_287' title='bbox 1183 3287 1222 3336; x_wconf 73' lang='lat' dir='ltr'><strong>alt</strong></span> <span class='ocrx_word' id='word_1_288' title='bbox 1237 3281 1251 3351; x_wconf 72' lang='lat' dir='ltr'><strong>ll</strong></span> <span class='ocrx_word' id='word_1_289' title='bbox 1264 3288 1296 3338; x_wconf 82' lang='lat' dir='ltr'><strong>ci.</strong></span> <span class='ocrx_word' id='word_1_290' title='bbox 1315 3285 1419 3350; x_wconf 78' lang='lat' dir='ltr'><strong>[Arist]</strong></span> <span class='ocrx_word' id='word_1_291' title='bbox 1438 3303 1462 3352; x_wconf 86' lang='grc' dir='ltr'><strong>ρ.</strong></span> <span class='ocrx_word' id='word_1_292' title='bbox 1473 3282 1597 3339; x_wconf 71' lang='lat'><strong>9772152</strong></span> <span class='ocrx_word' id='word_1_293' title='bbox 1617 3278 1711 3346; x_wconf 66' lang='grc' dir='ltr'><strong>ἀνάγκη</strong></span> 
     </span>
     <span class='ocr_line' id='line_1_25' title="bbox 347 3361 1710 3440; baseline -0.005 -18"><span class='ocrx_word' id='word_1_294' title='bbox 347 3369 421 3422; x_wconf 82' lang='grc' dir='ltr'><strong>δαισιν</strong></span> <span class='ocrx_word' id='word_1_295' title='bbox 435 3387 452 3420; x_wconf 89' lang='grc' dir='ltr'><strong>α</strong></span> <span class='ocrx_word' id='word_1_296' title='bbox 468 3366 482 3437; x_wconf 76' lang='grc' dir='ltr'>Η</span> <span class='ocrx_word' id='word_1_297' title='bbox 496 3368 511 3420; x_wconf 80' lang='grc'>2</span> <span class='ocrx_word' id='word_1_298' title='bbox 527 3367 594 3422; x_wconf 80' lang='grc' dir='ltr'><strong>οὗτοι</strong></span> <span class='ocrx_word' id='word_1_299' title='bbox 607 3369 652 3437; x_wconf 75' lang='grc' dir='ltr'><strong>μὲν</strong></span> <span class='ocrx_word' id='word_1_300' title='bbox 671 3367 726 3422; x_wconf 89' lang='grc' dir='ltr'><strong>κτλ.</strong></span> <span class='ocrx_word' id='word_1_301' title='bbox 745 3373 777 3424; x_wconf 79' lang='lat' dir='ltr'><strong>cl.</strong></span> <span class='ocrx_word' id='word_1_302' title='bbox 796 3369 1002 3424; x_wconf 64' lang='grc' dir='ltr'><strong>Ζε11εε149211</strong></span> <span class='ocrx_word' id='word_1_303' title='bbox 1053 3369 1099 3440; x_wconf 82' lang='grc' dir='ltr'><strong>γάρ</strong></span> <span class='ocrx_word' id='word_1_304' title='bbox 1118 3369 1174 3440; x_wconf 75' lang='grc' dir='ltr'><strong>ἤτοι</strong></span> <span class='ocrx_word' id='word_1_305' title='bbox 1192 3367 1218 3431; x_wconf 81' lang='grc' dir='ltr'><strong>ἐξ</strong></span> <span class='ocrx_word' id='word_1_306' title='bbox 1237 3367 1323 3438; x_wconf 81' lang='grc' dir='ltr'><strong>ὁμοίου</strong></span> <span class='ocrx_word' id='word_1_307' title='bbox 1341 3368 1397 3440; x_wconf 74' lang='grc' dir='ltr'><strong>ἡέξ</strong></span> <span class='ocrx_word' id='word_1_308' title='bbox 1416 3371 1533 3439; x_wconf 87' lang='grc' dir='ltr'><strong>ἀνομοίου</strong></span> <span class='ocrx_word' id='word_1_309' title='bbox 1551 3365 1667 3440; x_wconf 78' lang='grc' dir='ltr'><strong>γενίσδαι</strong></span> <span class='ocrx_word' id='word_1_310' title='bbox 1683 3361 1710 3416; x_wconf 84' lang='grc' dir='ltr'><strong>τό</strong></span> 
     </span>
    </p>

    <p class='ocr_par' dir='ltr' id='par_1_5' title="bbox 344 3451 1710 5014">
     <span class='ocr_line' id='line_1_26' title="bbox 382 3451 1710 3529; baseline 0 -18"><span class='ocrx_word' id='word_1_311' title='bbox 382 3458 450 3511; x_wconf 85' lang='grc' dir='ltr'><strong>4ἀε</strong></span> <span class='ocrx_word' id='word_1_312' title='bbox 469 3459 518 3508; x_wconf 89' lang='lat' dir='ltr'><strong>hoc</strong></span> <span class='ocrx_word' id='word_1_313' title='bbox 536 3461 566 3510; x_wconf 85' lang='lat' dir='ltr'><strong>ir.</strong></span> <span class='ocrx_word' id='word_1_314' title='bbox 586 3460 618 3510; x_wconf 88' lang='lat' dir='ltr'><strong>ci.</strong></span> <span class='ocrx_word' id='word_1_315' title='bbox 636 3460 708 3510; x_wconf 80' lang='lat' dir='ltr'><strong>Ptol.</strong></span> <span class='ocrx_word' id='word_1_316' title='bbox 727 3477 752 3524; x_wconf 87' lang='lat' dir='ltr'><strong>p.</strong></span> <span class='ocrx_word' id='word_1_317' title='bbox 768 3457 880 3524; x_wconf 82' lang='lat' dir='ltr'><strong>109sqq.</strong></span> <span class='ocrx_word' id='word_1_318' title='bbox 900 3455 914 3526; x_wconf 89' lang='grc' dir='ltr'><strong>ΙΙ</strong></span> <span class='ocrx_word' id='word_1_319' title='bbox 935 3459 950 3511; x_wconf 84' lang='grc'><strong>7</strong></span> <span class='ocrx_word' id='word_1_320' title='bbox 969 3461 1001 3510; x_wconf 81' lang='lat' dir='ltr'><strong>ci.</strong></span> <span class='ocrx_word' id='word_1_321' title='bbox 1054 3457 1202 3527; x_wconf 87' lang='grc' dir='ltr'><strong>γιγνόμενον.</strong></span> <span class='ocrx_word' id='word_1_322' title='bbox 1236 3455 1338 3510; x_wconf 83' lang='grc' dir='ltr'><strong>δυνατόν</strong></span> <span class='ocrx_word' id='word_1_323' title='bbox 1361 3456 1387 3510; x_wconf 79' lang='lat' dir='ltr'><strong>ti</strong></span> <span class='ocrx_word' id='word_1_324' title='bbox 1410 3457 1550 3529; x_wconf 83' lang='grc' dir='ltr'><strong>οίιδίτερσν·</strong></span> <span class='ocrx_word' id='word_1_325' title='bbox 1579 3455 1638 3511; x_wconf 60' lang='grc' dir='ltr'><strong>οὔτε</strong></span> <span class='ocrx_word' id='word_1_326' title='bbox 1664 3451 1710 3522; x_wconf 65' lang='grc' dir='ltr'><strong>γάρ</strong></span> 
     </span>
     <span class='ocr_line' id='line_1_27' title="bbox 348 3537 1709 3616; baseline -0.001 -18"><span class='ocrx_word' id='word_1_327' title='bbox 348 3549 486 3598; x_wconf 69' lang='lat' dir='ltr'><strong>scholiasta</strong></span> <span class='ocrx_word' id='word_1_328' title='bbox 516 3560 659 3610; x_wconf 75' lang='lat' dir='ltr'><strong>anonymus</strong></span> <span class='ocrx_word' id='word_1_329' title='bbox 685 3548 856 3611; x_wconf 82' lang='lat' dir='ltr'><strong>Physicornm</strong></span> <span class='ocrx_word' id='word_1_330' title='bbox 886 3550 914 3598; x_wconf 93' lang='lat' dir='ltr'><strong>in</strong></span> <span class='ocrx_word' id='word_1_331' title='bbox 944 3549 1002 3598; x_wconf 87' lang='lat' dir='ltr'><strong>cod.</strong></span> <span class='ocrx_word' id='word_1_332' title='bbox 1054 3541 1139 3613; x_wconf 86' lang='grc' dir='ltr'><strong>όμυιον</strong></span> <span class='ocrx_word' id='word_1_333' title='bbox 1157 3543 1197 3615; x_wconf 74' lang='grc' dir='ltr'><strong>ὑφ’</strong></span> <span class='ocrx_word' id='word_1_334' title='bbox 1218 3543 1305 3614; x_wconf 89' lang='grc' dir='ltr'><strong>ὁμοίου</strong></span> <span class='ocrx_word' id='word_1_335' title='bbox 1322 3545 1457 3616; x_wconf 78' lang='grc' dir='ltr'><strong>προσήκειν</strong></span> <span class='ocrx_word' id='word_1_336' title='bbox 1469 3542 1630 3616; x_wconf 73' lang='grc' dir='ltr'><strong>τεκνωθῆναι</strong></span> <span class='ocrx_word' id='word_1_337' title='bbox 1647 3537 1709 3610; x_wconf 60' lang='lat' dir='ltr'><strong>pal·</strong></span> 
     </span>
     <span class='ocr_line' id='line_1_28' title="bbox 346 3629 1708 3704; baseline 0.001 -18"><span class='ocrx_word' id='word_1_338' title='bbox 346 3637 429 3686; x_wconf 78' lang='lat' dir='ltr'><strong>Paris.</strong></span> <span class='ocrx_word' id='word_1_339' title='bbox 449 3631 517 3685; x_wconf 81' lang='lat'>1947</span> <span class='ocrx_word' id='word_1_340' title='bbox 541 3634 558 3683; x_wconf 83' lang='lat' dir='ltr'><strong>f.</strong></span> <span class='ocrx_word' id='word_1_341' title='bbox 575 3632 619 3694; x_wconf 68' lang='lat' dir='ltr'><strong>ll,</strong></span> <span class='ocrx_word' id='word_1_342' title='bbox 645 3637 689 3697; x_wconf 89' lang='lat' dir='ltr'><strong>qui</strong></span> <span class='ocrx_word' id='word_1_343' title='bbox 707 3634 875 3700; x_wconf 71' lang='lat' dir='ltr'><strong>Simplicium</strong></span> <span class='ocrx_word' id='word_1_344' title='bbox 896 3637 1002 3685; x_wconf 83' lang='lat' dir='ltr'><strong>circum-</strong></span> <span class='ocrx_word' id='word_1_345' title='bbox 1054 3629 1097 3684; x_wconf 87' lang='grc' dir='ltr'><strong>λον</strong></span> <span class='ocrx_word' id='word_1_346' title='bbox 1119 3631 1136 3701; x_wconf 75' lang='grc' dir='ltr'>ἢ</span> <span class='ocrx_word' id='word_1_347' title='bbox 1159 3637 1291 3686; x_wconf 82' lang='grc' dir='ltr'><strong>τεκνῶσαι.</strong></span> <span class='ocrx_word' id='word_1_348' title='bbox 1315 3637 1396 3686; x_wconf 83' lang='grc' dir='ltr'><strong>ταῦτα</strong></span> <span class='ocrx_word' id='word_1_349' title='bbox 1417 3633 1464 3704; x_wconf 84' lang='grc' dir='ltr'><strong>γάρ</strong></span> <span class='ocrx_word' id='word_1_350' title='bbox 1486 3631 1585 3686; x_wconf 77' lang='grc' dir='ltr'><strong>ἅπαντα</strong></span> <span class='ocrx_word' id='word_1_351' title='bbox 1610 3633 1661 3687; x_wconf 75' lang='grc' dir='ltr'><strong>τοῖς</strong></span> <span class='ocrx_word' id='word_1_352' title='bbox 1682 3641 1708 3693; x_wconf 71' lang='grc' dir='ltr'><strong>Τί</strong></span> 
     </span>
     <span class='ocr_line' id='line_1_29' title="bbox 347 3713 1708 3792; baseline -0.001 -20"><span class='ocrx_word' id='word_1_353' title='bbox 347 3723 436 3772; x_wconf 77' lang='lat' dir='ltr'><strong>scribit</strong></span> <span class='ocrx_word' id='word_1_354' title='bbox 453 3719 497 3770; x_wconf 84' lang='grc' dir='ltr'><strong>καὶ</strong></span> <span class='ocrx_word' id='word_1_355' title='bbox 516 3715 567 3768; x_wconf 78' lang='grc' dir='ltr'><strong>ἔστι</strong></span> <span class='ocrx_word' id='word_1_356' title='bbox 585 3718 629 3769; x_wconf 82' lang='grc' dir='ltr'><strong>καὶ</strong></span> <span class='ocrx_word' id='word_1_357' title='bbox 650 3715 714 3789; x_wconf 74' lang='grc' dir='ltr'><strong>αὕτη</strong></span> <span class='ocrx_word' id='word_1_358' title='bbox 733 3719 749 3790; x_wconf 78' lang='grc' dir='ltr'><strong>η</strong></span> <span class='ocrx_word' id='word_1_359' title='bbox 768 3717 828 3780; x_wconf 87' lang='grc' dir='ltr'><strong>δόξα</strong></span> <span class='ocrx_word' id='word_1_360' title='bbox 840 3717 870 3772; x_wconf 77' lang='lat' dir='ltr'><strong>cit</strong></span> <span class='ocrx_word' id='word_1_361' title='bbox 882 3721 939 3790; x_wconf 83' lang='grc' dir='ltr'><strong>περὶ</strong></span> <span class='ocrx_word' id='word_1_362' title='bbox 951 3725 1004 3772; x_wconf 85' lang='grc' dir='ltr'><strong>τῶν</strong></span> <span class='ocrx_word' id='word_1_363' title='bbox 1054 3716 1115 3778; x_wconf 87' lang='grc' dir='ltr'><strong>ίσοις</strong></span> <span class='ocrx_word' id='word_1_364' title='bbox 1136 3720 1180 3772; x_wconf 78' lang='grc' dir='ltr'><strong>καὶ</strong></span> <span class='ocrx_word' id='word_1_365' title='bbox 1198 3717 1292 3788; x_wconf 84' lang='grc' dir='ltr'><strong>ὁμοίοις</strong></span> <span class='ocrx_word' id='word_1_366' title='bbox 1316 3719 1364 3792; x_wconf 83' lang='grc' dir='ltr'><strong>σίνχ</strong></span> <span class='ocrx_word' id='word_1_367' title='bbox 1387 3719 1507 3792; x_wconf 81' lang='grc' dir='ltr'><strong>ὁπάργειν</strong></span> <span class='ocrx_word' id='word_1_368' title='bbox 1525 3719 1587 3790; x_wconf 88' lang='grc' dir='ltr'><strong>πρδς</strong></span> <span class='ocrx_word' id='word_1_369' title='bbox 1606 3713 1708 3785; x_wconf 72' lang='grc' dir='ltr'><strong>ἀλληλα-</strong></span> 
     </span>
     <span class='ocr_line' id='line_1_30' title="bbox 346 3802 1708 3877; baseline -0.001 -19"><span class='ocrx_word' id='word_1_370' title='bbox 346 3811 470 3876; x_wconf 86' lang='grc' dir='ltr'><strong>φυσικῶν,</strong></span> <span class='ocrx_word' id='word_1_371' title='bbox 488 3802 552 3856; x_wconf 82' lang='grc' dir='ltr'><strong>ἀλλὰ</strong></span> <span class='ocrx_word' id='word_1_372' title='bbox 564 3805 619 3874; x_wconf 77' lang='grc' dir='ltr'><strong>περὶ</strong></span> <span class='ocrx_word' id='word_1_373' title='bbox 632 3808 678 3856; x_wconf 79' lang='grc' dir='ltr'><strong>τοῦ</strong></span> <span class='ocrx_word' id='word_1_374' title='bbox 689 3802 749 3860; x_wconf 73' lang='lat' dir='ltr'><strong>leot</strong></span> <span class='ocrx_word' id='word_1_375' title='bbox 763 3809 794 3858; x_wconf 82' lang='lat' dir='ltr'><strong>ci.</strong></span> <span class='ocrx_word' id='word_1_376' title='bbox 808 3809 879 3860; x_wconf 83' lang='lat' dir='ltr'><strong>Prol.</strong></span> <span class='ocrx_word' id='word_1_377' title='bbox 898 3811 915 3859; x_wconf 95' lang='lat' dir='ltr'><strong>l.</strong></span> <span class='ocrx_word' id='word_1_378' title='bbox 927 3825 948 3859; x_wconf 88' lang='lat' dir='ltr'><strong>c.</strong></span> <span class='ocrx_word' id='word_1_379' title='bbox 961 3805 1004 3876; x_wconf 68' lang='lat'><strong>{18</strong></span> <span class='ocrx_word' id='word_1_380' title='bbox 1055 3802 1105 3858; x_wconf 76' lang='grc' dir='ltr'><strong>οὔτ’</strong></span> <span class='ocrx_word' id='word_1_381' title='bbox 1134 3804 1164 3858; x_wconf 82' lang='grc' dir='ltr'><strong>ἂν</strong></span> <span class='ocrx_word' id='word_1_382' title='bbox 1187 3804 1213 3866; x_wconf 77' lang='grc' dir='ltr'><strong>ἐξ</strong></span> <span class='ocrx_word' id='word_1_383' title='bbox 1236 3807 1353 3877; x_wconf 87' lang='grc' dir='ltr'><strong>ἀνομοίου</strong></span> <span class='ocrx_word' id='word_1_384' title='bbox 1370 3807 1501 3877; x_wconf 84' lang='grc' dir='ltr'><strong>τάνόμοιον</strong></span> <span class='ocrx_word' id='word_1_385' title='bbox 1519 3804 1634 3876; x_wconf 81' lang='grc' dir='ltr'><strong>γενίσδαι</strong></span> <span class='ocrx_word' id='word_1_386' title='bbox 1652 3841 1659 3856; x_wconf 92' lang='grc'><strong>.</strong></span> <span class='ocrx_word' id='word_1_387' title='bbox 1678 3839 1684 3852; x_wconf 86' lang='lat'><strong>·</strong></span> <span class='ocrx_word' id='word_1_388' title='bbox 1702 3835 1708 3848; x_wconf 88' lang='lat'><strong>·</strong></span> 
     </span>
     <span class='ocr_line' id='line_1_31' title="bbox 346 3887 1707 3964; baseline -0.001 -18"><span class='ocrx_word' id='word_1_389' title='bbox 346 3891 474 3962; x_wconf 80' lang='grc' dir='ltr'><strong>πὸγὰρδν</strong></span> <span class='ocrx_word' id='word_1_390' title='bbox 484 3889 539 3944; x_wconf 91' lang='grc' dir='ltr'><strong>κτλ.</strong></span> <span class='ocrx_word' id='word_1_391' title='bbox 550 3909 583 3944; x_wconf 88' lang='lat' dir='ltr'><strong>cx</strong></span> <span class='ocrx_word' id='word_1_392' title='bbox 594 3894 1004 3948; x_wconf 76' lang='lat' dir='ltr'><strong>Aristotelisslmilitndlncad</strong></span> <span class='ocrx_word' id='word_1_393' title='bbox 1054 3890 1084 3944; x_wconf 84' lang='grc' dir='ltr'><strong>τό</strong></span> <span class='ocrx_word' id='word_1_394' title='bbox 1102 3890 1150 3944; x_wconf 70' lang='lat' dir='ltr'><strong>citt</strong></span> <span class='ocrx_word' id='word_1_395' title='bbox 1175 3889 1203 3943; x_wconf 86' lang='grc' dir='ltr'><strong>δν</strong></span> <span class='ocrx_word' id='word_1_396' title='bbox 1221 3891 1247 3954; x_wconf 71' lang='lat' dir='ltr'><strong>tt</strong></span> <span class='ocrx_word' id='word_1_397' title='bbox 1265 3892 1335 3953; x_wconf 78' lang='grc' dir='ltr'><strong>ὄντος</strong></span> <span class='ocrx_word' id='word_1_398' title='bbox 1357 3892 1387 3947; x_wconf 83' lang='grc' dir='ltr'><strong>δν</strong></span> <span class='ocrx_word' id='word_1_399' title='bbox 1404 3891 1526 3963; x_wconf 81' lang='grc' dir='ltr'><strong>γενίσδαι,</strong></span> <span class='ocrx_word' id='word_1_400' title='bbox 1544 3891 1606 3964; x_wconf 85' lang='grc' dir='ltr'><strong>όπερ</strong></span> <span class='ocrx_word' id='word_1_401' title='bbox 1625 3887 1707 3944; x_wconf 62' lang='grc' dir='ltr'><strong>ἀδόλε-</strong></span> 
     </span>
     <span class='ocr_line' id='line_1_32' title="bbox 347 3972 1705 4048; baseline -0.001 -16"><span class='ocrx_word' id='word_1_402' title='bbox 347 4001 371 4032; x_wconf 90' lang='grc' dir='ltr'><strong>ν.</strong></span> <span class='ocrx_word' id='word_1_403' title='bbox 384 3979 451 4033; x_wconf 88' lang='grc'><strong>1-3</strong></span> <span class='ocrx_word' id='word_1_404' title='bbox 469 3982 554 4030; x_wconf 77' lang='lat' dir='ltr'><strong>rettuli</strong></span> <span class='ocrx_word' id='word_1_405' title='bbox 572 3982 644 4032; x_wconf 89' lang='lat' dir='ltr'><strong>Prol.</strong></span> <span class='ocrx_word' id='word_1_406' title='bbox 662 4000 687 4046; x_wconf 89' lang='lat' dir='ltr'><strong>p.</strong></span> <span class='ocrx_word' id='word_1_407' title='bbox 700 3981 747 4033; x_wconf 89' lang='lat' dir='ltr'><strong>lll</strong></span> <span class='ocrx_word' id='word_1_408' title='bbox 768 3984 932 4047; x_wconf 73' lang='lat' dir='ltr'><strong>lntcllcgcnsz</strong></span> <span class='ocrx_word' id='word_1_409' title='bbox 951 3998 1003 4033; x_wconf 85' lang='grc' dir='ltr'><strong>σπι·</strong></span> <span class='ocrx_word' id='word_1_410' title='bbox 1055 3997 1106 4031; x_wconf 90' lang='grc' dir='ltr'><strong>τον.</strong></span> <span class='ocrx_word' id='word_1_411' title='bbox 1119 3978 1196 4031; x_wconf 87' lang='grc' dir='ltr'><strong>ἀίδιον</strong></span> <span class='ocrx_word' id='word_1_412' title='bbox 1208 3980 1253 4048; x_wconf 73' lang='grc' dir='ltr'><strong>μὲν</strong></span> <span class='ocrx_word' id='word_1_413' title='bbox 1263 3978 1306 4032; x_wconf 79' lang='grc' dir='ltr'><strong>σόν</strong></span> <span class='ocrx_word' id='word_1_414' title='bbox 1319 3980 1359 4034; x_wconf 77' lang='grc' dir='ltr'><strong>διὰ</strong></span> <span class='ocrx_word' id='word_1_415' title='bbox 1369 3983 1450 4033; x_wconf 77' lang='grc' dir='ltr'><strong>ταῦτα</strong></span> <span class='ocrx_word' id='word_1_416' title='bbox 1461 3979 1574 4034; x_wconf 83' lang='grc' dir='ltr'><strong>είναιτδν</strong></span> <span class='ocrx_word' id='word_1_417' title='bbox 1584 3977 1641 4034; x_wconf 78' lang='grc' dir='ltr'><strong>δεόν</strong></span> <span class='ocrx_word' id='word_1_418' title='bbox 1651 3973 1666 4045; x_wconf 81' lang='grc' dir='ltr'><strong>ΙΙ</strong></span> <span class='ocrx_word' id='word_1_419' title='bbox 1678 3972 1705 4025; x_wconf 88' lang='lat' dir='ltr'><strong>ll</strong></span> 
     </span>
     <span class='ocr_line' id='line_1_33' title="bbox 344 4058 1707 4136; baseline -0.001 -18"><span class='ocrx_word' id='word_1_420' title='bbox 344 4067 386 4118; x_wconf 80' lang='grc' dir='ltr'><strong>πίε</strong></span> <span class='ocrx_word' id='word_1_421' title='bbox 399 4077 525 4118; x_wconf 62' lang='lat' dir='ltr'><strong>nautam</strong></span> <span class='ocrx_word' id='word_1_422' title='bbox 538 4083 592 4118; x_wconf 80' lang='lat' dir='ltr'><strong>non</strong></span> <span class='ocrx_word' id='word_1_423' title='bbox 606 4067 679 4118; x_wconf 78' lang='grc' dir='ltr'><strong>σίαεε</strong></span> <span class='ocrx_word' id='word_1_424' title='bbox 689 4068 811 4120; x_wconf 70' lang='lat' dir='ltr'><strong>distinxit</strong></span> <span class='ocrx_word' id='word_1_425' title='bbox 821 4065 1000 4136; x_wconf 67' lang='lat' dir='ltr'><strong>Xenophanes.</strong></span> <span class='ocrx_word' id='word_1_426' title='bbox 1054 4064 1080 4128; x_wconf 84' lang='grc' dir='ltr'><strong>ίξ</strong></span> <span class='ocrx_word' id='word_1_427' title='bbox 1089 4069 1128 4120; x_wconf 85' lang='lat' dir='ltr'><strong>bis</strong></span> <span class='ocrx_word' id='word_1_428' title='bbox 1139 4069 1228 4120; x_wconf 68' lang='lat' dir='ltr'><strong>affl:</strong></span> <span class='ocrx_word' id='word_1_429' title='bbox 1238 4072 1283 4120; x_wconf 77' lang='lat' dir='ltr'><strong>alt.</strong></span> <span class='ocrx_word' id='word_1_430' title='bbox 1291 4086 1342 4120; x_wconf 87' lang='grc' dir='ltr'><strong>οια.</strong></span> <span class='ocrx_word' id='word_1_431' title='bbox 1349 4071 1399 4120; x_wconf 79' lang='grc' dir='ltr'><strong>ΒΕ</strong></span> <span class='ocrx_word' id='word_1_432' title='bbox 1409 4066 1423 4136; x_wconf 86' lang='grc' dir='ltr'><strong>ΙΙ</strong></span> <span class='ocrx_word' id='word_1_433' title='bbox 1435 4067 1504 4122; x_wconf 66' lang='lat' dir='ltr'><strong>lact.</strong></span> <span class='ocrx_word' id='word_1_434' title='bbox 1511 4069 1585 4134; x_wconf 81' lang='lat' dir='ltr'><strong>[An]</strong></span> <span class='ocrx_word' id='word_1_435' title='bbox 1594 4087 1619 4136; x_wconf 87' lang='lat' dir='ltr'><strong>p.</strong></span> <span class='ocrx_word' id='word_1_436' title='bbox 1625 4058 1707 4120; x_wconf 71' lang='lat' dir='ltr'><strong>tlibi</strong></span> 
     </span>
     <span class='ocr_line' id='line_1_34' title="bbox 345 4142 1702 4226; baseline 0.004 -22"><span class='ocrx_word' id='word_1_437' title='bbox 345 4171 408 4204; x_wconf 81' lang='grc' dir='ltr'><strong>ααιιι</strong></span> <span class='ocrx_word' id='word_1_438' title='bbox 426 4155 455 4204; x_wconf 77' lang='lat' dir='ltr'><strong>in</strong></span> <span class='ocrx_word' id='word_1_439' title='bbox 468 4153 513 4204; x_wconf 78' lang='grc' dir='ltr'><strong>ἀει·</strong></span> <span class='ocrx_word' id='word_1_440' title='bbox 523 4155 586 4220; x_wconf 73' lang='lat' dir='ltr'><strong>scre</strong></span> <span class='ocrx_word' id='word_1_441' title='bbox 598 4155 699 4205; x_wconf 81' lang='lat' dir='ltr'><strong>nominc</strong></span> <span class='ocrx_word' id='word_1_442' title='bbox 712 4155 850 4222; x_wconf 75' lang='lat' dir='ltr'><strong>acquievit.</strong></span> <span class='ocrx_word' id='word_1_443' title='bbox 869 4160 913 4208; x_wconf 82' lang='lat' dir='ltr'><strong>vix</strong></span> <span class='ocrx_word' id='word_1_444' title='bbox 926 4167 1002 4208; x_wconf 79' lang='lat' dir='ltr'><strong>recte.</strong></span> <span class='ocrx_word' id='word_1_445' title='bbox 1055 4152 1132 4206; x_wconf 87' lang='grc' dir='ltr'><strong>ἀίδιον</strong></span> <span class='ocrx_word' id='word_1_446' title='bbox 1159 4153 1178 4208; x_wconf 80' lang='grc' dir='ltr'><strong>δ’</strong></span> <span class='ocrx_word' id='word_1_447' title='bbox 1203 4153 1263 4208; x_wconf 88' lang='grc' dir='ltr'><strong>όντα</strong></span> <span class='ocrx_word' id='word_1_448' title='bbox 1285 4153 1329 4206; x_wconf 77' lang='grc' dir='ltr'><strong>καὶ</strong></span> <span class='ocrx_word' id='word_1_449' title='bbox 1352 4153 1396 4206; x_wconf 77' lang='grc' dir='ltr'><strong>ίνα</strong></span> <span class='ocrx_word' id='word_1_450' title='bbox 1418 4155 1462 4207; x_wconf 83' lang='grc' dir='ltr'><strong>καὶ</strong></span> <span class='ocrx_word' id='word_1_451' title='bbox 1485 4154 1628 4226; x_wconf 82' lang='grc' dir='ltr'><strong>σφαιροειδῆ</strong></span> <span class='ocrx_word' id='word_1_452' title='bbox 1651 4142 1702 4202; x_wconf 59' lang='grc' dir='ltr'><strong>οὔτ’</strong></span> 
     </span>
     <span class='ocr_line' id='line_1_35' title="bbox 347 4231 1707 4313; baseline 0.003 -21"><span class='ocrx_word' id='word_1_453' title='bbox 347 4246 424 4292; x_wconf 85' lang='lat' dir='ltr'><strong>immo</strong></span> <span class='ocrx_word' id='word_1_454' title='bbox 439 4243 472 4292; x_wconf 80' lang='lat' dir='ltr'><strong>cd</strong></span> <span class='ocrx_word' id='word_1_455' title='bbox 483 4243 649 4307; x_wconf 75' lang='lat' dir='ltr'><strong>parenthesin</strong></span> <span class='ocrx_word' id='word_1_456' title='bbox 660 4239 791 4311; x_wconf 81' lang='grc' dir='ltr'><strong>ὁμολογῶν</strong></span> <span class='ocrx_word' id='word_1_457' title='bbox 802 4240 858 4294; x_wconf 87' lang='grc' dir='ltr'><strong>κτλ.</strong></span> <span class='ocrx_word' id='word_1_458' title='bbox 877 4247 1004 4310; x_wconf 79' lang='lat' dir='ltr'><strong>pertincte</strong></span> <span class='ocrx_word' id='word_1_459' title='bbox 1057 4239 1156 4312; x_wconf 77' lang='grc' dir='ltr'><strong>ἄπειρον</strong></span> <span class='ocrx_word' id='word_1_460' title='bbox 1178 4239 1235 4295; x_wconf 73' lang='grc' dir='ltr'><strong>οὔτε</strong></span> <span class='ocrx_word' id='word_1_461' title='bbox 1258 4237 1416 4312; x_wconf 71' lang='grc' dir='ltr'><strong>πεπεράνθαι.</strong></span> <span class='ocrx_word' id='word_1_462' title='bbox 1444 4241 1543 4313; x_wconf 86' lang='grc' dir='ltr'><strong>όπειρον</strong></span> <span class='ocrx_word' id='word_1_463' title='bbox 1569 4242 1600 4296; x_wconf 87' lang='grc' dir='ltr'><strong>τό</strong></span> <span class='ocrx_word' id='word_1_464' title='bbox 1627 4238 1661 4308; x_wconf 83' lang='grc' dir='ltr'><strong>μὴ</strong></span> <span class='ocrx_word' id='word_1_465' title='bbox 1682 4231 1707 4283; x_wconf 60' lang='grc' dir='ltr'><strong>ἂν</strong></span> 
     </span>
     <span class='ocr_line' id='line_1_36' title="bbox 347 4318 1706 4401; baseline -0.001 -21"><span class='ocrx_word' id='word_1_466' title='bbox 347 4331 445 4380; x_wconf 84' lang='grc' dir='ltr'><strong>Κεεπίυ</strong></span> <span class='ocrx_word' id='word_1_467' title='bbox 474 4333 616 4382; x_wconf 76' lang='lat' dir='ltr'><strong>concedere</strong></span> <span class='ocrx_word' id='word_1_468' title='bbox 642 4331 766 4382; x_wconf 71' lang='lat' dir='ltr'>debebam</span> <span class='ocrx_word' id='word_1_469' title='bbox 789 4333 861 4382; x_wconf 87' lang='lat' dir='ltr'><strong>Prcl.</strong></span> <span class='ocrx_word' id='word_1_470' title='bbox 886 4349 911 4398; x_wconf 89' lang='lat' dir='ltr'><strong>p.</strong></span> <span class='ocrx_word' id='word_1_471' title='bbox 927 4331 975 4384; x_wconf 94' lang='grc'><strong>111</strong></span> <span class='ocrx_word' id='word_1_472' title='bbox 989 4329 1005 4382; x_wconf 87' lang='lat'><strong>¹.</strong></span> <span class='ocrx_word' id='word_1_473' title='bbox 1057 4327 1126 4381; x_wconf 78' lang='grc' dir='ltr'><strong>εἶναι.</strong></span> <span class='ocrx_word' id='word_1_474' title='bbox 1148 4332 1223 4382; x_wconf 81' lang='grc' dir='ltr'><strong>τοῦτο</strong></span> <span class='ocrx_word' id='word_1_475' title='bbox 1245 4328 1291 4398; x_wconf 78' lang='grc' dir='ltr'><strong>γὰρ</strong></span> <span class='ocrx_word' id='word_1_476' title='bbox 1315 4325 1373 4382; x_wconf 86' lang='grc' dir='ltr'><strong>οίιτε</strong></span> <span class='ocrx_word' id='word_1_477' title='bbox 1396 4329 1471 4398; x_wconf 75' lang='grc' dir='ltr'><strong>μέσον</strong></span> <span class='ocrx_word' id='word_1_478' title='bbox 1494 4327 1548 4382; x_wconf 76' lang='grc' dir='ltr'><strong>οὔτ’</strong></span> <span class='ocrx_word' id='word_1_479' title='bbox 1569 4327 1650 4401; x_wconf 81' lang='grc' dir='ltr'><strong>ἀρχὴν</strong></span> <span class='ocrx_word' id='word_1_480' title='bbox 1667 4318 1706 4374; x_wconf 71' lang='grc' dir='ltr'><strong>καί</strong></span> 
     </span>
     <span class='ocr_line' id='line_1_37' title="bbox 346 4409 1706 4488; baseline -0.001 -17"><span class='ocrx_word' id='word_1_481' title='bbox 346 4421 493 4486; x_wconf 81' lang='lat' dir='ltr'><strong>Simplicius</strong></span> <span class='ocrx_word' id='word_1_482' title='bbox 513 4427 580 4470; x_wconf 80' lang='lat' dir='ltr'><strong>certe</strong></span> <span class='ocrx_word' id='word_1_483' title='bbox 599 4421 653 4484; x_wconf 85' lang='lat' dir='ltr'><strong>ipsc</strong></span> <span class='ocrx_word' id='word_1_484' title='bbox 665 4419 861 4484; x_wconf 75' lang='lat' dir='ltr'><strong>Theophrastcc</strong></span> <span class='ocrx_word' id='word_1_485' title='bbox 874 4421 911 4470; x_wconf 80' lang='lat' dir='ltr'><strong>itn</strong></span> <span class='ocrx_word' id='word_1_486' title='bbox 929 4421 1004 4484; x_wconf 79' lang='lat' dir='ltr'><strong>cepit.</strong></span> <span class='ocrx_word' id='word_1_487' title='bbox 1056 4415 1127 4474; x_wconf 72' lang='grc' dir='ltr'><strong>τέλος</strong></span> <span class='ocrx_word' id='word_1_488' title='bbox 1150 4412 1205 4468; x_wconf 74' lang='grc' dir='ltr'><strong>οὔτ’</strong></span> <span class='ocrx_word' id='word_1_489' title='bbox 1235 4413 1296 4468; x_wconf 89' lang='grc' dir='ltr'><strong>ἀλλο</strong></span> <span class='ocrx_word' id='word_1_490' title='bbox 1320 4415 1394 4486; x_wconf 84' lang='grc' dir='ltr'><strong>μίρυς</strong></span> <span class='ocrx_word' id='word_1_491' title='bbox 1418 4415 1488 4469; x_wconf 68' lang='grc' dir='ltr'><strong>οὐδὲν</strong></span> <span class='ocrx_word' id='word_1_492' title='bbox 1511 4415 1577 4488; x_wconf 69' lang='grc' dir='ltr'><strong>ἔχειν</strong></span> <span class='ocrx_word' id='word_1_493' title='bbox 1660 4409 1706 4462; x_wconf 63' lang='grc' dir='ltr'><strong>οἷον</strong></span> 
     </span>
     <span class='ocr_line' id='line_1_38' title="bbox 347 4493 1705 4575; baseline -0.006 -17"><span class='ocrx_word' id='word_1_494' title='bbox 347 4509 392 4560; x_wconf 79' lang='lat' dir='ltr'><strong>scd</strong></span> <span class='ocrx_word' id='word_1_495' title='bbox 402 4509 435 4558; x_wconf 81' lang='lat' dir='ltr'><strong>dc</strong></span> <span class='ocrx_word' id='word_1_496' title='bbox 445 4509 545 4572; x_wconf 81' lang='lat' dir='ltr'><strong>origine</strong></span> <span class='ocrx_word' id='word_1_497' title='bbox 558 4503 747 4573; x_wconf 76' lang='lat' dir='ltr'><strong>insequentium</strong></span> <span class='ocrx_word' id='word_1_498' title='bbox 758 4508 894 4557; x_wconf 75' lang='lat' dir='ltr'><strong>verborum</strong></span> <span class='ocrx_word' id='word_1_499' title='bbox 908 4502 935 4556; x_wconf 89' lang='grc' dir='ltr'><strong>δν</strong></span> <span class='ocrx_word' id='word_1_500' title='bbox 948 4501 1004 4556; x_wconf 88' lang='grc' dir='ltr'><strong>κτλ.</strong></span> <span class='ocrx_word' id='word_1_501' title='bbox 1055 4502 1082 4556; x_wconf 80' lang='grc' dir='ltr'><strong>δδ</strong></span> <span class='ocrx_word' id='word_1_502' title='bbox 1099 4501 1128 4555; x_wconf 88' lang='grc' dir='ltr'><strong>τό</strong></span> <span class='ocrx_word' id='word_1_503' title='bbox 1148 4503 1183 4572; x_wconf 85' lang='grc' dir='ltr'><strong>μὴ</strong></span> <span class='ocrx_word' id='word_1_504' title='bbox 1202 4500 1238 4566; x_wconf 87' lang='grc' dir='ltr'><strong>δν,</strong></span> <span class='ocrx_word' id='word_1_505' title='bbox 1257 4501 1305 4556; x_wconf 80' lang='grc' dir='ltr'><strong>οίικ</strong></span> <span class='ocrx_word' id='word_1_506' title='bbox 1324 4501 1353 4554; x_wconf 81' lang='grc' dir='ltr'><strong>ἀν</strong></span> <span class='ocrx_word' id='word_1_507' title='bbox 1371 4501 1477 4555; x_wconf 74' lang='grc' dir='ltr'><strong>εἶναιτὸ</strong></span> <span class='ocrx_word' id='word_1_508' title='bbox 1495 4502 1530 4556; x_wconf 90' lang='grc' dir='ltr'><strong>όν.</strong></span> <span class='ocrx_word' id='word_1_509' title='bbox 1549 4504 1667 4575; x_wconf 77' lang='grc' dir='ltr'><strong>περαίνειν</strong></span> <span class='ocrx_word' id='word_1_510' title='bbox 1682 4493 1705 4545; x_wconf 68' lang='grc' dir='ltr'><strong>δὲ</strong></span> 
     </span>
     <span class='ocr_line' id='line_1_39' title="bbox 347 4586 1704 4662; baseline -0.004 -14"><span class='ocrx_word' id='word_1_511' title='bbox 347 4598 411 4648; x_wconf 87' lang='lat' dir='ltr'><strong>nihil</strong></span> <span class='ocrx_word' id='word_1_512' title='bbox 430 4597 490 4648; x_wconf 78' lang='lat' dir='ltr'><strong>iude</strong></span> <span class='ocrx_word' id='word_1_513' title='bbox 509 4597 699 4660; x_wconf 71' lang='lat' dir='ltr'><strong>praeiudicatur</strong></span> <span class='ocrx_word' id='word_1_514' title='bbox 722 4590 736 4662; x_wconf 75' lang='grc' dir='ltr'>Ιί</span> <span class='ocrx_word' id='word_1_515' title='bbox 761 4593 777 4646; x_wconf 87' lang='grc'>9</span> <span class='ocrx_word' id='word_1_516' title='bbox 803 4596 834 4645; x_wconf 83' lang='lat' dir='ltr'><strong>cl.</strong></span> <span class='ocrx_word' id='word_1_517' title='bbox 853 4592 958 4656; x_wconf 78' lang='lat' dir='ltr'><strong>[Arist]</strong></span> <span class='ocrx_word' id='word_1_518' title='bbox 976 4594 1002 4642; x_wconf 86' lang='lat' dir='ltr'><strong>d.</strong></span> <span class='ocrx_word' id='word_1_519' title='bbox 1054 4588 1115 4660; x_wconf 79' lang='grc' dir='ltr'><strong>πρός</strong></span> <span class='ocrx_word' id='word_1_520' title='bbox 1127 4587 1233 4658; x_wconf 72' lang='grc' dir='ltr'><strong>ἀλληλα,</strong></span> <span class='ocrx_word' id='word_1_521' title='bbox 1246 4590 1267 4644; x_wconf 85' lang='grc' dir='ltr'><strong>εί</strong></span> <span class='ocrx_word' id='word_1_522' title='bbox 1278 4589 1356 4644; x_wconf 86' lang='grc' dir='ltr'><strong>πλείιυ</strong></span> <span class='ocrx_word' id='word_1_523' title='bbox 1368 4588 1406 4660; x_wconf 85' lang='grc' dir='ltr'><strong>είη</strong></span> <span class='ocrx_word' id='word_1_524' title='bbox 1421 4587 1434 4659; x_wconf 87' lang='grc' dir='ltr'><strong>ΙΙ</strong></span> <span class='ocrx_word' id='word_1_525' title='bbox 1449 4591 1481 4644; x_wconf 79' lang='grc'><strong>14</strong></span> <span class='ocrx_word' id='word_1_526' title='bbox 1490 4590 1585 4646; x_wconf 71' lang='grc' dir='ltr'><strong>ἐδείκνυ</strong></span> <span class='ocrx_word' id='word_1_527' title='bbox 1598 4586 1704 4645; x_wconf 53' lang='lat' dir='ltr'><strong>ancl:</strong></span> 
     </span>
     <span class='ocr_line' id='line_1_40' title="bbox 348 4667 1704 4748; baseline 0 -14"><span class='ocrx_word' id='word_1_528' title='bbox 348 4681 467 4736; x_wconf 71' lang='lat' dir='ltr'><strong>Mxtlss</strong></span> <span class='ocrx_word' id='word_1_529' title='bbox 487 4701 512 4748; x_wconf 88' lang='lat' dir='ltr'><strong>p.</strong></span> <span class='ocrx_word' id='word_1_530' title='bbox 526 4679 646 4736; x_wconf 77' lang='lat'>977⁸23=</span> <span class='ocrx_word' id='word_1_531' title='bbox 666 4678 718 4733; x_wconf 86' lang='grc' dir='ltr'><strong>τίδ’</strong></span> <span class='ocrx_word' id='word_1_532' title='bbox 735 4679 800 4733; x_wconf 77' lang='grc' dir='ltr'><strong>ἔστιν</strong></span> <span class='ocrx_word' id='word_1_533' title='bbox 818 4677 832 4732; x_wconf 90' lang='grc' dir='ltr'><strong>δ</strong></span> <span class='ocrx_word' id='word_1_534' title='bbox 850 4675 906 4736; x_wconf 65' lang='lat' dir='ltr'><strong>ieie</strong></span> <span class='ocrx_word' id='word_1_535' title='bbox 924 4677 1000 4730; x_wconf 79' lang='grc' dir='ltr'><strong>ἁπάν-</strong></span> <span class='ocrx_word' id='word_1_536' title='bbox 1053 4675 1160 4730; x_wconf 75' lang='grc' dir='ltr'><strong>ἐδείκνυν</strong></span> <span class='ocrx_word' id='word_1_537' title='bbox 1178 4680 1203 4730; x_wconf 93' lang='lat' dir='ltr'>D</span> <span class='ocrx_word' id='word_1_538' title='bbox 1219 4677 1233 4746; x_wconf 91' lang='grc' dir='ltr'><strong>ΙΙ</strong></span> <span class='ocrx_word' id='word_1_539' title='bbox 1250 4679 1281 4733; x_wconf 77' lang='grc'><strong>15</strong></span> <span class='ocrx_word' id='word_1_540' title='bbox 1300 4678 1344 4731; x_wconf 82' lang='grc' dir='ltr'><strong>καὶ</strong></span> <span class='ocrx_word' id='word_1_541' title='bbox 1357 4689 1417 4731; x_wconf 77' lang='grc' dir='ltr'><strong>επιε</strong></span> <span class='ocrx_word' id='word_1_542' title='bbox 1431 4675 1487 4731; x_wconf 80' lang='grc' dir='ltr'><strong>σότε</strong></span> <span class='ocrx_word' id='word_1_543' title='bbox 1504 4678 1530 4732; x_wconf 80' lang='lat' dir='ltr'><strong>il</strong></span> <span class='ocrx_word' id='word_1_544' title='bbox 1547 4683 1679 4734; x_wconf 77' lang='lat' dir='ltr'><strong>inscrulta</strong></span> <span class='ocrx_word' id='word_1_545' title='bbox 1691 4667 1704 4736; x_wconf 90' lang='grc' dir='ltr'><strong>ίί</strong></span> 
     </span>
     <span class='ocr_line' id='line_1_41' title="bbox 345 4758 1704 4839; baseline -0.004 -17"><span class='ocrx_word' id='word_1_546' title='bbox 345 4788 397 4822; x_wconf 85' lang='grc' dir='ltr'><strong>τυιν</strong></span> <span class='ocrx_word' id='word_1_547' title='bbox 421 4770 565 4839; x_wconf 85' lang='grc' dir='ltr'><strong>κράτιστον,</strong></span> <span class='ocrx_word' id='word_1_548' title='bbox 592 4767 635 4820; x_wconf 80' lang='grc' dir='ltr'><strong>ίνα</strong></span> <span class='ocrx_word' id='word_1_549' title='bbox 663 4768 738 4838; x_wconf 84' lang='grc' dir='ltr'><strong>φησὶν</strong></span> <span class='ocrx_word' id='word_1_550' title='bbox 765 4765 840 4820; x_wconf 80' lang='grc' dir='ltr'><strong>αότδν</strong></span> <span class='ocrx_word' id='word_1_551' title='bbox 866 4764 1001 4834; x_wconf 75' lang='grc' dir='ltr'><strong>προσήκειν</strong></span> <span class='ocrx_word' id='word_1_552' title='bbox 1055 4767 1086 4818; x_wconf 87' lang='grc'><strong>16</strong></span> <span class='ocrx_word' id='word_1_553' title='bbox 1105 4761 1162 4816; x_wconf 76' lang='grc' dir='ltr'><strong>οὔτε</strong></span> <span class='ocrx_word' id='word_1_554' title='bbox 1175 4765 1250 4833; x_wconf 81' lang='grc' dir='ltr'><strong>μέσον</strong></span> <span class='ocrx_word' id='word_1_555' title='bbox 1262 4763 1319 4819; x_wconf 81' lang='grc' dir='ltr'><strong>τότε</strong></span> <span class='ocrx_word' id='word_1_556' title='bbox 1331 4767 1457 4820; x_wconf 78' lang='grc' dir='ltr'><strong>ΒΒΕΕει</strong></span> <span class='ocrx_word' id='word_1_557' title='bbox 1477 4765 1541 4836; x_wconf 82' lang='grc' dir='ltr'><strong>μήτε</strong></span> <span class='ocrx_word' id='word_1_558' title='bbox 1560 4769 1634 4837; x_wconf 69' lang='grc' dir='ltr'><strong>μέσον</strong></span> <span class='ocrx_word' id='word_1_559' title='bbox 1646 4758 1704 4832; x_wconf 66' lang='grc' dir='ltr'><strong>μήτ*</strong></span> 
     </span>
     <span class='ocr_line' id='line_1_42' title="bbox 346 4841 1704 4926; baseline -0.001 -18"><span class='ocrx_word' id='word_1_560' title='bbox 346 4855 419 4910; x_wconf 77' lang='grc' dir='ltr'><strong>εἶναι.</strong></span> <span class='ocrx_word' id='word_1_561' title='bbox 443 4856 465 4910; x_wconf 85' lang='grc' dir='ltr'><strong>τί</strong></span> <span class='ocrx_word' id='word_1_562' title='bbox 486 4856 532 4926; x_wconf 80' lang='grc' dir='ltr'><strong>γὰρ</strong></span> <span class='ocrx_word' id='word_1_563' title='bbox 556 4854 598 4908; x_wconf 87' lang='grc' dir='ltr'><strong>δόο</strong></span> <span class='ocrx_word' id='word_1_564' title='bbox 621 4854 638 4924; x_wconf 76' lang='grc' dir='ltr'>ἡ</span> <span class='ocrx_word' id='word_1_565' title='bbox 661 4854 698 4907; x_wconf 73' lang='grc' dir='ltr'><strong>ἔτι</strong></span> <span class='ocrx_word' id='word_1_566' title='bbox 720 4854 818 4913; x_wconf 89' lang='grc' dir='ltr'><strong>πλείους</strong></span> <span class='ocrx_word' id='word_1_567' title='bbox 840 4851 886 4906; x_wconf 81' lang='grc' dir='ltr'><strong>εἷεν</strong></span> <span class='ocrx_word' id='word_1_568' title='bbox 905 4850 952 4904; x_wconf 77' lang='grc' dir='ltr'><strong>οὐκ</strong></span> <span class='ocrx_word' id='word_1_569' title='bbox 971 4849 1001 4904; x_wconf 82' lang='grc' dir='ltr'><strong>ἀν</strong></span> <span class='ocrx_word' id='word_1_570' title='bbox 1053 4853 1092 4903; x_wconf 71' lang='lat' dir='ltr'><strong>an</strong></span> <span class='ocrx_word' id='word_1_571' title='bbox 1112 4849 1125 4920; x_wconf 76' lang='grc' dir='ltr'><strong>ΙΙ</strong></span> <span class='ocrx_word' id='word_1_572' title='bbox 1149 4851 1180 4904; x_wconf 83' lang='grc'><strong>17</strong></span> <span class='ocrx_word' id='word_1_573' title='bbox 1200 4855 1231 4904; x_wconf 84' lang='lat' dir='ltr'><strong>ci.</strong></span> <span class='ocrx_word' id='word_1_574' title='bbox 1244 4851 1317 4919; x_wconf 76' lang='lat' dir='ltr'><strong>[An]</strong></span> <span class='ocrx_word' id='word_1_575' title='bbox 1329 4871 1354 4920; x_wconf 85' lang='grc' dir='ltr'><strong>ρ.</strong></span> <span class='ocrx_word' id='word_1_576' title='bbox 1365 4853 1459 4908; x_wconf 76' lang='lat' dir='ltr'><strong>97le</strong></span> <span class='ocrx_word' id='word_1_577' title='bbox 1476 4851 1505 4906; x_wconf 83' lang='grc' dir='ltr'><strong>τό</strong></span> <span class='ocrx_word' id='word_1_578' title='bbox 1517 4853 1548 4924; x_wconf 77' lang='grc' dir='ltr'><strong>δὴ</strong></span> <span class='ocrx_word' id='word_1_579' title='bbox 1561 4855 1669 4908; x_wconf 76' lang='grc' dir='ltr'><strong>τοιοῦτον</strong></span> <span class='ocrx_word' id='word_1_580' title='bbox 1679 4841 1704 4893; x_wconf 61' lang='grc'><strong>51</strong></span> 
     </span>
     <span class='ocr_line' id='line_1_43' title="bbox 346 4927 1701 5014; baseline -0.003 -18"><span class='ocrx_word' id='word_1_581' title='bbox 346 4943 382 4996; x_wconf 74' lang='grc' dir='ltr'><strong>ότι</strong></span> <span class='ocrx_word' id='word_1_582' title='bbox 400 4945 531 5014; x_wconf 82' lang='grc' dir='ltr'><strong>κράτιστον</strong></span> <span class='ocrx_word' id='word_1_583' title='bbox 553 4943 597 4997; x_wconf 76' lang='grc' dir='ltr'><strong>καὶ</strong></span> <span class='ocrx_word' id='word_1_584' title='bbox 621 4942 747 5013; x_wconf 72' lang='grc' dir='ltr'><strong>βέλτιστον</strong></span> <span class='ocrx_word' id='word_1_585' title='bbox 770 4939 845 4993; x_wconf 79' lang='grc' dir='ltr'><strong>αδτὸν</strong></span> <span class='ocrx_word' id='word_1_586' title='bbox 862 4938 923 4992; x_wconf 77' lang='grc' dir='ltr'><strong>εἶναι</strong></span> <span class='ocrx_word' id='word_1_587' title='bbox 941 4941 1000 4992; x_wconf 85' lang='grc' dir='ltr'><strong>πάν-</strong></span> <span class='ocrx_word' id='word_1_588' title='bbox 1053 4937 1079 4991; x_wconf 84' lang='grc' dir='ltr'><strong>ίν</strong></span> <span class='ocrx_word' id='word_1_589' title='bbox 1092 4977 1100 4991; x_wconf 96' lang='grc'><strong>.</strong></span> <span class='ocrx_word' id='word_1_590' title='bbox 1112 4977 1119 4992; x_wconf 94' lang='grc'><strong>.</strong></span> <span class='ocrx_word' id='word_1_591' title='bbox 1133 4977 1140 4992; x_wconf 98' lang='grc'><strong>.</strong></span> <span class='ocrx_word' id='word_1_592' title='bbox 1153 4935 1211 4991; x_wconf 80' lang='grc' dir='ltr'><strong>τότε</strong></span> <span class='ocrx_word' id='word_1_593' title='bbox 1229 4937 1349 4994; x_wconf 82' lang='grc' dir='ltr'><strong>κινεῖσδαι</strong></span> <span class='ocrx_word' id='word_1_594' title='bbox 1367 4937 1425 4994; x_wconf 75' lang='grc' dir='ltr'><strong>οὔτε</strong></span> <span class='ocrx_word' id='word_1_595' title='bbox 1443 4941 1545 5010; x_wconf 83' lang='grc' dir='ltr'><strong>κινητόν</strong></span> <span class='ocrx_word' id='word_1_596' title='bbox 1562 4941 1629 4995; x_wconf 78' lang='grc' dir='ltr'><strong>εἶναι.</strong></span> <span class='ocrx_word' id='word_1_597' title='bbox 1652 4927 1701 4987; x_wconf 61' lang='lat' dir='ltr'><strong>M·</strong></span> 
     </span>
    </p>
   </div>
   <div class='ocr_carea' id='block_1_5' title="bbox 345 5014 1702 5113">
    <p class='ocr_par' dir='ltr' id='par_1_6' title="bbox 345 5014 1702 5113">
     <span class='ocr_line' id='line_1_44' title="bbox 345 5014 1702 5113; baseline -0.001 -30"><span class='ocrx_word' id='word_1_598' title='bbox 345 5049 405 5083; x_wconf 85' lang='grc' dir='ltr'><strong>των.</strong></span> <span class='ocrx_word' id='word_1_599' title='bbox 424 5031 528 5090; x_wconf 79' lang='grc' dir='ltr'><strong>ἕκαστος</strong></span> <span class='ocrx_word' id='word_1_600' title='bbox 546 5033 592 5102; x_wconf 81' lang='grc' dir='ltr'><strong>γὰρ</strong></span> <span class='ocrx_word' id='word_1_601' title='bbox 612 5029 642 5084; x_wconf 80' lang='grc' dir='ltr'><strong>ἂν</strong></span> <span class='ocrx_word' id='word_1_602' title='bbox 659 5031 716 5090; x_wconf 87' lang='grc' dir='ltr'><strong>δεὸς</strong></span> <span class='ocrx_word' id='word_1_603' title='bbox 734 5035 786 5083; x_wconf 85' lang='grc' dir='ltr'><strong>τῶν</strong></span> <span class='ocrx_word' id='word_1_604' title='bbox 804 5028 905 5113; x_wconf 78' lang='grc' dir='ltr'><strong>πολλῶν</strong></span> <span class='ocrx_word' id='word_1_605' title='bbox 918 5025 1002 5097; x_wconf 84' lang='grc' dir='ltr'><strong>όμυιος</strong></span> <span class='ocrx_word' id='word_1_606' title='bbox 1053 5046 1127 5098; x_wconf 76' lang='grc' dir='ltr'><strong>ντγτον</strong></span> <span class='ocrx_word' id='word_1_607' title='bbox 1150 5027 1195 5096; x_wconf 83' lang='grc' dir='ltr'><strong>μὲν</strong></span> <span class='ocrx_word' id='word_1_608' title='bbox 1217 5029 1263 5098; x_wconf 81' lang='grc' dir='ltr'><strong>γὰρ</strong></span> <span class='ocrx_word' id='word_1_609' title='bbox 1287 5028 1347 5080; x_wconf 74' lang='grc' dir='ltr'><strong>εἷναι</strong></span> <span class='ocrx_word' id='word_1_610' title='bbox 1370 5027 1399 5080; x_wconf 85' lang='grc' dir='ltr'><strong>τό</strong></span> <span class='ocrx_word' id='word_1_611' title='bbox 1422 5028 1459 5097; x_wconf 84' lang='grc' dir='ltr'><strong>μὴ</strong></span> <span class='ocrx_word' id='word_1_612' title='bbox 1479 5027 1514 5082; x_wconf 86' lang='grc' dir='ltr'><strong>όν.</strong></span> <span class='ocrx_word' id='word_1_613' title='bbox 1538 5026 1595 5082; x_wconf 73' lang='grc' dir='ltr'><strong>οὔτε</strong></span> <span class='ocrx_word' id='word_1_614' title='bbox 1613 5024 1656 5095; x_wconf 66' lang='grc' dir='ltr'><strong>γὰρ</strong></span> <span class='ocrx_word' id='word_1_615' title='bbox 1672 5014 1702 5068; x_wconf 58' lang='grc' dir='ltr'><strong>θ’</strong></span> 
     </span>
    </p>
   </div>
   <div class='ocr_carea' id='block_1_6' title="bbox 0 0 1858 5738">
    <p class='ocr_par' dir='ltr' id='par_1_7' title="bbox 0 0 1858 5738">
     <span class='ocr_line' id='line_1_45' title="bbox 0 0 1858 5738; baseline 0 2"><span class='ocrx_word' id='word_1_616' title='bbox 0 0 1858 5738; x_wconf 95' lang='lat' dir='ltr'><strong> </strong></span> 
     </span>
    </p>
   </div>
  </div>
 </body>
</html>
