3768 5736
533 332 609 384 κιαι
627 331 762 382 mmm
781 330 967 384 εειτοιιεε
986 331 1039 382 να.
1057 329 1262 383 PHYS.14.15
1513 327 1577 392 455

217 503 283 566 ὁλον
306 503 431 586 ὁρᾶσθαι
452 502 501 564 τὸν
524 501 644 564 κύκλον·
675 504 819 584 περιφανῆ
847 500 902 585 γὰρ
929 499 1002 565 εἰναι
1033 500 1082 563 καί
1105 501 1259 585 σφαιρικὴν
1281 501 1356 565 κατὰ
1377 502 1429 584 τὴν
1452 495 1576 582 ἔμφασιν

216 605 268 688 τὴν
285 605 359 668 ἅλω.
391 604 498 686 ταύτης
520 603 553 666 δὲ
575 604 627 687 τὴν
650 603 702 686 μέν
725 602 915 688 ἐπιμένουσαν
938 604 1020 666 ὁετδν
1043 602 1203 686 σημαίνειν,
1224 604 1277 688 τὴν
1300 603 1333 666 δὲ
1348 601 1576 668 διασπασθεῖσαν

216 711 344 790 πνεῦμα,
370 707 423 791 τὴν
446 706 479 769 δὲ
501 704 712 790 μαραινομένην
735 703 843 770 εὐδίαν.
879 703 934 790 ἶριν
957 705 990 767 δὲ
1010 706 1075 790 περὶ
1098 709 1185 790 μόνον
1206 707 1288 790 ἡλιον
1310 708 1359 771 καὶ
1382 707 1505 789 σελήνην
1528 724 1575 767 συ-

215 809 378 886 νίστασθαι,
400 807 529 890 γίνεσθαι
552 807 655 871 δὲκαὶ
678 807 800 892 νύκτωρ,
823 808 950 891 ὀλιγάκις
972 808 1075 874 δὲκαὶ
1098 817 1173 879 πάνυ
1196 813 1244 879 διά
1265 812 1386 874 πολλοῦ.
1416 807 1520 870 κύκλον
1543 805 1576 868 δὲ

218 911 365 995 μηδέποτε
386 909 539 994 φαίνεσθαι
562 914 614 994 τής
636 908 724 994 ίριδος
748 911 823 994 μηδὲ
838 913 943 1034 μεῖζον
965 912 1138 995 ἡμικυκλίου
1157 923 1269 1002 τρῆμα.
1303 911 1435 994 ποικίλην
1451 907 1473 972 δ’
1494 905 1573 993 ἔχειν
1592 933 1604 970 ο

215 1015 268 1097 τὴν
296 1011 422 1098 ἔμφασιν
449 1012 497 1075 διά
523 1013 556 1076 τδ
581 1013 709 1077 κατὰ
681 1036 734 1097 την
759 1017 812 1097 τῆς
834 1011 930 1097 ὄψεως
952 1014 1108 1081 ἀνάκλασιν
1130 1023 1276 1104 φοινικοῦν
1299 1016 1347 1079 καὶ
1370 1016 1505 1099 πράσινον
1528 1011 1576 1074 καί

216 1116 356 1199 ἀλουργδν
378 1113 566 1198 προσπίπτειν
588 1116 630 1179 ἀπ
631 1112 750 1199 ἀὐτῆς
772 1119 891 1200 χρῶμα.
913 1123 1060 1200 φοινικοῦν
1084 1121 1147 1202 μὲν,
1170 1123 1248 1186 ὁτιτ
1250 1118 1412 1201 ὁλαρνμττ
1429 1114 1575 1197 ἐνμέλανι

216 1219 264 1282 καί
287 1217 393 1281 διδ
358 1216 519 1300 μέλανοςὸ
521 1220 650 1302 ρύμενον
672 1217 806 1300 τοιαύτην
822 1217 959 1281 ἀποτελεῖ
972 1220 1074 1304 χρύαν.
1097 1228 1157 1294 τοῖς
1171 1230 1239 1308 γοῦν
1256 1221 1414 1304 θεωμένοις
1429 1219 1477 1281 τδν
1493 1219 1575 1302 ἡλιον

216 1318 253 1384 δι’
281 1319 447 1405 ὁμίχλης
430 1345 450 1404 η
473 1321 521 1384 διά
542 1324 653 1385 καπνοῦ
676 1322 771 1384 δοκεῖν
794 1319 916 1404 ἐρυθρὸν
939 1320 1025 1386 εἰναι·
1048 1325 1097 1388 καί
1119 1327 1172 1411 τὴν
1194 1329 1253 1392 ἀπὸ
1268 1330 1327 1389 τῶν
1342 1325 1468 1409 χλωρῶν
1484 1261 1575 1389 Εύλων

218 1422 313 1507 φλὸχα
339 1422 559 1508 πεφοινιγμένήν
586 1423 634 1487 διὰ
660 1423 694 1486 τδ
721 1421 811 1486 πολύν
838 1421 914 1506 αὐτῇ
936 1429 1156 1514 καταμεμῖχθαι
1179 1429 1298 1494 καπνύν.
1334 1427 1409 1490 κατά
1429 1428 1515 1487 τοῦτο
1537 1423 1574 1508 δὴ
1593 1448 1616 1486 10

217 1525 266 1588 καὶ
289 1525 342 1608 τὴν
364 1523 499 1594 ἐξωτάτω
521 1526 570 1591 καί
594 1525 711 1608 μείζονα
733 1524 915 1610 περιφέρειαν
936 1531 989 1610 τὴς
1013 1525 1103 1612 ίριδος
1125 1532 1272 1618 ἐμφαίνειν
1294 1531 1327 1594 τδ
1346 1531 1506 1613 φοινικοῦν·
1530 1525 1578 1590 διά

214 1629 269 1712 γὰρ
293 1626 415 1710 μέλανος
437 1633 490 1691 τοῦ
512 1629 616 1714 νέφους
638 1627 845 1711 ἀνακλωμένην
866 1629 919 1713 τὴν
942 1629 1007 1716 ὄψιν
1030 1635 1102 1717 πρὸς
1123 1633 1325 1719 λαμπρότατον
1347 1629 1416 1695 ὄντα
1430 1631 1479 1693 τδν
1494 1630 1577 1714 ἡλιον

215 1730 478 1816 ἀντιλαμβάνεσθαι
505 1733 618 1795 τοιοῦδε
645 1731 813 1817 χρώματος.
850 1732 903 1816 τήν
925 1733 957 1796 δὲ
980 1735 1114 1820 δευτέραν
1136 1737 1185 1801 καί
1207 1738 1303 1822 τρίτην
1326 1733 1508 1819 περιφέρειαν
1529 1731 1577 1794 διά

215 1834 267 1918 τήν
289 1837 342 1916 τῆς
365 1831 460 1918 ὄφεως
482 1833 636 1898 ἀσθένειαν
658 1833 691 1898 τύ
714 1857 746 1897 τε
767 1835 904 1919 πράσινον
927 1836 975 1899 καὶ
997 1839 1030 1902 τδ
1054 1839 1191 1925 ἁλουργές
1212 1837 1370 1925 ἐμφαίνειν.
1399 1837 1432 1899 τὸ
1456 1833 1481 1898 δ’
1510 1834 1576 1898 δλον

215 1935 287 2001 εἶναι
309 1937 362 2023 τὴν
383 1937 438 2022 ἶριν
467 1933 593 2020 ἔμφασιν
619 1936 704 2020 ἡλίου
730 1939 882 2021 τμήματος
907 1939 928 2023 ἡ
951 1942 1074 2026 σελήνης
1096 1943 1127 2006 ἐν
1148 1942 1228 2027 νέφει
1255 1941 1346 2026 κοίλῳ
1372 1939 1421 2002 καί
1449 1938 1573 2022 δεδροσι-
1592 1961 1615 2000 ιε

219 2040 317 2126 σμένφ
333 2041 408 2105 κατὰ
422 2038 530 2104 κύκλου
546 2039 729 2124 περιφέρειαν
752 2039 913 2125 ὁρωμένην.
946 2043 1075 2126 γίνεσθαι
1099 2043 1126 2109 δ’
1154 2043 1230 2109 ἔστιν
1253 2044 1301 2108 ὁτε
1324 2043 1438 2126 διπλῆν,
1458 2044 1501 2123 ,ῶς
1522 2042 1575 2125 τὴν

215 2143 316 2227 ἑτέραν
339 2141 538 2229 ἀμαυροτέραν
560 2140 716 2226 φαίνεσθαι
738 2142 786 2206 καὶ
809 2142 856 2207 διὰ
877 2145 983 2216 παντὸς
1003 2145 1033 2215 ἐξ
1055 2147 1184 2218 ἐναντίας
1207 2145 1362 2230 ἱσταμένην
1384 2149 1421 2226 τῇ
1449 2141 1575 2228 προτέρᾳ

214 2246 262 2309 καὶ
285 2251 323 2329 τῇ
347 2245 427 2310 θέσει
450 2249 509 2309 τῶν
532 2243 699 2330 χρωμάτων
723 2245 985 2332 ἀντεστραμμένην.
1007 2248 1166 2334 παρηλίους
1188 2249 1221 2312 δὲ
1243 2248 1291 2312 καί
1308 2249 1431 2334 ῥάβδους
1445 2245 1575 2329 γίνεσθαι

216 2347 268 2430 μὲν
291 2349 350 2412 ἀπὸ
372 2353 424 2433 τῆς
445 2348 536 2431 αὐτῆς
557 2346 660 2425 αἰτίας,
683 2347 752 2412 οὐδὲ
774 2349 831 2432 μὴν
854 2351 962 2434 ὁμοίως
984 2349 1103 2436 ἔχοντος
1117 2353 1169 2414 τοῦ
1185 2350 1298 2436 νέφους.
1334 2351 1401 2413 ὁταν
1417 2349 1471 2434 γὰρ
1487 2349 1574 2434 ἀχλυ-

216 2451 290 2520 ῶδες
312 2449 333 2534 ἡ
357 2450 405 2513 καί
428 2448 546 2532 ὁμαλές,
568 2451 639 2535 πρδς
662 2451 695 2514 δὲ
716 2450 826 2522 τούτοις
842 2453 987 2524 ὑδατῶδες
1008 2455 1057 2519 καί
1072 2452 1189 2531 πυκνύν,
1212 2457 1253 2523 ῶς
1273 2453 1331 2518 ἀπὸ
1347 2455 1460 2539 χαλκοῦ
1476 2451 1573 2534 [κατὸ-
1591 2475 1615 2513 ιο

215 2551 319 2635 πτρου]
341 2551 419 2615 λείου
441 2555 593 2636 κλύμενην
614 2553 685 2638 πρδς
707 2554 755 2618 τδν
777 2556 859 2640 ἡλιον
881 2557 933 2640 τήν
956 2555 1020 2642 ὄψιν
1042 2560 1147 2620 λευκοῦ
1169 2559 1260 2620 ποιεῖν
1283 2556 1452 2641 φαντασίαν.
1485 2577 1575 2638 παρα-

215 2655 337 2738 πλήσιον
364 2654 417 2738 γάρ
444 2654 520 2740 ἡλίῳ
550 2657 624 2720 κατά
650 2679 682 2718 τε
708 2658 760 2741 τὴν
788 2659 879 2744 χρύαν
907 2661 955 2722 καί
982 2661 1015 2724 τδ
1044 2665 1148 2746 σχῆμα
1175 2657 1330 2744 φαίνεσθαι
1352 2659 1401 2722 τὸν
1423 2660 1575 2744 παρήλιον.

216 2758 268 2840 τήν
293 2757 344 2839 μὲν
367 2757 421 2841 γὰρ
444 2759 612 2842 ὁμαλότητα
633 2763 685 2822 τοῦ
707 2759 810 2846 νέφους
831 2761 924 2826 αἰτίαν
947 2762 1019 2826 εἰναι
1040 2769 1092 2827 τοῦ
1114 2765 1282 2849 χρώματος,
1304 2761 1356 2846 τὴν
1372 2757 1399 2824 δ’
1420 2761 1575 2824 ἀνάκλασιν

215 2865 268 2944 τῆς
290 2857 385 2945 ὄψεως
407 2863 459 2943 τὴς
486 2865 538 2924 τοῦ
560 2861 660 2946 ἡλίου,
688 2863 735 2927 διὰ
756 2869 809 2948 τῆς
832 2865 1002 2950 ἀχλυώδους
1024 2865 1180 2950 ἐμφάσεως
1201 2864 1435 2949 προσπίπτουσαν
1457 2861 1576 2946 ἀθρύως

216 2964 287 3047 πρδς
309 2961 532 3046 πεπυκνωμένον
556 2965 655 3050 ῶσπερ
678 2963 814 3050 ένοπτρον
837 2967 953 3031 οὐδέπω
976 2969 1028 3052 μὲν
1051 2967 1082 3033 δν
1106 2969 1194 3052 ῦδωρ,
1216 2967 1298 3052 έηηύς
1321 2964 1345 3030 δ’
1375 2967 1506 3050 ὁπάρχον
1521 2969 1573 3049 τῆς
1591 2991 1616 3030 ου

216 3066 287 3150 πρὸς
315 3065 393 3149 ὁδωρ
422 3067 597 3152 μεταβολῆς·
627 3069 671 3132 διὸ
697 3069 745 3133 καί
769 3073 889 3154 σημεῖον
918 3072 1021 3142 ῦδατος
1044 3069 1116 3134 εἶναι
1138 3071 1187 3134 τδν
1209 3071 1365 3156 παρήλιον·
1393 3068 1441 3132 καί
1465 3067 1575 3151 μᾶλλόν

217 3189 249 3250 γε
272 3168 321 3231 τὸν
342 3166 436 3231 νὸτιον
457 3171 509 3231 τοῦ
532 3170 645 3255 βορείου
668 3172 747 3256 παρὰ
767 3173 801 3235 τδ
825 3175 934 3255 μᾶλλον
957 3176 1145 3261 μεταβάλλειν
1167 3173 1208 3243 εἰς
1231 3175 1309 3258 ῦδωρ
1330 3173 1380 3235 τὸν
1394 3171 1488 3235 νότιον
1503 3170 1575 3255 ἀέρα

215 3275 266 3334 τοῦ
289 3271 361 3355 πρδς
383 3269 497 3354 ἀρκτον.
534 3273 663 3356 γίνεσθαι
686 3275 718 3338 δὲ
740 3275 807 3358 περί
827 3299 859 3338 τε
881 3277 958 3360 [τὰς]
980 3277 1122 3345 ἀνατολὰς
1143 3281 1194 3339 τοῦ
1216 3275 1301 3360 ἡλίου
1323 3275 1372 3338 καὶ
1394 3275 1458 3359 περὶ
1481 3273 1575 3342 δύσεις

216 3373 270 3436 οὐκ
292 3371 416 3452 ἀνωθεν,
439 3372 504 3437 ἀλλ
531 3375 565 3439 ἐκ
587 3379 645 3440 τῶν
668 3378 806 3460 πλαρίων,
829 3379 962 3463 καθάπερ
985 3379 1086 3443 καί
1055 3402 1106 3448 τας
1130 3318 1262 3463 ράβδούς.
1295 3377 1366 3441 εἰναι
1388 3377 1465 3459 δὲ[δ
1467 3375 1555 3457 ιά]
1525 3398 1576 3445 τας

215 3475 395 3557 καλουμένας
421 3477 458 3562 ῥα
440 3477 544 3561 οίδβους
572 3475 711 3562 ἰριοειδεῖς
738 3479 856 3549 εὐθείας
883 3478 1024 3565 ἐμφάσεις
1049 3481 1114 3565 περὶ
1135 3481 1185 3544 τὸν
1207 3480 1281 3566 ἀέρα
1303 3477 1508 3562 συνισταμένας
1532 3476 1569 3542 δι’
1592 3505 1617 3544 νο

216 3579 382 3663 ἀνωμαλίαν
404 3583 463 3642 τῶν
485 3580 598 3666 ἐνοπτρι
601 3581 708 3654 ζὸντων
730 3587 836 3668 νεφῶν.

876 3873 916 3938 15

278 3976 365 4027 stob.
385 3977 432 4027 ευ.
444 3979 457 4028 1
471 3975 502 4028 οι
518 3975 601 4042 [ιαμ
619 3995 644 4044 p.
661 3976 766 4030 ιιουιι.
785 3976 818 4041 [1.
831 3980 908 4030 nam.
927 3976 996 4031 κιο
1014 3997 1039 4045 p.
1053 3975 1113 4040 τοι,
1135 3976 1235 4031 ιο-νι
1247 3978 1298 4042 ια]

296 4075 569 4162 Ἀριστοτέλους.
614 4077 656 4144 Τδ
680 4080 713 4143 δὲ
734 4078 915 4163 αἰσθητικόν,
939 4081 954 4144 δ
977 4081 1014 4164 δὴ
1037 4083 1141 4149 κοινῶς
1163 4079 1298 4144 ἁπάντων
1320 4085 1378 4142 τῶν
1402 4079 1487 4164 ζῴων
1508 4076 1578 4142 ἴδιον

215 4179 366 4267 (αἰσθήσει
388 4181 442 4265 γὰρ
465 4181 609 4267 διαφέρειν
631 4183 665 4246 τδ
688 4188 765 4270 ζῷον
787 4186 838 4246 τοῦ
861 4180 977 4268 φυτοῦ),
998 4185 1178 4247 πενταπλοῦν
1200 4181 1335 4248 ἐοικέναι.
1362 4187 1448 4247 τοῦτο
1470 4183 1523 4266 γὰρ
1546 4182 1578 4244 τὸ

215 4339 232 4391 8
250 4337 328 4405 μέλαν
342 4342 378 4389 Aa
398 4335 504 4405 μέλανος
521 4342 630 4392 Aristo&
644 4343 660 4391 l.
675 4359 696 4392 ο.
710 4359 734 4408 ρ.
748 4339 840 4394 37413
856 4336 869 4406 Η
921 4341 972 4391 lovi
984 4336 996 4408 Η
1009 4337 1041 4390 θ1
1053 4335 1186 4405 κλωμένου
1195 4341 1229 4393 F:
1243 4339 1375 4408 κλώμενον
1388 4341 1421 4392 C:
1435 4341 1536 4390 correxi
1549 4341 1580 4389 cf.

213 4422 316 4482 τούτους
328 4427 386 4492 γοῦν
398 4421 587 4494 θεωμένουςθι
604 4439 671 4480 recte
689 4431 710 4481 O
725 4426 739 4498 Η
759 4429 775 4482 9
792 4425 808 4496 ἡ
826 4426 870 4479 καὶ
922 4429 1001 4479 Arist.
1029 4445 1053 4493 ρ.
1071 4425 1180 4481 3771)θί
1210 4425 1294 4496 ῶσπερ
1317 4425 1365 4480 ἀπὸ
1387 4426 1486 4497 χαλκοῦ
1512 4424 1579 4476 λείου

214 4514 308 4583 τὴνΟι
327 4511 344 4581 ἡ
362 4511 456 4581 τὴνΡι
475 4512 491 4582 ἡ
511 4518 594 4569 delevi
613 4513 629 4584 Η
652 4516 683 4569 10
703 4514 818 4568 πολθνΑ
838 4518 869 4567 τί.
921 4511 1055 4582 κλωμένης
1079 4517 1135 4583 (τῆς
1159 4512 1251 4583 ὄψεως)
1278 4513 1292 4584 Η
1317 4514 1351 4568 θ8
1373 4514 1417 4572 τάς
1440 4516 1490 4564 del.
1513 4515 1578 4564 Mei-

214 4606 294 4655 Διίεν.
314 4601 419 4656 374162
443 4607 523 4670 vulgo
541 4604 624 4674 παχδν
642 4621 675 4655 εκ
688 4605 844 4672 apographis
857 4599 872 4674 Η
924 4604 991 4654 neke
1012 4599 1024 4669 Η
1046 4600 1079 4655 29
1098 4599 1124 4654 δὲ
1143 4601 1182 4654 διὰ
1200 4605 1234 4655 F:
1254 4611 1385 4654 truncatus
1405 4601 1426 4653 G
1613 4603 1616 4609 '

217 4691 246 4744 ll
267 4687 379 4759 ἐμφαίνει
397 4692 436 4740 A:
455 4707 520 4742 corr.
539 4694 642 4744 Ηεετευ
661 4687 676 4760 Η
699 4689 730 4745 15
748 4691 810 4744 εἰναι
826 4689 874 4760 τὴν
1503 4705 1519 4759 χ

215 4779 249 4828 0:
269 4794 320 4829 om.
337 4779 359 4829 1⁴*
379 4773 392 4845 Η
415 4777 447 4830 17
464 4775 598 4849 ἰσταμίνήν
617 4781 651 4832 C:
670 4777 799 4847 ἱστάμενον
816 4781 876 4831 λέν
961 4777 995 4830 32
1012 4773 1192 4847 Ἀριστοτέλους
1210 4779 1232 4830 δ’
1250 4781 1278 4830 in
1296 4794 1390 4844 marga
1410 4776 1523 4846 ἀριστοτέ
1541 4780 1579 4830 D=

214 4870 330 4919 similiter
341 4885 363 4918 v.
371 4867 404 4920 18
414 4863 799 4935 ἀπεστραμμένονΗῙθούτεΑι
809 4884 874 4924 corr.
928 4883 978 4918 om·
992 4867 1013 4919 C
1033 4869 1065 4918 cs.
1085 4867 1156 4917 Ptol.
1175 4884 1199 4932 p.
1213 4865 1271 4918 74¹.
1290 4875 1425 4933 praeterea
1443 4884 1468 4932 p.
1480 4864 1514 4918 73
1524 4883 1580 4931 sqq.

214 4949 457 5022 ΜείιιελεΗθθάπδ
467 4955 503 5006 A:
516 4956 594 5020 vulgo
605 4952 653 5007 θπό
663 4953 875 5024 Ηκατὸπτρουδε-
928 4969 951 5006 11
965 4969 994 5006 νε
1009 4970 1050 5006 vu
1072 4950 1085 5022 Η
1105 4950 1134 5004 τὸ
1152 4949 1183 5023 δή
1202 4955 1266 5006 AD:
1286 4956 1387 5005 correxi
1401 4949 1413 5021 Η
1425 4957 1477 5004 τῶν
1489 4970 1539 5005 om.
1554 4955 1579 5004 D
