3648 5736
375 392 439 456 636
773 393 910 444 GALENI
929 393 1070 444 HISTOR.
1088 389 1345 444 P51L08.92·-95

425 563 473 626 καὶ
496 565 667 648 προλήψεις·
689 567 705 627 δ
727 565 759 628 δὲ
781 563 875 646 λόγος,
899 562 966 626 καθ’
995 565 1026 628 δν
1049 563 1326 648 προσαγορευόμεθα
1347 561 1467 646 λογικοί,
1488 561 1521 626 ἐκ
1544 565 1604 626 τῶν
1625 586 1681 646 προ

426 667 543 750 λήψεων
571 667 814 752 συμπληροῦσθαι
844 667 896 750 μὲν
924 665 1037 749 λέγεται
1066 666 1141 730 κατὰ
1170 667 1223 750 τὴν
1253 668 1371 750 πρώτην
1403 666 1563 750 ἑβδομάδα.
1607 671 1682 728 τοῦτο

428 771 483 853 γάρ
506 771 566 834 ἐστι
588 771 684 853 νόημα
706 769 874 856 φαντασίας,
897 771 1009 832 διάνοια
1024 772 1141 851 λογικοῦ
1156 765 1245 853 ζῴου.
1283 770 1316 832 τδ
1332 767 1387 852 γὰρ
1401 767 1559 851 φάντασμα
1575 768 1681 832 ἐπειδὰν

377 893 413 932 τοι
428 870 539 958 λοίγικῇ
555 874 722 957 προσπίπτῃ
738 877 833 958 ψυχῇ,
855 870 983 954 ἐννόημα
1005 874 1133 935 καλεῖται
1156 870 1276 955 είληφδς
1297 868 1425 953 τοῦνομα
1446 869 1525 955 παρὰ
1548 874 1602 934 τοῦ
1623 875 1681 934 νοῦ·

427 976 526 1060 διόπερ
542 977 598 1040 ὅσα
612 979 672 1044 τοῖς
694 977 810 1058 ἀλόγοις
833 973 920 1059 ζῴοις
942 973 1123 1058 προσπίπτει,
1144 975 1336 1058 φαντάσματα
1358 973 1444 1056 μόνον
1466 973 1556 1052 ἐστίν,
1580 974 1634 1038 ὅσα
1653 975 1704 1038 δὲν

427 1079 497 1160 ἡμῖν
519 1078 567 1141 καὶ
590 1082 650 1147 τοῖς
672 1078 763 1156 θεοῖς,
785 1081 876 1142 ταῦτα
898 1077 973 1140 κατὰ
995 1075 1075 1158 γένος
1096 1075 1144 1140 καλ
1167 1075 1231 1141 κατ’
1258 1076 1335 1147 είδος
1357 1079 1498 1161 νοήματα.

729 1337 770 1400 93
801 1335 883 1418 Περὶ
905 1337 1115 1418 φαντασιῶν.
1146 1341 1390 1410 [ΡΙυεΙνΙῖι-ε]
1451 1329 1455 1340 ’

517 1489 728 1576 Χρόσιππός
756 1511 828 1576 φησι
854 1489 998 1575 διαφέρειν
1026 1487 1162 1572 ἀλλήλων
1185 1485 1306 1574 τέτταρα
1328 1492 1419 1552 ταῦτα
1441 1487 1605 1573 φαντασίαν
1626 1509 1686 1572 φαν-

431 1595 535 1658 ταστὸν
557 1594 749 1678 φανταστικὸν
770 1595 935 1678 φάντασμα.
979 1591 1123 1676 φαντασία
1146 1591 1198 1673 μὲν
1220 1589 1270 1654 οῦν
1293 1591 1353 1656 ἐστι
1375 1591 1471 1661 πάθος
1492 1591 1523 1654 ἐν
1546 1595 1586 1671 τῇ
1610 1593 1684 1674 ψυχῇ

427 1695 575 1780 γινόμενον
597 1697 645 1759 καὶ
667 1696 880 1780 ἐνδεικνύμενον
903 1695 974 1760 αῦτό
997 1695 1098 1758 τεκαὶ
1120 1693 1154 1756 τδ
1177 1692 1350 1780 πεποιηκός·
1372 1695 1432 1759 οίον
1447 1693 1566 1758 ἐπειδὰν
1588 1689 1685 1774 ἴδωμεν
1701 1707 1717 1745 ιι

428 1799 461 1860 τὸ
488 1797 602 1878 λευκόν,
624 1799 642 1862 ό
667 1798 728 1862 ἐστι
757 1799 868 1877 πάθος,
896 1797 1008 1880 ἐγένετο
1030 1797 1070 1880 τῇ
1092 1797 1176 1882 ψυχῇ
1198 1797 1401 1862 ἐναλλακτικδν
1423 1801 1475 1862 τοῦ
1496 1795 1686 1862 πεπονθότος·

424 1899 535 1985 είρήται
559 1902 591 1964 δὲ
614 1899 758 1986 φαντασία
782 1902 815 1965 ἐκ
837 1905 888 1966 τοῦ
917 1898 1071 1984 φαίνεσθαι
1098 1897 1189 1984 αῦτήν
1215 1921 1247 1962 τε
1275 1901 1323 1962 καὶ
1352 1901 1385 1965 τδ
1415 1899 1594 1984 πεποιηκός,
1623 1897 1685 1979 ὅπερ

375 2021 410 2060 νου
426 2003 486 2068 ἐστὶ
502 2005 679 2088 φανταστόν·
697 1999 702 2090 Ι
718 2004 778 2068 οίον
801 2003 834 2066 τδ
856 2003 959 2066 λεοκδν
981 2002 1030 2066 καὶ
1053 2001 1120 2066 εἴτι
1142 2001 1214 2065 ἄλλο
1236 2003 1284 2066 διὰ
1305 2005 1363 2067 τῶν
1385 2001 1555 2088 αἰσθήσεων
1578 2003 1686 2066 δῦναται

427 2111 514 2170 κινεῖν
536 2107 589 2190 τὴν
611 2107 709 2191 ψυχὴν
731 2105 892 2192 φανταστόν
914 2105 985 2182 ἐστι,
1008 2107 1198 2190 φανταστικὸν
1221 2107 1254 2169 δὲ
1276 2107 1406 2176 διάκενος
1431 2106 1578 2189 έλκοσμδς
1599 2105 1685 2171 πάθος

428 2209 459 2272 ἐν
481 2209 566 2294 ψυχῇ
588 2206 638 2272 ἀπ’
666 2209 783 2280 οῦδενδς
805 2211 969 2293 φανταστοῦ
992 2206 1059 2294 (ὡς)
1088 2213 1327 2296 σκιαμαχοῦντος.
1372 2211 1528 2294 φάντασμα
1555 2209 1589 2272 δέ
1614 2207 1715 2271 ἐσπνυ

428 2309 475 2396 ἐφ’
503 2311 691 2393 δέλκόμεθα
713 2311 788 2376 κατὰ
810 2309 859 2374 τδν
882 2311 1073 2394 φανταστικὸν
1097 2313 1227 2376 διάκενον
1248 2311 1407 2394 ἑλκυσμόν·
1429 2315 1521 2374 ταῦτα
1537 2313 1572 2376 δὲ
1586 2311 1683 2394 γίνεται

428 2412 556 2476 ἐπὶτῶν
584 2415 832 2500 μελαγχολώντων
860 2413 959 2497 ὥσπερ
988 2411 1036 2476 ἐπὶ
1060 2411 1196 2499 Ὀρέστου
1223 2415 1271 2478 καλ
1298 2417 1350 2478 τοῦ
1376 2412 1447 2498 παρ’
1470 2411 1596 2500 Ὁμήρῳ
1623 2412 1683 2478 Θεο-

426 2515 578 2600 κλυμένου.

586 2691 628 2754 94
672 2687 758 2773 Περὶ
780 2693 843 2752 τοῦ
865 2692 939 2759 πῶς
962 2691 1111 2774 δρῶμεν.
1148 2696 1325 2761 [Plut.1V13
1338 2707 1359 2748 ι.
1371 2707 1391 2747 ι.
1405 2698 1475 2760 (m.
1488 2699 1523 2764 ιι]

513 2842 740 2928 Δημόκριτος
767 2844 815 2907 καὶ
843 2841 1052 2928 Ἐπίκουρος
1083 2842 1145 2908 κατ’
1184 2843 1314 2908 εἰδώλων
1346 2843 1481 2928 εἴσκρισιν
1514 2843 1624 2910 οἴονται
1652 2842 1714 2904 τδυ

377 2961 414 3000 ³⁰⁷
432 2947 502 3028 δρᾶν
525 2947 701 3032 συμβαίνειν.
739 2947 831 3031 ἕτεροι
858 2943 918 3010 καί
950 2947 1073 3011 ἀκτίνων
1096 2945 1225 3032 ἔκχυσιν,
1249 2949 1322 3030 μετὰ
1345 2945 1350 3034 Ι
1370 2945 1435 3032 (τὴν
1457 2949 1544 3032 πρὸς)
1570 2949 1603 3012 τδ
1625 2970 1684 3030 πρυ

424 3045 554 3130 κείμενον
570 3047 700 3113 ἔνστασιν
723 3050 808 3113 παλιν
832 3049 1064 3136 θποστραφείαής
1086 3054 1138 3133 τῆς
1161 3047 1267 3133 ὄψεως.
1304 3048 1552 3136 Ἐμπεδοκλῆς
1574 3055 1632 3120 τοῖς
1651 3047 1683 3111 εί·

431 3151 536 3220 δώλοις
558 3151 610 3222 τὰς
633 3153 750 3222 ἀκτῖνάς
777 3173 864 3237 φησιν
886 3150 928 3237 ἐφ’
957 3152 1095 3236 ἑκατέρου
1117 3156 1176 3216 τῶν
1199 3152 1362 3238 ὀφθαλμῶν
1385 3154 1611 3237 ἀποτεινομένου
1631 3155 1684 3219 τοῖς

428 3251 548 3336 πέρασιν
577 3253 674 3318 αὐτῶν
697 3255 757 3318 οἷον
779 3259 887 3340 χειρῶν
910 3255 1036 3340 ἐπαφαῖς
1063 3255 1347 3341 περικαθαπτούσαις
1373 3261 1432 3327 τοῖς
1460 3256 1545 3327 ἐκτδς
1571 3258 1680 3339 στόμασι

427 3355 480 3438 τὴν
504 3353 641 3439 αἴσθησιν
664 3357 737 3441 πρὸς
758 3359 791 3420 τδ
815 3359 885 3442 δρᾶν
912 3360 1073 3442 προσάγειν.
1123 3357 1272 3424 Πλάτων
1299 3360 1374 3422 κατὰ
1404 3361 1606 3444 συναυγασμδν
1633 3360 1712 3421 τοῦθ

426 3459 459 3521 ἐκ
483 3463 541 3522 τῶν
564 3459 729 3543 ὀφθαλμῶν
751 3459 849 3544 φωτδς
871 3459 918 3524 ἐπλ
940 3461 1030 3526 ποσδν
1053 3461 1245 3546 ἀπορρέοντος
1266 3460 1307 3531 είς
1329 3463 1379 3526 τδν
1403 3463 1502 3546 ὅμοιον
1526 3464 1609 3549 ἀέρα

714 3705 755 3766 95
793 3700 878 3786 Περὶ
900 3703 1115 3787 κατόπτρων
1153 3711 1231 3776 [Ρίυι.
1245 3715 1283 3764 lv
1301 3711 1363 3764 142.
1376 3712 1398 3776 ο]

375 3875 411 3914 τοι
515 3855 764 3942 Δηίμόκριτος
792 3857 840 3921 καλ
867 3855 1077 3942 Ἐπίκουρος
1109 3858 1161 3928 τὰς
1187 3857 1379 3944 κατοπτρικὰς
1401 3858 1540 3944 ἐμφάσεις
1564 3857 1683 3944 γίνεσθαι

377 4133 389 4185 l
404 4136 457 4185 τῶν
474 4131 629 4202 πληρὼστων
647 4133 696 4185 AB
716 4130 730 4198 Η
751 4129 878 4200 θλίγιται
894 4135 932 4186 Δι
950 4131 1035 4202 ἄγεται
1086 4137 1228 4186 litterarum
1247 4143 1350 4186 servato
1368 4133 1390 4186 Β
1410 4129 1425 4202 ΙΙ
1447 4135 1478 4190 16
1497 4133 1539 4204 ἀφ’
1559 4123 1584 4206 ᾧ
1601 4138 1624 4188 A
1644 4129 1656 4202 Η
1672 4127 1719 4182 zm'

374 4222 396 4272 Β
417 4218 431 4287 ΙΙ
450 4222 467 4274 4
486 4219 638 4290 ίννοήματος
657 4218 734 4272 δεῖται
752 4217 853 4288 εἰληφὸς
870 4223 905 4274 Βι
925 4225 986 4272 item
1009 4223 1034 4272 A
1086 4218 1149 4274 τδΒ
1170 4217 1183 4290 ΙΙ
1205 4220 1371 4291 φανταστικὸν
1388 4220 1534 4290 διελκυσμάν
1547 4225 1596 4276 AB
1616 4219 1629 4291 ΙΙ
1650 4221 1675 4272 17
1690 4233 1719 4284 με

375 4313 424 4362 αἰεί
444 4312 513 4374 quod
532 4305 662 4377 εἰληφότος
675 4310 752 4360 habet
772 4304 785 4373 ΙΙ
805 4307 894 4365 νοόςΒ
915 4305 929 4374 ΙΙ
950 4307 966 4361 ῦ
989 4307 1034 4374 μό-
1091 4305 1292 4378 λαγχολικιίντων
1319 4312 1356 4361 A:
1390 4307 1624 4379 μελαγχολικῶντος
1653 4319 1719 4371 ευμεν

374 4413 417 4464 ,ον
435 4399 473 4450 Βι
499 4395 563 4464 μόνα
584 4399 609 4448 A
629 4395 642 4463 Η
668 4396 684 4448 6
707 4397 786 4448 ταῦτα
804 4399 907 4462 scripsi:
931 4400 982 4453 τοῖς
1000 4399 1038 4448 A:
1091 4401 1187 4463 scripto
1206 4377 1261 4449 {B
1282 4392 1295 4465 ss
1315 4393 1498 4466 θεοκλυμίνους
1511 4401 1547 4454 B:
1566 4392 1718 4462 θεοκλῦμυνΑ

375 4483 420 4535 καὶ
438 4487 490 4542 τοῖς
508 4484 530 4536 Β
552 4481 565 4550 ΙΙ
586 4479 647 4536 κατ’
669 4499 720 4535 om.
740 4483 761 4535 Β
1126 4484 1158 4536 21
1178 4483 1225 4554 τὴν
1243 4483 1303 4554 πρὸς
1321 4503 1372 4538 σαι.
1391 4487 1439 4536 AB
1460 4481 1474 4554 ΙΙ
1494 4485 1527 4538 99
1546 4485 1651 4540 ἔνστασιν
1666 4477 1719 4533 πόλιν

412 4569 479 4624 δτῦ
497 4569 641 4638 τίτταραΒ
662 4567 676 4636 ΙΙ
697 4571 727 4624 11
749 4568 913 4624 λναλακτικδν
930 4574 968 4623 A:
987 4588 1038 4622 om.
1091 4589 1142 4624 οιιι.
1167 4575 1190 4624 Β
1218 4575 1312 4624 lacuna
1335 4581 1394 4624 οιιο
1422 4575 1565 4626 litterarum
1593 4574 1691 4626 indicata
1708 4561 1717 4626 θ

376 4660 399 4710 Β
419 4654 432 4726 ΙΙ
457 4659 488 4712 13
508 4655 673 4726 φανταστικόν
692 4660 713 4710 Β
735 4655 749 4728 ΙΙ
770 4657 831 4712 ἄλλα
850 4658 937 4712 έστλΒ
962 4653 975 4728 ΙΙ
994 4656 1035 4710 δίι-
1089 4659 1289 4729 ἀποστραφιίσης
1307 4662 1328 4712 Β
1349 4656 1363 4729 ΙΙ
1384 4659 1418 4714 23
1435 4663 1500 4712 nihil
1523 4669 1593 4714 muto
1621 4662 1648 4710 cf.
1667 4656 1718 4708 Plus·

375 4743 465 4798 νασθαι
489 4747 512 4798 Β
537 4742 550 4813 ΙΙ
581 4745 612 4797 14
630 4745 769 4814 φανταστόν
792 4745 858 4800 &AB
885 4745 899 4814 ΙΙ
929 4747 1036 4804 διάκινος
1088 4747 1132 4810 §9
1152 4743 1166 4816 ΙΙ
1186 4747 1220 4802 95
1238 4748 1354 4816 προσάγει
1372 4750 1393 4799 Β
1408 4743 1421 4816 ίΙ
1437 4749 1614 4818 συμμυγασμδν
1631 4749 1650 4799 Β
1668 4740 1679 4810 ΙΙ
1694 4738 1717 4790 '25

376 4831 532 4901 ίλκόσματος
553 4837 590 4886 A:
610 4831 739 4899 διακενιῦς,
758 4831 947 4901 ίλκῦσματοςΒ
967 4831 981 4900 Η
1003 4833 1037 4887 15
1088 4833 1242 4903 ἀπορρέοντα
1259 4837 1281 4888 Β

377 4917 418 4988 ἀφ’
439 4921 461 4972 Β
486 4917 499 4986 ΙΙ
531 4918 567 4978 ὡς
590 4923 679 4974 addidi
698 4925 820 4974 omissum
839 4925 906 4974 inter
928 4923 958 4972 οῦ
983 4935 997 4971 σ
1021 4918 1035 4987 ΙΙ
1124 4921 1157 4974 27
1177 4919 1325 4992 κατόπτρων
1344 4925 1379 4974 Βι
1398 4921 1542 4993 κατόπτρου
1559 4927 1585 4976 A
1603 4917 1616 4990 ΙΙ
1640 4917 1669 4970 28
1683 4927 1716 4964 ss·

379 5009 577 5076 σκιαμαχοῦντος
596 5012 635 5060 Αι
654 5023 710 5062 σκιο
721 5042 854 5062 ........
873 5012 958 5076 spatio
978 5019 1035 5060 octo
1088 5009 1248 5067 τοπτικδςΒ
