3710 5730
697 402 972 454 encunoounus
1266 369 1271 376 ⁴
1467 407 1509 470 53

147 565 177 630 si
200 565 376 632 Karsteuio
399 567 505 632 credis
526 549 696 649 aedualem
718 589 879 635 cursum
902 573 998 637 lunae
1020 569 1231 652 intellegenti.
1271 573 1439 657 probabile
1462 580 1511 638 cst

148 688 191 734 ex
217 667 394 734 maioribus
420 668 617 734 Placitorum
645 677 845 736 vetustorum
880 672 1039 756 capitibus
1065 673 1248 756 dequibus
1273 675 1357 740 inira
1387 676 1510 740 dicetur

145 769 276 835 Aetium
309 769 430 854 placita
456 770 490 836 in
516 770 704 836 minutiores
730 772 855 838 loculos
881 773 1092 839 distribuisse.
1118 774 1184 840 illic
1211 777 1382 842 coniuncta
1410 777 1509 842 fuisse

147 872 226 937 elim
249 871 395 955 suspicor
412 873 593 958 Παρμενίδης
614 874 667 956 τὴν
687 876 810 958 σελήνην
831 873 894 958 ἴσην
909 882 952 961 τῷ
969 876 1044 962 ήλίιρ
1060 877 1107 940 καὶ
1123 876 1169 940 ἀπ’
1190 878 1280 941 αὐτοῦ
1295 880 1483 963 φωτίζεσθαι,
1502 879 1508 908 ¹

145 994 232 1057 quae
249 973 414 1040 oblivione
429 975 571 1057 quadam
593 975 773 1040 collectoris
797 997 861 1042 una
882 978 1095 1044 traderentur.
1129 979 1243 1044 melius
1265 988 1373 1046 autem
1397 982 1509 1046 ultima

146 1076 182 1142 in
204 1097 232 1142 c.
247 1077 290 1142 28
312 1078 377 1161 περὶ
401 1083 561 1162 φωτισμῶν
584 1080 787 1146 collocasset.
821 1079 895 1144 hinc
916 1079 1055 1146 fortasse
1078 1081 1132 1146 lux
1154 1081 1226 1146 loco
1248 1084 1425 1164 antiquitus
1447 1091 1509 1148 tur·-

149 1178 230 1244 hato
252 1177 398 1262 affulget

232 1281 264 1345 II
287 1282 327 1346 31
358 1291 369 1342 l
397 1281 607 1348 Plutarchus:
630 1283 694 1367 περὶ
716 1289 775 1347 τῶν
797 1285 1012 1368 ἀποστημάτων
1034 1289 1087 1368 τῆς
1102 1288 1234 1370 σελήνης.
1259 1285 1456 1372 Ἐμπεδοκλῆς
1471 1293 1509 1354 δι-

145 1385 267 1447 πλάσιον
290 1384 412 1469 ἀπέχειν
436 1386 489 1468 τήν
512 1387 635 1468 σελήνην
658 1386 717 1450 ἀπὸ
739 1391 791 1450 τοῦ
813 1387 896 1470 ήλίου
919 1385 994 1470 ἤπερ
1009 1388 1068 1450 ἀπδ
1084 1393 1136 1472 τῆς
1151 1394 1214 1472 γῆς·
1248 1388 1421 1454 Stobaeus:
1444 1393 1507 1474 περὶ

144 1489 206 1548 τῶν
234 1487 458 1570 ἀποστημάτων.
500 1484 698 1571 Ἐμπεδοκλῆς
724 1489 872 1552 διπλάσιον
904 1489 1025 1574 ἀπέχειν
1056 1495 1108 1574 τῆς
1139 1491 1261 1574 σελήνης
1292 1493 1351 1556 ἀπὸ
1378 1497 1431 1575 τῆς
1456 1483 1509 1576 γῆς

144 1587 222 1672 ήπερ
248 1591 307 1652 ἀπὸ
343 1593 395 1652 τοῦ
426 1589 521 1672 ἡλίου.
566 1587 731 1671 utriusque
754 1589 864 1675 lectio,
895 1591 1021 1656 etiamsi
1050 1599 1085 1657 ut
1111 1593 1208 1674 vulgo
1235 1592 1269 1658 in
1291 1592 1433 1658 Stohaeo
1461 1615 1509 1660 re·

144 1689 264 1756 feceris
279 1692 332 1774 τήν
349 1694 484 1777 σελήνην,
500 1689 652 1774 grauiore
666 1691 801 1758 vulnere
817 1692 953 1758 laborat.
968 1713 1053 1759 >nam
1068 1695 1154 1776 quod
1168 1694 1361 1762 Karstenius
1372 1695 1507 1779 Emped.

145 1814 179 1876 p.
194 1794 258 1858 433
273 1792 312 1826 ¹⁸⁸
334 1793 413 1860 scite
441 1793 565 1860 monuit
592 1792 766 1860 intervalla
788 1794 865 1860 solis
888 1803 920 1862 et
942 1799 1039 1862 lunae
1061 1803 1187 1862 aterna
1211 1803 1245 1861 ut
1268 1797 1374 1862 medio
1397 1797 1507 1862 mundi

148 1895 330 1979 computari
356 1897 472 1980 solere,
498 1895 699 1962 verissimum
723 1903 782 1962 est.
815 1903 912 1979 atque
934 1897 996 1962 huo
1018 1904 1167 1982 spectant
1192 1907 1221 1971 §e
1241 1907 1264 1959 κ.
1284 1909 1310 1961 3.
1338 1907 1508 1984 praeterea

145 1997 259 2082 inepte
273 2017 295 2062 a
310 1999 484 2066 Plutarcho
499 1997 682 2066 inscribitur
696 2003 749 2082 τῆς
763 2001 896 2084 σελήνης,
917 2019 993 2064 narn
1008 1999 1086 2066 solis
1101 2019 1227 2082 quoque
1242 2001 1398 2068 distantia
1416 2003 1509 2068 affer-

144 2105 208 2166 tur.
236 2119 326 2166 error
340 2100 501 2185 proclivis,
523 2100 600 2185 quia
616 2102 713 2166 lunae
728 2100 837 2184 capito
858 2109 1114 2185 praecesserunt.
1146 2109 1244 2185 atquc
1260 2123 1331 2168 oum
1347 2103 1507 2170 Eusebius

142 2199 250 2267 variet
272 2203 487 2287 ἀποστημάτων
509 2203 635 2286 αὐτῆς,
657 2223 700 2269 ne
722 2210 844 2268 certum
865 2203 995 2287 quidem
1008 2212 1067 2288 est,
1090 2225 1166 2270 num
1182 2205 1375 2271 Plutarchus
1395 2226 1505 2289 pccca-

143 2303 238 2370 verit.
274 2303 333 2368 sed
356 2305 453 2370 lunae
475 2305 632 2370 memoria
654 2304 753 2370 ctiam
775 2311 885 2371 cetera
905 2306 1074 2388 utrobique
1095 2307 1245 2373 turbasse
1261 2307 1399 2391 videtur,
1422 2328 1506 2390 quae

142 2405 282 2472 feliciter
304 2405 499 2472 Karsteniue
521 2406 569 2472 sic
591 2407 719 2473 refinxit
737 2405 936 2494 Ἐμπεδοκλῆς
958 2411 1106 2474 διπλάσιον
1129 2411 1248 2495 ἀπέχειν
1271 2413 1320 2474 τὸν
1342 2412 1424 2494 ήλιον
1447 2413 1505 2474 ἀπὸ

147 2514 203 2593 τῆς
223 2514 277 2594 γῆς
299 2507 376 2592 ήπερ
396 2509 449 2591 τήν
472 2511 606 2592 σελήνην.
640 2509 800 2575 titubandi
815 2530 892 2576 vero
908 2529 1007 2576 causa
1021 2512 1210 2597 explicatur,
1234 2513 1260 2578 si
1276 2513 1404 2580 Aetium
1421 2514 1506 2582 festi-

142 2611 276 2676 nantius
304 2630 346 2676 εκ
377 2609 522 2692 longiore
548 2609 590 2675 de
619 2611 826 2696 Empedoclis
855 2613 925 2678 sole
952 2613 1172 2697 disputatione
1197 2615 1278 2680 talia
1304 2617 1505 2702 excerpsisse

144 2713 288 2780 conicias
299 2711 498 2796 Ἐμπεδοκλῆς
513 2713 663 2778 διπλάσιον
679 2714 800 2799 ἀπέχειν
811 2716 870 2778 ἀπὸ
882 2720 934 2800 τῆς
946 2722 1000 2800 γῆς
1010 2717 1085 2801 ἤπερ
1096 2718 1149 2801 τὴν
1161 2721 1294 2801 σελήνην.
1318 2740 1393 2786 nam
1408 2720 1505 2785 etiam

142 2816 341 2882 conbaetius
363 2825 378 2890 t
397 2823 413 2876 2
436 2816 463 2878 οἱ
479 2817 538 2878 ἀπδ
560 2819 619 2878 τῶν
635 2816 848 2900 μαθηματικῶν
864 2819 1196 2883 ὀκτωκαιδεκαπλάσιον.
1230 2821 1306 2886 audi
1321 2823 1441 2908 ἀπέχειν
1456 2824 1505 2885 τδν

140 2921 227 3002 ἥλιον
249 2921 307 2982 ἀπὸ
329 2923 382 3002 τῆς
403 2923 457 3001 γῆς
478 2915 553 3001 ήπερ
575 2917 628 3000 τὴν
650 2921 785 3003 σελήνην.
821 2940 897 2984 nam
923 2919 1171 2986 mathematicus
1196 2921 1434 3006 intellegendus
1456 2933 1506 2990 est

140 3020 396 3086 Aristarchus
422 3017 594 3102 Samius,
624 3019 678 3102 qui
712 3020 754 3086 de
781 3021 956 3103 magnitud.
984 3028 1016 3088 ct
1043 3022 1205 3090 intervall.
1228 3026 1356 3108 prope
1379 3025 1504 3090 Wallis.

141 3143 220 3206 opp.
237 3121 337 3188 math.
353 3122 402 3186 III
418 3141 449 3204 p.
462 3120 524 3184 581
541 3118 634 3186 dicit:
657 3123 690 3185 τδ
706 3123 863 3206 ἀπόστημα
879 3125 894 3188 δ
911 3124 1016 3210 ἀπέχει
1032 3128 1047 3190 δ
1063 3128 1144 3210 ἥλιος
1159 3128 1217 3190 ἀπδ
1233 3132 1285 3210 τῆς
1300 3133 1353 3210 γῆς
1368 3133 1419 3192 τοῦ
1435 3130 1504 3192 ἀπο-

140 3227 291 3309 στήματος
307 3224 341 3288 οὔ
358 3224 463 3308 ἀπέχει
478 3224 498 3306 t
516 3224 624 3306 σελήνη
641 3224 699 3286 ἀπδ
714 3229 767 3308 τῆς
780 3231 834 3310 γῆς
850 3229 947 3308 μεῖζον
963 3227 1015 3309 μέν
1031 3228 1107 3292 ἐστιν
1129 3229 1148 3312 ἢ
1172 3230 1503 3307 ὀκτωκαιδεκαπλάσιον,

139 3327 266 3392 ἔλασσον
289 3328 322 3391 δὲ
344 3327 364 3410 ἢ
386 3325 620 3390 είκοσαπλάσιον.
655 3324 694 3390 εί.
718 3327 802 3393 Plut.
826 3328 867 3394 de
888 3327 949 3393 fac.
972 3328 1006 3394 in
1030 3329 1097 3396 orb.
1121 3330 1186 3395 lun.
1211 3331 1253 3394 10
1275 3351 1305 3414 p.
1323 3329 1451 3395 ease*

228 3430 267 3495 ln
296 3427 491 3512 excerpendi
519 3425 650 3510 negotio
679 3425 823 3494 Stobaeo
850 3431 1073 3514 neglegentior
1099 3438 1132 3500 et
1154 3431 1285 3498 liberior
1307 3438 1357 3497 est
1379 3433 1504 3496 Plutar-

138 3531 233 3598 chus.
268 3532 345 3598 nolo
373 3530 547 3598 verborum
572 3527 768 3597 mutationes
795 3533 849 3598 vel
873 3531 1014 3598 leniores
1040 3534 1093 3598 vel
1119 3533 1311 3600 audaciores
1333 3553 1504 3599 recensere

141 3633 233 3717 quod
255 3640 289 3700 et
309 3631 426 3698 infiniti
448 3637 498 3698 est
519 3629 640 3696 laboris
661 3649 767 3714 neque
793 3651 921 3716 semper
947 3633 991 3698 ad
1016 3633 1258 3700 diiudicandum
1279 3633 1383 3700 facile.
1427 3635 1504 3716 lem-

136 3743 235 3802 mata
255 3742 366 3803 autem
387 3733 504 3802 druse
526 3737 693 3798 contracta
711 3733 839 3800 silentio
860 3734 1038 3818 praeterire
1055 3756 1120 3804 non
1139 3758 1270 3822 possum
1285 3737 1405 3821 quippe
1419 3758 1503 3820 quae

141 3857 259 3921 parum
276 3844 369 3904 caute
385 3837 560 3904 observata
575 3853 649 3901 esse
663 3835 803 3902 videam.
836 3835 899 3902 hcc
913 3837 1010 3902 modo
1026 3837 1201 3905 Kirscheus
1224 3835 1367 3925 [Forsch.
1385 3860 1415 3922 p.
1429 3837 1502 3926 157]

140 3939 275 4022 egregie
290 3939 420 4006 errarit.
454 3936 594 4020 quicum
617 3935 705 4019 apud
728 3937 935 4004 Plutarchum
957 3940 1006 4004 Il
1026 3950 1057 4004 16
1080 3941 1214 4023 legisset
1235 3942 1414 4026 Δημόκριτος
1436 3945 1502 4004 νοῦν

134 4043 187 4105 τδν
211 4042 280 4105 debu
303 4043 333 4106 ἐν
356 4043 423 4127 πυρὶ
453 4041 631 4126 σφαιροειδεῖ
655 4040 708 4122 τἠν
735 4045 786 4104 τοῦ
813 4041 925 4125 κόσμου
953 4045 1050 4127 ψυχήν
1073 4041 1216 4110 Stobaee
1242 4047 1294 4129 ripa
1317 4049 1368 4108 τοῦ
1391 4044 1502 4126 κόσμου

210 4293 220 4328 ¹
239 4293 391 4366 φωτίζεσθαι
410 4297 530 4361 G(A)B‚
549 4299 595 4348 sed
614 4307 703 4349 contra
721 4297 862 4350 Eusebium
881 4309 906 4349 et
924 4300 1064 4352 Stobaeum
1083 4305 1195 4368 recipere
1214 4320 1267 4353 non
1287 4319 1363 4354 ausus
1382 4321 1446 4354 sum.

207 4379 282 4435 ’elii
309 4385 513 4448 magnitudinem
540 4385 602 4436 selle
624 4387 670 4435 illo
694 4401 802 4436 numero
826 4387 997 4438 metiebantur
1018 4396 1047 4437 nt
1071 4387 1155 4439 Cicer.
1174 4391 1272 4441 Luenll.
1292 4389 1325 4444 26
1338 4401 1370 4454 ea,
1386 4393 1429 4441 ubi
1453 4407 1500 4456 pro

132 4470 368 4536 duodeviginti
386 4481 484 4523 temere
503 4474 748 4538 duodetriginta
761 4473 918 4526 Goerenzlus
931 4483 957 4525 et
969 4476 1101 4540 Roeperus
1121 4479 1293 4528 coniecerunt.
1320 4493 1381 4528 narn
1399 4487 1501 4542 praeter

132 4559 247 4609 alterum
270 4559 404 4611 Ciceronis
429 4561 514 4612 locum
532 4559 612 4624 §128
630 4563 720 4612 confer
741 4563 892 4622 Posidonii,
916 4564 1021 4627 opinor,
1045 4573 1193 4629 excerptum
1216 4561 1306 4630 [sohel.
1326 4568 1400 4616 Aret.
1418 4581 1443 4629 p.
1458 4564 1499 4626 99,

134 4641 251 4709 1913.]t
269 4642 339 4713 ῆλιος
357 4645 425 4716 παρὰ
441 4650 492 4704 τοῖς
509 4642 745 4715 μαθηματικοῖς
764 4643 896 4716 curratur,
908 4649 955 4716 τῆς
966 4651 1012 4716 γῆς
1026 4646 1389 4703 δκτωκοιιδεκοιπλασίων
1407 4647 1443 4700 διν
1456 4649 1499 4700 καὶ

130 4729 149 4799 ἡ
169 4734 239 4783 πᾶσα
257 4733 290 4800 'ld
314 4735 359 4784 τοῦ
381 4729 502 4801 μτχίδοιις
524 4731 602 4786 ebroe
624 4731 843 4786 δκτωκαιδίκατόν
865 4733 917 4786 ἐστι
939 4735 983 4786 καὶ
1006 4732 1076 4804 ὅμως
1097 4736 1114 4804 ἡ
1133 4737 1273 4806 περιφέρεια
1292 4736 1370 4788 αὐτοῦ
1389 4733 1418 4786 οδ
1435 4736 1499 4786 πάνυ

129 4815 204 4870 δοκεῖ
223 4815 320 4887 μιηάλη
339 4817 412 4884 εἶναι,
435 4817 519 4887 ἐπειδὴ
543 4815 637 4888 σφόδρα
663 4819 740 4872 αίιτοῖι
759 4821 832 4891 ἐσμεν
852 4819 1040 4892 κεχωρίσμενοι.
1078 4825 1109 4874 ci.
1127 4823 1213 4876 Crem.
1232 4825 1285 4876 An.
1304 4827 1365 4877 Par.
1383 4824 1397 4873 1
1415 4819 1498 4873 373⁶

129 4905 178 4972 μέν
204 4899 248 4956 edu
273 4900 436 4975 Σεραπίων
460 4905 683 4972 [ίΑιικίοσΙιεοιιε,
703 4909 758 4962 Cic.
772 4911 976 4974 chatenet,
995 4911 1085 4964 1161.
1105 4913 1173 4963 Plin.
1192 4913 1246 4963 ind.
1264 4911 1344 4962 111v
1359 4910 1395 4973 V]
1415 4905 1495 4958 ὀκτω-

128 4989 359 5046 καιδικσπλασίονα
377 4991 438 5046 εἶναι
455 4995 502 5063 τῆς
520 4995 566 5063 γῆς
583 4991 627 5046 τδν
643 4991 722 5062 ήλιον.
