3708 5732
332 399 393 464 118
541 401 605 450 v111
642 401 690 450 DE
710 398 967 450 THEOPHRASTI
986 396 1221 449 PHYSICORUM
1241 395 1476 448 OPINIONIBUS

332 567 513 652 descripsit.
546 586 622 632 nam
644 574 773 650 praeter
794 564 857 634 hoc
874 567 928 651 qui
944 565 1068 632 settled
1083 565 1293 634 memorabile
1308 561 1452 629 omiserit
1465 563 1543 630 novi
1557 563 1691 630 nullum.

333 669 536 753 concinitque
562 669 805 755 subscriptionis
832 688 938 736 annus
965 689 1035 735 cum
1062 670 1134 754 ipso
1161 689 1224 752 quo
1248 666 1441 734 (lametiaua
1467 665 1594 750 prodiit.
1640 665 1693 732 Al-

333 773 411 838 dina
439 779 548 838 autern
576 773 727 857 exempla
755 792 821 838 non
848 772 948 838 semel
974 771 1123 838 manibus
1152 776 1263 836 vetere
1290 789 1381 836 more
1402 768 1597 854 transcripta
1620 789 1693 836 esse

333 881 470 940 constat.

418 975 622 1062 Exemplaris
646 996 802 1044 summam
832 977 1069 1060 corruptionem
1096 975 1165 1040 iure
1192 973 1387 1056 querebatur
1413 971 1572 1038 librarius
1616 993 1693 1042 uam

332 1078 474 1144 Aldina
496 1078 692 1166 [Aristotelis
713 1080 777 1144 vol.
793 1079 848 1143 VI.
871 1077 985 1144 Venet.
1008 1077 1143 1142 MDLII.
1167 1083 1227 1143 oct.
1251 1097 1282 1160 p.
1298 1072 1491 1161 483-511],
1514 1094 1609 1158 quam
1633 1075 1694 1142 Oa-

328 1181 450 1247 ·motius
472 1182 609 1266 curavit,
637 1189 673 1246 ut
694 1182 777 1264 dixi,
807 1179 947 1264 pessime
973 1179 1061 1264 typis
1082 1187 1133 1246 est
1154 1198 1318 1262 expressa.
1362 1177 1449 1260 quod
1470 1176 1631 1243 intellexit
1653 1179 1692 1244 H.

335 1282 558 1367 Stephanus
580 1304 652 1350 cunr
674 1283 790 1350 iterum
814 1281 959 1348 editurus
976 1287 1062 1346 esset
1084 1279 1278 1366 [Aristotelis
1292 1286 1325 1346 ct
1340 1279 1557 1364 Theophrasti
1572 1280 1694 1364 scripta

334 1385 493 1467 quaedam
516 1405 557 1450 ox
581 1385 633 1450 off.
649 1386 690 1450 H.
706 1381 863 1468 Stephani
878 1403 932 1448 an.
948 1382 990 1448 M.
1003 1385 1043 1448 D.
1059 1385 1148 1448 LVII
1169 1405 1200 1468 p.
1217 1379 1354 1469 17—46]
1377 1381 1695 1464 Laurentianumque

333 1487 376 1551 ad
405 1486 641 1552 emendandum
672 1485 892 1552 adhibendum
923 1485 1085 1551 censebat.
1131 1486 1189 1553 sed
1215 1505 1293 1552 casn
1324 1483 1497 1568 impeditus
1524 1483 1695 1565 quominus

333 1587 521 1674 inspiceret,
547 1595 614 1654 tum
641 1609 714 1654 curn
740 1587 851 1654 ederet
876 1586 941 1652 otio
971 1587 1142 1654 destitutus
1163 1589 1252 1654 lento
1274 1587 1425 1652 bracchio
1452 1587 1518 1670 egit
1545 1606 1614 1652 rem
1636 1586 1695 1652 dif-

334 1690 516 1756 ficillimam.
548 1709 632 1772 quae
657 1690 692 1754 in
717 1697 903 1754 transcursu
923 1690 1087 1756 emendari
1107 1695 1258 1774 poterant
1278 1695 1530 1754 consentaneum
1551 1695 1600 1754 est
1621 1709 1695 1755 enm

334 1792 544 1876 praestitisse.
580 1792 680 1856 multo
704 1793 798 1876 plura
820 1791 976 1857 debemus
992 1791 1208 1875 Theophrasti
1224 1791 1409 1875 sospitatori
1431 1791 1457 1856 I.
1481 1789 1520 1856 G.
1538 1791 1695 1858 Schnei-

334 1896 424 1962 dero
448 1893 621 1981 [Theophr.
639 1915 712 1978 opp.
736 1891 969 1980 1818-1821],
993 1893 1046 1978 qui
1063 1913 1135 1960 cum
1151 1894 1312 1960 Brandisii
1334 1899 1527 1978 apparatum
1542 1893 1695 1960 absoluta

334 2017 394 2062 sua
415 1997 558 2062 editione
580 2003 718 2062 nanctus
734 2003 820 2063 essct
834 1997 957 2062 iteratis
972 1997 1056 2062 curis
1071 1997 1113 2062 ad
1129 1995 1371 2062 venalissimum
1385 1995 1466 2062 illud
1479 1995 1695 2079 fragmentum

335 2099 437 2165 rediit.
462 2099 627 2183 scriptoris
648 2099 749 2164 verba
768 2098 900 2166 exhibet
915 2100 978 2164 vol.
991 2101 1006 2163 I
1018 2100 1198 2182 647-685,
1222 2117 1315 2164 curas
1330 2098 1533 2164 secundasll
1544 2100 1694 2183 (illisqq,

336 2201 548 2266 Camotianae
560 2201 776 2283 Vossianique
796 2201 987 2267 varietatem
1002 2200 1047 2266 IV
1061 2203 1124 2266 515
1137 2222 1216 2284 sqq,
1239 2202 1386 2266 conlatos
1407 2220 1428 2266 a
1450 2201 1621 2267 Brendisio
1644 2223 1695 2268 co-

336 2303 425 2368 dices
448 2303 475 2368 V
499 2305 558 2368 141
573 2323 641 2386 sqq.
676 2303 874 2370 Schneidero
901 2303 1013 2368 nititur
1039 2303 1285 2387 Philippson,
1317 2302 1407 2368 cuius
1442 2304 1496 2386 ὕλη
1523 2304 1694 2389 ἀνθρωπίνη

336 2403 490 2491 [Berolini
515 2402 609 2489 1831]
631 2423 750 2486 graeca
771 2405 814 2469 ad
836 2405 1002 2471 libidinem
1024 2425 1138 2489 saepe,
1165 2404 1326 2476 interdum
1353 2405 1513 2486 sagaciter
1538 2412 1694 2490 correcta,

335 2506 587 2590 discrepantiam
614 2505 789 2570 editionum
818 2507 1026 2589 codicumque
1059 2506 1362 2590 Schneiderianam,
1395 2506 1498 2572 latina
1524 2505 1696 2573 infeliciter

335 2610 524 2693 plerumque
539 2627 706 2691 expressa,
727 2608 867 2690 denique
889 2609 1054 2675 uberiores
1076 2609 1324 2676 commentarios
1346 2607 1498 2674 continet.
1532 2610 1696 2676 Democri·

335 2717 421 2776 team
448 2709 536 2792 apud
558 2707 816 2792 Theophrastum
838 2710 1018 2776 doctrinam
1039 2711 1216 2793 attigerunt
1243 2710 1484 2778 Burchardus
1506 2709 1695 2796 [Democriti

335 2811 563 2897 philosophiae
590 2811 632 2877 de
661 2811 808 2878 sensibus
832 2811 1015 2896 fragmenta
1044 2812 1275 2899 Mind.1830],
1308 2813 1615 2897 Papencordtius
1643 2812 1695 2899 [de

334 2913 543 2978 stomicorum
569 2911 717 2978 docmina
744 2935 829 2998 spec.
852 2917 867 2980 I
890 2915 962 2980 Ber.
985 2914 1079 3001 1832]
1112 2915 1397 2982 Heimsoethius
1430 2913 1619 3002 [Democriti
1653 2917 1695 2982 de

334 3016 443 3080 anima
457 3015 604 3080 doctriua
625 3015 727 3080 Bonn.
747 3017 840 3104 1835]
863 3017 1096 3082 Mullachius
1120 3019 1309 3100 [Democriti
1331 3017 1445 3099 fragm.
1462 3017 1567 3084 Berol.
1586 3020 1695 3104 18431,

333 3121 502 3181 sententias
528 3128 663 3180 naletam
688 3121 940 3200 pbilosophorum
966 3139 1149 3201 praecorum
1174 3123 1212 3184 dc
1239 3125 1322 3201 cisa,
1349 3123 1461 3184 lamine
1487 3123 1695 3186 electoribus

335 3218 562 3302 Theophrasto
591 3239 690 3304 saepe
718 3221 879 3304 explicato
902 3221 1032 3303 collegit
1054 3223 1091 3288 Ε.
1114 3224 1153 3288 Η.
1176 3245 1241 3289 von
1263 3223 1507 3290 Baumhauer
1528 3223 1628 3305 [Trai.
1650 3225 1694 3290 ad

334 3321 525 3404 Rh.1843].
560 3321 846 3388 Schneiderianam
876 3323 1092 3406 Theophrasti
1125 3325 1252 3409 excepit
1274 3325 1467 3391 Wimmcri
1495 3325 1594 3392 editio
1622 3325 1694 3412 [Tb.

335 3445 434 3508 opera
461 3445 501 3490 ex
529 3444 656 3506 recogn.
687 3423 842 3490 Fridcrici
870 3425 1034 3492 Wimmer.
1057 3427 1285 3513 1-111uips.
1310 3429 1403 3494 1854.
1427 3426 1533 3514 18625
1577 3429 1632 3512 qui
1659 3429 1694 3495 in

333 3527 521 3610 fragmentis
544 3527 750 3592 recensendis
772 3527 991 3594 infelicissime
1013 3535 1161 3594 versatus
1184 3537 1243 3596 cst.
1275 3529 1365 3614 piget
1392 3549 1581 3596 enumerare
1609 3551 1696 3614 quae

333 3650 404 3694 cum
432 3629 465 3692 in
492 3628 608 3694 ceteris
634 3635 702 3693 tum
728 3630 760 3694 in
788 3629 969 3712 fragmento
999 3629 1041 3695 dc
1063 3631 1212 3698 sensibus
1234 3639 1290 3698 aut
1312 3653 1370 3714 per
1393 3631 1573 3698 socordiam
1598 3635 1605 3666 ¹
1636 3641 1694 3700 aut

333 3751 392 3814 per
420 3729 580 3794 inscitiam
611 3730 798 3812 corruperit.
837 3737 983 3814 praestat
1016 3733 1277 3801 emendationum
1307 3734 1432 3799 utilium
1460 3733 1616 3817 quidquid
1648 3736 1694 3801 ad

333 3833 540 3914 desperatum
562 3831 707 3896 libellum
729 3833 863 3898 contulit
884 3839 977 3915 grato
1000 3834 1108 3900 animo
1125 3854 1303 3902 recensere.
1339 3836 1468 3902 omnino
1491 3841 1600 3900 tamen
1620 3837 1694 3902 cavi

333 3954 375 3998 ne
397 3932 562 3996 hominum
584 3931 812 4016 philosophiae
835 3935 1024 4018 plerumque
1045 3937 1231 4020 peritiorum
1254 3956 1351 4018 quam
1366 3936 1446 4002 artis
1460 3937 1694 4018 grammaticae

334 4034 506 4101 temeraria
525 4035 761 4117 complementa
778 4036 830 4100 vel
845 4044 1026 4102 commenta
1040 4037 1257 4104 adscriberem
1273 4037 1390 4104 omnia.
1425 4037 1522 4102 etiam
1538 4039 1694 4122 pauciora

333 4137 471 4220 seligere
492 4157 558 4202 nou
582 4136 733 4202 voluntas
756 4158 815 4204 uos
837 4138 894 4203 sed
916 4138 1119 4223 deploranda
1139 4139 1312 4223 fragmenti
1335 4139 1481 4206 condicio
1504 4140 1616 4206 vetuit.

333 4337 735 4346 ..ρῳ-ὴ.

405 4461 411 4493 ¹
430 4479 524 4514 moneo
544 4481 576 4516 ne
596 4468 652 4528 quis
665 4467 692 4514 in
705 4479 818 4514 errorem
831 4465 954 4526 trahetur,
974 4466 1038 4514 baec
1057 4481 1073 4514 a
1091 4467 1231 4515 Wimmero
1245 4467 1411 4532 neglegenter
1426 4477 1523 4518 mutata
1535 4477 1580 4518 aut
1597 4472 1696 4520 omissa

332 4569 387 4603 esse
402 4552 416 4616 5
431 4551 443 4600 l
459 4551 585 4602 ποιοῦνται
605 4549 722 4618 [traditur
741 4552 870 4616 ποιοῦσιν],
890 4551 949 4615 516
968 4549 1034 4608 ὅλως
1047 4569 1107 4612 οιιι.,
1126 4549 1187 4615 526
1206 4549 1231 4602 δὲ
1250 4561 1308 4617 post
1329 4549 1389 4624 dpc‘rp
1407 4571 1466 4616 om,
1486 4553 1546 4620 §27
1571 4554 1616 4622 μὲν
1635 4565 1696 4620 post

331 4635 438 4707 γίνεσθαι
452 4655 512 4701 om,
525 4637 582 4700 534
596 4633 690 4703 μᾶλλον
703 4647 761 4702 post
773 4636 846 4706 ζῴων
859 4655 918 4700 οιιι.,
937 4639 951 4702 5
964 4637 996 4691 63
1009 4635 1149 4706 αἰσθήσεων
1162 4655 1208 4702 pro
1222 4633 1358 4706 αἰσθητῶν,
1377 4641 1435 4705 590
1448 4641 1493 4709 μὲν
1507 4651 1565 4693 ante
1580 4641 1694 4711 ἀπορροή

332 4743 382 4776 οιιι.
396 4741 498 4776 caumas
511 4725 626 4776 mutandi
639 4740 686 4774 nec
700 4725 799 4774 addidit
811 4741 857 4774 nec
870 4726 944 4776 facilc
957 4729 1013 4792 quis
1026 4727 1166 4790 intellegat.
1196 4741 1263 4788 quse
1282 4729 1398 4777 consulto
1418 4732 1571 4794 peccaverit,
1591 4733 1692 4782 omitto.

330 4814 375 4864 sed
394 4813 453 4862 side
471 4815 617 4878 speciminis
636 4827 677 4875 gra
691 4811 706 4875 5
720 4809 751 4863 51
771 4811 836 4862 haec
855 4827 949 4875 graeca
971 4815 1117 4864 Wimmeri:
1145 4811 1270 4880 ἀπορροὴν
1289 4815 1399 4865 ποιοῦντι
1422 4815 1543 4878 [traditur
1560 4817 1693 4882 ποιοῦντα]

329 4897 354 4949 τί
370 4895 407 4948 δεῖ
422 4895 468 4964 τὴν
481 4895 640 4948 &norbanum
655 4900 739 4947 ποιεῖν.
756 4899 891 4948 Mullacbii
904 4900 996 4950 librum
1010 4915 1061 4950 non
1076 4903 1197 4966 inspexit,
1216 4917 1274 4950 sero
1285 4901 1461 4968 Philippsonls
1480 4905 1511 4954 cf.
1524 4905 1596 4956 Prol.
1607 4919 1692 4955 xxxr.

330 4987 404 5036 aliter
421 4987 543 5050 plurimas
563 5001 615 5034 non
634 4999 650 5034 a
668 4999 694 5034 se
713 4979 796 5048 primo
815 4989 975 5050 excogitatas
994 4987 1100 5038 vidisset
1118 4989 1319 5038 emendationes.
