3710 5730
691 429 966 482 rnonnoomuus
1462 431 1503 494 29

137 603 234 688 paulo
262 607 340 668 ante
363 598 611 666 Schahrastanii
644 604 787 665 aetatem
822 597 1017 663 Placitorum
1050 598 1185 680 emergit
1218 604 1251 664 et
1284 597 1439 664 memoria
1471 607 1504 664 et

134 703 283 770 imitatio.
333 702 501 768 Michael
535 699 716 766 Psellus¹
752 699 937 783 aequalium
969 697 1065 766 facile
1097 699 1302 766 doctissimus
1334 719 1504 783 rerumque

135 805 279 871 civilium
300 805 388 872 idem
409 803 622 888 peritissimus
646 800 853 868 Plutarchum
876 800 937 866 sibi
967 801 1010 866 ad
1037 801 1227 867 imitandum
1254 802 1421 886 proposuit
1448 803 1504 866 lli·

135 907 244 974 chaeli
265 909 379 974 Ducite
400 904 590 989 imperatori
612 905 789 989 scripturus
815 905 959 974 ἑπιλόσιις
984 904 1143 988 συντόμους
1167 909 1297 989 φυσικῶν
1319 908 1503 989 ζητημάτων.

135 1029 213 1076 occe
235 1010 450 1094 prooemium:
478 1011 494 1072 ό
518 1009 571 1091 pis
587 1007 775 1093 Πλοόταρχυς
798 1007 823 1068 ὦ
847 1007 962 1090 μέγιστε
984 1008 1032 1071 καὶ
1055 1007 1187 1072 θειότατε
1209 1009 1327 1092 βασιλεῦ
1349 1009 1504 1094 διαφόρους

135 1111 221 1184 δόξας
248 1112 503 1196 ἀπαριθμοόρινος
533 1111 582 1174 καὶ
608 1112 662 1195 τὴν
689 1110 789 1194 ἀληθῆ
818 1111 859 1194 μὴ
888 1111 1084 1174 ἀποδεικνύων
1106 1110 1154 1174 καὶ
1177 1110 1365 1192 πιστούμενος
1386 1111 1502 1196 συγχέαι

136 1217 247 1297 μᾶλλον
269 1218 319 1280 τδν
341 1215 478 1299 λογισμόν
502 1214 550 1277 καὶ
573 1215 691 1298 ἀπορεῖν
719 1214 931 1298 παρασκευάζει
953 1212 974 1294 ἦ
1004 1211 1044 1282 εἰς
1073 1211 1219 1276 ἐπίστασιν
1245 1210 1318 1294 ἄγει.
1353 1212 1504 1294 quocirca

134 1324 247 1400 spreta
269 1316 435 1384 Plutarchi
458 1315 607 1381 doctrina
628 1315 770 1400 capitum
793 1313 904 1380 titulos
926 1313 1149 1380 tantummodo
1175 1313 1392 1398 transumpsit,
1414 1314 1503 1399 ipsus

135 1420 347 1501 quaestiones
370 1415 591 1504 splendidiore
613 1415 776 1500 sapientia
797 1415 949 1482 videlicet
972 1413 1167 1480 scholastica
1189 1415 1296 1480 solvit.

224 1523 315 1589 Idem
337 1521 425 1588 cadit
445 1521 480 1584 in
503 1518 647 1585 eiusdem
670 1518 769 1584 Paulli
793 1518 1032 1602 Παντοδαπὴν
1055 1519 1289 1582 διδασκαλίαν
1311 1517 1407 1582 simili
1429 1538 1503 1585 con-

134 1625 210 1691 silio
238 1624 482 1706 concinnatam,
517 1641 613 1704 quem
643 1620 759 1686 librum
789 1640 830 1686 ex
857 1619 1047 1704 apographo
1069 1619 1380 1702 Lindenbrogian0¹
1402 1620 1503 1686 edidit

136 1725 306 1793 Fabricius
320 1727 385 1792 t.V
400 1747 432 1810 p.
444 1723 594 1790 69-186
613 1721 664 1788 ed.
679 1723 706 1789 1.
728 1723 840 1788 titulos
855 1721 1037 1788 Psellianos
1052 1724 1198 1788 conlatus
1213 1741 1285 1788 cnm
1300 1722 1502 1790 Plutarcheis

134 1827 247 1894 infra'
274 1827 446 1913 subiciam;
478 1845 613 1911 quorum
635 1824 741 1892 forma
761 1846 827 1892 non
848 1845 1023 1907 numquam
1050 1823 1172 1890 utiliter
1193 1844 1265 1890 cum
1287 1825 1412 1908 reliqua
1440 1846 1504 1892 me

210 2045 218 2076 ¹
238 2046 369 2098 Coranus
386 2046 594 2114 [Constantinus]
613 2050 727 2110 Psellns,
751 2051 794 2112 qui
812 2049 873 2100 dnm
891 2049 1033 2100 monachus
1052 2059 1108 2100 erat
1125 2050 1280 2100 Michaelcm
1297 2065 1324 2100 se
1344 2052 1503 2114 nominabat,

136 2143 214 2184 natus
233 2143 273 2184 eat
290 2144 319 2185 ut
338 2136 415 2200 vulgo
435 2138 544 2187 credunt
561 2153 586 2188 a.
601 2133 678 2196 1020,
696 2143 725 2184 ut
737 2134 830 2186 Sathee
850 2131 938 2190 docuit
952 2133 1019 2189 1018
1037 2135 1203 2204 [μισαιιυνικὴ
1223 2131 1373 2205 βιβλιοθήκῃ
1392 2135 1415 2187 δ’
1431 2134 1502 2206 'Atq-

134 2236 192 2290 rrqc.
213 2220 281 2274 1874
300 2224 381 2272 einsd.
404 2224 481 2274 Dens
506 2225 592 2276 lettres
616 2221 726 2276 iuddites
749 2223 781 2272 de
805 2224 955 2288 l'empereur
978 2225 1057 2276 Mich.
1080 2225 1168 2274 Duces
1190 2225 1312 2289 Parapin.
1336 2226 1410 2276 Paris
1436 2225 1503 2278 1875

135 2327 161 2374 ρ.
176 2309 194 2360 4
207 2308 259 2373 sq]
279 2310 366 2360 floruit
384 2313 496 2362 maxims
515 2315 666 2364 austeritate
685 2311 732 2360 sub
745 2310 876 2361 Micbacle
891 2312 942 2360 Vll
954 2311 1029 2361 Dnca
1047 2311 1173 2378 discipulo
1193 2328 1248 2373 suo,
1268 2313 1311 2376 qui
1333 2310 1397 2364 1071
1419 2331 1502 2366 rerum

135 2399 235 2460 potitus
257 2409 296 2448 est
319 2397 460 2448 adiuvante
483 2403 595 2452 maxime
618 2399 714 2452 Psello.
752 2397 868 2446 ultimam
896 2400 950 2448 eius
974 2401 1123 2448 memoriam
1147 2415 1171 2448 a.
1198 2397 1263 2450 1077
1287 2401 1381 2449 iactam
1404 2403 1503 2452 invenit

136 2483 242 2546 Satires,
261 2499 313 2547 quo
333 2501 402 2535 anno
422 2487 557 2550 epistulam
575 2485 608 2536 ad
621 2484 797 2548 Nlcephorum
809 2485 926 2534 Pbocam
945 2488 1055 2550 scripsit.
1074 2486 1119 2535 sed
1138 2493 1234 2535 certum
1253 2495 1291 2535 eat
1309 2487 1342 2536 ad
1360 2497 1502 2538 extremum

135 2587 156 2620 s.
176 2571 217 2622 XI
240 2573 319 2622 vitam
343 2573 495 2637 produxisse
519 2583 596 2638 atque
620 2581 672 2622 tam
695 2573 807 2621 maxime
832 2573 858 2621 in
882 2589 984 2623 secessu
1006 2573 1078 2624 libris
1101 2573 1242 2623 scribendis
1266 2588 1370 2637 operam
1393 2589 1502 2625 navasse

137 2659 209 2706 relat
226 2662 402 2710 mmonomise
422 2659 622 2723 quaestionibus.
662 2659 755 2722 quibus
774 2662 896 2724 temporis
915 2668 977 2710 crota
999 2657 1065 2712 1092
1084 2660 1206 2710 adiuncta
1223 2669 1273 2721 est,
1297 2675 1374 2723 quam
1395 2663 1503 2713 feliciter

135 2745 287 2795 emendarit
300 2754 326 2796 et
338 2747 478 2811 explicarit
491 2749 622 2799 Usenerus
640 2745 760 2812 [symbol.
773 2748 807 2796 sd
818 2747 908 2798 histor.
926 2756 1021 2798 ιιιιτοιι.
1040 2747 1117 2798 Bonn
1132 2745 1198 2800 1876
1217 2764 1242 2812 p.
1255 2744 1310 2810 25].
1329 2757 1441 2800 ceterum
1459 2751 1503 2800 ille

128 2828 330 2898 ‘philosophiae
343 2829 473 2900 princeps’
495 2838 539 2900 qni
551 2837 708 2886 nostratibus
722 2836 843 2886 uidelicet
856 2850 919 2886 sane
938 2851 1015 2899 qnam
1035 2849 1116 2884 renus
1134 2843 1161 2884 et
1179 2836 1303 2900 insipidus
1322 2837 1431 2898 ridetur,
1449 2837 1501 2904 By·

134 2922 247 2970 nantinis
271 2919 405 2972 Graeculis
429 2922 594 2974 vehementer
615 2923 739 2988 probatus
763 2933 802 2973 est
828 2932 857 2972 ut
883 2924 924 2973 vel
948 2924 1040 2972 satirm
1063 2922 1220 2972 Timariouis
1244 2927 1375 2987 ceteroqui
1398 2925 1501 2976 morda-

134 3009 254 3058 cissimus
282 3011 392 3072 scriptor
419 3009 554 3072 plurimum
579 3005 723 3075 ‘sophistae
745 3011 782 3060 illi
806 3005 957 3075 Byzantino'
984 3009 1095 3060 deferret
1117 3009 1238 3060 Ellisseni
1268 3011 1385 3064 Analect.
1410 3013 1449 3062 1v
1468 3011 1502 3064 89

133 3111 156 3144 e.
170 3092 214 3144 45.
251 3087 387 3151 Έτιλόσιιτ
405 3099 497 3160 partim
516 3097 598 3148 edidit
616 3098 648 3150 0.
662 3097 780 3149 Seebodc
793 3095 884 3160 [Goth.
900 3093 968 3150 1840
980 3105 1006 3147 et
1017 3095 1150 3147 wiesbad.
1167 3095 1232 3148 1857
1252 3113 1284 3148 ex
1303 3099 1454 3164 apographo
1468 3097 1502 3151 82

132 3181 237 3232 Psbric.
260 3182 322 3232 bibl.
346 3183 429 3232 Ausci.
453 3183 609 3248 Haruiensi]
632 3187 751 3249 pessime.
775 3199 834 3234 nam
857 3201 889 3236 ne
916 3185 979 3234 illud
1004 3183 1106 3248 quidem
1133 3184 1261 3234 intellexit
1282 3199 1315 3236 ex
1338 3189 1451 3250 quinque
1474 3203 1501 3238 se

134 3278 189 3318 tros
208 3269 288 3319 libros
312 3277 435 3333 tanquam
458 3272 586 3334 integrum
609 3287 674 3337 opus
698 3272 819 3322 edidisse.
846 3273 950 3338 plenum
973 3279 1045 3322 extat
1066 3271 1114 3321 sub
1137 3273 1241 3321 nomine
1264 3271 1393 3324 Simeonis
1416 3273 1501 3326 Setinis

132 3352 237 3422 ὠνοψιτ
249 3356 293 3407 καὶ
306 3352 450 3424 ἀπόνθισρα
468 3363 581 3424 φυσικῶν
599 3375 627 3409 τι
645 3357 688 3410 καὶ
707 3355 850 3426 φιλοσόφων
868 3355 999 3426 δογμάτων
1018 3355 1131 3420 [Fabric.
1144 3354 1234 3410 11822
1249 3360 1290 3409 ed.
1304 3361 1398 3412 llamb.
1414 3359 1501 3426 1721]Ι

132 3443 285 3495 Simeonem
303 3453 330 3494 et
348 3447 431 3508 ipsum
453 3445 500 3496 sub
520 3445 652 3497 Michaels
670 3447 746 3498 Duca
763 3446 880 3498 floruisse
904 3461 935 3496 ex
954 3453 1114 3511 syntagmate
1133 3443 1188 3513 aspi
1205 3450 1307 3513 τροφῶν
1326 3449 1364 3496 1111
1383 3449 1502 3499 dedicato

132 3539 252 3596 apparet.
288 3531 406 3582 Fabric'
420 3528 519 3585 11320.
547 3534 593 3582 sed
612 3534 663 3583 hoc
681 3547 785 3597 quoque
804 3547 836 3583 ex
849 3533 930 3583 Psellt
949 3534 1058 3597 gemello
1077 3533 1144 3583 libro
1162 3549 1242 3598 prope
1261 3542 1343 3584 totum
1363 3538 1501 3600 manscrip-

132 3619 199 3668 sisse
218 3619 320 3668 dicitur.
348 3621 410 3670 ibid.
430 3637 455 3686 p.
473 3617 534 3672 321.
562 3635 613 3683 quo
640 3629 717 3685 pacto
744 3623 794 3670 ista
822 3620 969 3683 aequalium
992 3620 1131 3670 aemulatio
1154 3621 1310 3684 explicanda
1337 3625 1371 3671 sit
1392 3623 1503 3673 libenter

133 3707 225 3756 doceri
249 3707 334 3756 reum.
362 3707 470 3756 loreitan
495 3707 574 3757 Paulli
599 3723 694 3758 nomen
717 3723 804 3758 errore
828 3708 919 3758 eodem
943 3709 1058 3758 nudatur
1076 3721 1127 3770 quo
1150 3716 1284 3772 syntagma
1302 3709 1431 3772 quadrivii
1449 3707 1501 3771 [ed.

133 3793 251 3858 Xylsnd.
268 3793 349 3844 Basll.
369 3790 450 3856 1556]
468 3795 543 3844 initio
561 3811 582 3845 s.
595 3795 633 3846 xi
653 3798 826 3861 conscriptum
845 3797 914 3846 illins
932 3809 987 3846 csse
1007 3795 1108 3845 dicitur.
1137 3797 1168 3846 ci.
1188 3795 1257 3846 lione
1276 3797 1364 3846 llerm.
1378 3797 1406 3847 11
1417 3795 1479 3850 465.

208 3875 220 3910 ²
238 3881 288 3930 lrnc
306 3895 360 3932 nou
378 3881 461 3931 solum
480 3883 702 3934 mendosissimum
721 3893 772 3946 est,
791 3883 837 3934 sed
855 3885 932 3933 etiam
951 3899 1068 3934 mancum
1087 3891 1115 3932 nt
1132 3899 1165 3933 ex
1184 3883 1297 3934 Fabricii
1315 3885 1400 3935 indice
1419 3886 1501 3934 sltero

133 3987 161 4034 p.
173 3966 206 4020 51
219 3983 275 4032 sqq.
294 3968 443 4032 intellegere
464 3983 551 4032 queas.
569 3971 712 4035 pleniorem
724 3972 837 4022 Psellnm
854 3971 978 4020 exhibent
994 3971 1096 4020 codices
1115 3972 1283 4022 laurinensis
1311 3967 1355 4032 [ci.
1377 3971 1503 4021 Doelrner
1562 3983 1576 4000 ·

133 4057 234 4108 Philol.
243 4056 310 4107 xlv
319 4052 384 4118 408]
404 4063 430 4106 et
441 4057 550 4108 fortasse
562 4058 751 4123 Neapolitanus
764 4056 878 4112 Fabric.⁸
890 4060 914 4108 V
927 4056 980 4109 790
992 4075 1018 4108 u.
1033 4055 1093 4108 238.
1112 4059 1180 4108 idam
1193 4058 1258 4108 liber
1271 4060 1297 4108 in
1311 4059 1368 4108 cod.
1381 4059 1501 4109 Parisino

133 4140 205 4194 2087
225 4141 288 4194 til
309 4141 355 4206 [V.
373 4143 441 4194 Rosa
460 4145 507 4194 Ar.
527 4145 571 4196 Pe.
592 4142 656 4211 225]
679 4148 826 4198 inscribitur
843 4147 889 4196 τοῦ
907 4144 1055 4212 σοφιυτότου
1074 4140 1209 4212 ἱιτιιρτόμυυ
1226 4147 1271 4195 τοῦ
1289 4141 1381 4212 delituit
1400 4143 1502 4213 ἀποκρό·

132 4244 185 4286 σιις
204 4229 350 4281 summissi
369 4229 435 4294 laci]
453 4227 581 4300 όίηγήσιις
599 4229 660 4300 πρὸς
678 4231 813 4302 όριιντήσιις
831 4230 949 4301 διαφόροις
959 4231 1018 4296 [sic]
1037 4230 1081 4282 καὶ
1099 4229 1203 4300 ἀπορίας
1229 4235 1357 4300 ρραριῖσαι
1380 4230 1440 4300 πρὸς
1460 4229 1503 4282 τόν

135 4316 241 4386 βασιλέα
260 4317 345 4388 κόριον
363 4315 462 4388 μιχαὴλ
483 4316 526 4370 τόν
549 4315 637 4371 dodau.
665 4337 698 4372 cx
716 4321 867 4372 Didascalico
885 4321 1013 4386 &sumpta
1030 4327 1090 4370 sunt
1108 4321 1190 4370 murita
1208 4322 1292 4384 capita
1313 4323 1423 4385 margini
1444 4322 1502 4372 cod.

133 4407 244 4458 Parnes.
259 4403 302 4470 [F]
321 4405 428 4458 Stcbsel
447 4407 540 4471 eclog,
559 4423 627 4472 quac
645 4409 726 4460 edidit
743 4409 856 4460 Heersu.

208 4491 219 4526 ⁸
237 4495 349 4546 exhibeo
368 4496 443 4546 binos
454 4493 569 4546 Pabricli
586 4511 715 4548 numeros.
736 4499 807 4562 prior
824 4503 889 4547 ext
904 4495 928 4545 V
946 4511 972 4559 p.
984 4493 1027 4557 69,
1046 4495 1111 4546 alter
1129 4510 1162 4546 ex
1181 4497 1298 4562 pleniore
1316 4496 1363 4546 illo
1382 4497 1501 4560 catalogo

134 4583 199 4634 ibid.
223 4599 248 4648 ρ.
261 4580 294 4635 51
323 4597 459 4647 expressus
482 4590 529 4632 est.
566 4583 669 4634 additur
691 4583 851 4634 Placltorum
873 4583 1000 4647 synopsis.
1038 4577 1079 4634 59.
1103 4581 1137 4635 82
1159 4581 1206 4634 τίνι
1227 4579 1337 4652 διαφέροι
1364 4581 1431 4652 ἀρχὴ
1459 4581 1502 4632 aci

134 4675 259 4739 στοιχεῖον
270 4667 345 4736 [clu]
361 4667 448 4722 12-
461 4667 503 4723 60.
522 4666 557 4721 83
575 4669 631 4739 πιρῑ
648 4673 701 4721 τῶν
719 4668 806 4738 ἀρχῶν
823 4667 849 4720 τί
866 4667 925 4722 εἰσιν
947 4668 1029 4722 13-
1046 4669 1071 4722 0.
1084 4669 1118 4724 84
1137 4668 1193 4738 περὶ
1212 4666 1284 4722 lbos
1301 4672 1323 4722 1.
1338 4669 1370 4722 10
1383 4697 1415 4706 -
1430 4668 1455 4721 0.
1468 4667 1503 4722 85

134 4757 193 4824 περὶ
215 4755 340 4826 δαιμόνων
363 4757 407 4809 καὶ
424 4755 518 4826 ἡρώιον
536 4755 624 4810 18·-
639 4757 681 4812 61.
694 4756 728 4810 86
746 4756 802 4824 παρ]
821 4752 882 4825 ὕλης
904 4755 987 4808 19-
1002 4755 1044 4810 62.
1056 4755 1090 4808 87
1113 4756 1168 4825 περὶ
1190 4757 1278 4809 αἰτιῶν
1294 4757 1350 4810 Ill
1369 4785 1398 4794 -
1413 4755 1455 4810 63.
1468 4755 1502 4808 88

133 4845 191 4913 impl
215 4845 354 4914 σχημάτων
372 4847 387 4896 1
406 4845 486 4897 14-
500 4843 543 4898 64.
565 4843 608 4897 89.
631 4843 687 4913 aspi
709 4842 855 4913 χρωμάτων
877 4844 891 4894 1
916 4840 947 4894 15
966 4871 998 4880 -
1016 4841 1058 4897 65.
1077 4841 1111 4895 90
1134 4844 1189 4914 περὶ
1211 4841 1302 4912 plinus
1324 4843 1368 4896 sui
1390 4843 1503 4911 κρόσιυκ

136 4931 196 4985 117
213 4959 243 4970 -·
258 4933 301 4986 66.
316 4933 348 4986 91
373 4932 429 5002 aspi
451 4930 570 5000 γινόσιιυς
593 4931 636 4984 καὶ
655 4925 751 5000 φδορᾶς
769 4927 829 4982 124
844 4957 874 4966 -
888 4931 931 4982 67.
948 4929 981 4982 92
1000 4929 1055 4999 περὶ
1073 4930 1199 4998 συμάτιυν
1218 4935 1230 4984 l
1253 4929 1284 4984 12
1295 4957 1328 4968 -
1341 4929 1382 4984 68.
1396 4928 1429 4981 93
1447 4927 1503 4997 aspi

136 5016 460 5088 11αρ1στιυν113-75.
478 5017 528 5071 102
552 5019 607 5087 περὶ
631 5016 747 5088 χρόνουΙ
761 5015 792 5070 21
810 5017 897 5072 -76,
914 5017 963 5070 103
982 5018 1037 5086 περὶ
1060 5019 1209 5088 arcturon
1228 5018 1261 5070 23
1274 5043 1300 5054 -
1319 5015 1425 5068 77.104
1447 5017 1502 5086 περὶ
