<?xml version="1.0" encoding="UTF-8"?>
<!DOCTYPE html PUBLIC "-//W3C//DTD XHTML 1.0 Transitional//EN"
    "http://www.w3.org/TR/xhtml1/DTD/xhtml1-transitional.dtd">
<html xmlns="http://www.w3.org/1999/xhtml" xml:lang="en" lang="en">
 <head>
  <title>
</title>
<meta http-equiv="Content-Type" content="text/html;charset=utf-8" />
  <meta name='ocr-system' content='tesseract 3.04.00' />
  <meta name='ocr-capabilities' content='ocr_page ocr_carea ocr_par ocr_line ocrx_word'/>
</head>
<body>
  <div class='ocr_page' id='page_1' title='image "./doxographigraec01dielgoog/doxographigraec01dielgoog_0054.png"; bbox 0 0 3710 5730; ppageno 0'>
   <div class='ocr_carea' id='block_1_1' title="bbox 729 350 1544 414">
    <p class='ocr_par' dir='ltr' id='par_1_1' title="bbox 729 350 1544 414">
     <span class='ocr_line' id='line_1_1' title="bbox 729 350 1544 414; baseline -0.01 -14"><span class='ocrx_word' id='word_1_1' title='bbox 729 350 1004 404; x_wconf 75' lang='lat' dir='ltr'>PROLEGOMBNA</span> <span class='ocrx_word' id='word_1_2' title='bbox 1503 351 1544 414; x_wconf 85' lang='lat'>39</span> 
     </span>
    </p>
   </div>
   <div class='ocr_carea' id='block_1_2' title="bbox 173 517 1543 1116">
    <p class='ocr_par' dir='ltr' id='par_1_2' title="bbox 173 517 1543 1116">
     <span class='ocr_line' id='line_1_2' title="bbox 175 517 1543 606; baseline 0.001 -20"><span class='ocrx_word' id='word_1_3' title='bbox 175 528 300 587; x_wconf 81' lang='lat' dir='ltr'>textum</span> <span class='ocrx_word' id='word_1_4' title='bbox 327 521 449 606; x_wconf 89' lang='lat' dir='ltr'>recepit</span> <span class='ocrx_word' id='word_1_5' title='bbox 472 518 657 586; x_wconf 79' lang='lat' dir='ltr'>Galeniana</span> <span class='ocrx_word' id='word_1_6' title='bbox 684 517 730 582; x_wconf 92' lang='lat' dir='ltr'>sic</span> <span class='ocrx_word' id='word_1_7' title='bbox 756 517 1000 603; x_wconf 78' lang='lat' dir='ltr'>interpretatus.</span> <span class='ocrx_word' id='word_1_8' title='bbox 1035 541 1150 604; x_wconf 92' lang='lat' dir='ltr'>porro</span> <span class='ocrx_word' id='word_1_9' title='bbox 1184 520 1367 586; x_wconf 91' lang='lat' dir='ltr'>tenebrae</span> <span class='ocrx_word' id='word_1_10' title='bbox 1401 529 1543 604; x_wconf 87' lang='lat' dir='ltr'>cogunt</span> 
     </span>
     <span class='ocr_line' id='line_1_3' title="bbox 174 621 1542 707; baseline 0.001 -19"><span class='ocrx_word' id='word_1_11' title='bbox 174 629 468 707; x_wconf 81' lang='lat' dir='ltr'>aggregentque</span> <span class='ocrx_word' id='word_1_12' title='bbox 489 623 614 688; x_wconf 89' lang='lat' dir='ltr'>visum</span> <span class='ocrx_word' id='word_1_13' title='bbox 637 626 919 706; x_wconf 74' lang='lat' dir='ltr'>proptereaque</span> <span class='ocrx_word' id='word_1_14' title='bbox 941 621 1125 687; x_wconf 89' lang='lat' dir='ltr'>hebetant</span> <span class='ocrx_word' id='word_1_15' title='bbox 1148 640 1266 686; x_wconf 90' lang='lat' dir='ltr'>...ea</span> <span class='ocrx_word' id='word_1_16' title='bbox 1287 629 1444 706; x_wconf 91' lang='lat' dir='ltr'>propter</span> <span class='ocrx_word' id='word_1_17' title='bbox 1466 646 1542 690; x_wconf 96' lang='lat' dir='ltr'>non</span> 
     </span>
     <span class='ocr_line' id='line_1_4' title="bbox 174 721 1541 810; baseline 0.001 -20"><span class='ocrx_word' id='word_1_18' title='bbox 174 744 333 790; x_wconf 89' lang='lat' dir='ltr'>cernere</span> <span class='ocrx_word' id='word_1_19' title='bbox 355 745 424 790; x_wconf 93' lang='lat' dir='ltr'>nos</span> <span class='ocrx_word' id='word_1_20' title='bbox 446 725 484 789; x_wconf 93' lang='lat' dir='ltr'>in</span> <span class='ocrx_word' id='word_1_21' title='bbox 506 722 696 790; x_wconf 88' lang='lat' dir='ltr'>tenebris.</span> <span class='ocrx_word' id='word_1_22' title='bbox 738 721 780 788; x_wconf 91' lang='lat' dir='ltr'>de</span> <span class='ocrx_word' id='word_1_23' title='bbox 802 725 937 788; x_wconf 77' lang='grc' dir='ltr'>συνάπτει</span> <span class='ocrx_word' id='word_1_24' title='bbox 961 730 993 790; x_wconf 91' lang='lat' dir='ltr'>et</span> <span class='ocrx_word' id='word_1_25' title='bbox 1015 725 1155 808; x_wconf 73' lang='grc' dir='ltr'>συγκρίνει</span> <span class='ocrx_word' id='word_1_26' title='bbox 1178 723 1318 788; x_wconf 89' lang='lat' dir='ltr'>dubitari</span> <span class='ocrx_word' id='word_1_27' title='bbox 1342 733 1459 810; x_wconf 88' lang='lat' dir='ltr'>potest,</span> <span class='ocrx_word' id='word_1_28' title='bbox 1483 729 1541 794; x_wconf 91' lang='lat' dir='ltr'>sed</span> 
     </span>
     <span class='ocr_line' id='line_1_5' title="bbox 174 826 1539 911; baseline 0.003 -20"><span class='ocrx_word' id='word_1_29' title='bbox 174 829 223 892; x_wconf 82' lang='grc' dir='ltr'>διὰ</span> <span class='ocrx_word' id='word_1_30' title='bbox 244 833 330 891; x_wconf 81' lang='grc' dir='ltr'><strong>τοῦτο</strong></span> <span class='ocrx_word' id='word_1_31' title='bbox 353 834 445 911; x_wconf 88' lang='lat' dir='ltr'>patet</span> <span class='ocrx_word' id='word_1_32' title='bbox 467 846 655 910; x_wconf 85' lang='lat' dir='ltr'>expressum</span> <span class='ocrx_word' id='word_1_33' title='bbox 680 844 761 890; x_wconf 89' lang='lat' dir='ltr'>esse.</span> <span class='ocrx_word' id='word_1_34' title='bbox 807 826 916 891; x_wconf 87' lang='lat' dir='ltr'>ethic</span> <span class='ocrx_word' id='word_1_35' title='bbox 939 827 1019 891; x_wconf 92' lang='lat' dir='ltr'>citra</span> <span class='ocrx_word' id='word_1_36' title='bbox 1041 826 1268 892; x_wconf 87' lang='lat' dir='ltr'>necessitatem</span> <span class='ocrx_word' id='word_1_37' title='bbox 1291 827 1400 894; x_wconf 92' lang='lat' dir='ltr'>aliena</span> <span class='ocrx_word' id='word_1_38' title='bbox 1423 831 1539 897; x_wconf 91' lang='lat' dir='ltr'>emble·</span> 
     </span>
     <span class='ocr_line' id='line_1_6' title="bbox 173 927 1538 1013; baseline 0.001 -19"><span class='ocrx_word' id='word_1_39' title='bbox 173 937 264 994; x_wconf 85' lang='lat' dir='ltr'>mata</span> <span class='ocrx_word' id='word_1_40' title='bbox 285 928 419 1013; x_wconf 82' lang='lat' dir='ltr'>infersit,</span> <span class='ocrx_word' id='word_1_41' title='bbox 441 929 488 994; x_wconf 89' lang='lat' dir='ltr'>ita</span> <span class='ocrx_word' id='word_1_42' title='bbox 503 927 621 992; x_wconf 80' lang='lat' dir='ltr'>Galeni</span> <span class='ocrx_word' id='word_1_43' title='bbox 644 928 837 993; x_wconf 86' lang='lat' dir='ltr'>auctoritate</span> <span class='ocrx_word' id='word_1_44' title='bbox 855 927 889 992; x_wconf 90' lang='lat' dir='ltr'>in</span> <span class='ocrx_word' id='word_1_45' title='bbox 905 927 1142 1010; x_wconf 88' lang='lat' dir='ltr'>ineptissimum</span> <span class='ocrx_word' id='word_1_46' title='bbox 1158 947 1298 994; x_wconf 88' lang='lat' dir='ltr'>errorem</span> <span class='ocrx_word' id='word_1_47' title='bbox 1315 929 1463 994; x_wconf 87' lang='lat' dir='ltr'>inductus</span> <span class='ocrx_word' id='word_1_48' title='bbox 1480 937 1538 995; x_wconf 90' lang='lat' dir='ltr'>est.</span> 
     </span>
     <span class='ocr_line' id='line_1_7' title="bbox 176 1028 1539 1116; baseline 0 -19"><span class='ocrx_word' id='word_1_49' title='bbox 176 1033 256 1097; x_wconf 77' lang='lat' dir='ltr'>VBO</span> <span class='ocrx_word' id='word_1_50' title='bbox 267 1040 301 1093; x_wconf 85' lang='lat'>30</span> <span class='ocrx_word' id='word_1_51' title='bbox 323 1052 382 1114; x_wconf 90' lang='lat' dir='ltr'>pro</span> <span class='ocrx_word' id='word_1_52' title='bbox 406 1050 482 1096; x_wconf 93' lang='lat' dir='ltr'>vero</span> <span class='ocrx_word' id='word_1_53' title='bbox 502 1028 722 1116; x_wconf 82' lang='grc' dir='ltr'><strong>Ἐρασίστρατος</strong></span> <span class='ocrx_word' id='word_1_54' title='bbox 742 1029 775 1094; x_wconf 94' lang='lat' dir='ltr'>in</span> <span class='ocrx_word' id='word_1_55' title='bbox 786 1029 938 1096; x_wconf 88' lang='lat' dir='ltr'>Vossiani</span> <span class='ocrx_word' id='word_1_56' title='bbox 955 1030 1102 1113; x_wconf 81' lang='lat' dir='ltr'>margine</span> <span class='ocrx_word' id='word_1_57' title='bbox 1117 1037 1254 1114; x_wconf 88' lang='lat' dir='ltr'>apparet</span> <span class='ocrx_word' id='word_1_58' title='bbox 1270 1030 1387 1096; x_wconf 83' lang='lat' dir='ltr'>Galeni</span> <span class='ocrx_word' id='word_1_59' title='bbox 1404 1031 1539 1097; x_wconf 88' lang='lat' dir='ltr'>ridicula</span> 
     </span>
    </p>
   </div>
   <div class='ocr_carea' id='block_1_3' title="bbox 172 1132 1539 1302">
    <p class='ocr_par' dir='ltr' id='par_1_3' title="bbox 172 1132 1539 1302">
     <span class='ocr_line' id='line_1_8' title="bbox 172 1132 1539 1280; baseline 0.001 -82"><span class='ocrx_word' id='word_1_60' title='bbox 172 1134 267 1200; x_wconf 84' lang='lat' dir='ltr'>lectio</span> <span class='ocrx_word' id='word_1_61' title='bbox 291 1134 376 1218; x_wconf 83' lang='grc' dir='ltr'>ἀέρος</span> <span class='ocrx_word' id='word_1_62' title='bbox 405 1133 551 1218; x_wconf 78' lang='grc' dir='ltr'><strong>Στράτων,</strong></span> <span class='ocrx_word' id='word_1_63' title='bbox 572 1132 660 1216; x_wconf 92' lang='lat' dir='ltr'>quod</span> <span class='ocrx_word' id='word_1_64' title='bbox 679 1139 830 1199; x_wconf 88' lang='lat' dir='ltr'>accurate</span> <span class='ocrx_word' id='word_1_65' title='bbox 851 1133 1011 1216; x_wconf 80' lang='lat' dir='ltr'>expressit</span> <span class='ocrx_word' id='word_1_66' title='bbox 1035 1132 1153 1228; x_wconf 86' lang='lat' dir='ltr'>latinus</span> <span class='ocrx_word' id='word_1_67' title='bbox 1175 1133 1345 1216; x_wconf 79' lang='lat' dir='ltr'>interpres.</span> <span class='ocrx_word' id='word_1_68' title='bbox 1374 1133 1539 1280; x_wconf 44' lang='lat' dir='ltr'>laudqtbile</span> 
     </span>
     <span class='ocr_line' id='line_1_9' title="bbox 1413 1243 1495 1302; baseline 0.012 -22"><span class='ocrx_word' id='word_1_69' title='bbox 1413 1243 1445 1302; x_wconf 83' lang='grc' dir='ltr'>φι</span> <span class='ocrx_word' id='word_1_70' title='bbox 1464 1243 1495 1288; x_wconf 89' lang='grc' dir='ltr'>υς</span> 
     </span>
    </p>
   </div>
   <div class='ocr_carea' id='block_1_4' title="bbox 167 1303 1538 2613">
    <p class='ocr_par' dir='ltr' id='par_1_4' title="bbox 167 1303 1538 2613">
     <span class='ocr_line' id='line_1_10' title="bbox 171 1303 1538 1389; baseline -0.001 -19"><span class='ocrx_word' id='word_1_71' title='bbox 171 1311 291 1389; x_wconf 89' lang='lat' dir='ltr'>autem,</span> <span class='ocrx_word' id='word_1_72' title='bbox 314 1304 400 1387; x_wconf 91' lang='lat' dir='ltr'>quod</span> <span class='ocrx_word' id='word_1_73' title='bbox 423 1303 508 1368; x_wconf 80' lang='lat' dir='ltr'>V29</span> <span class='ocrx_word' id='word_1_74' title='bbox 527 1313 543 1364; x_wconf 88' lang='lat'><strong>3</strong></span> <span class='ocrx_word' id='word_1_75' title='bbox 567 1303 732 1368; x_wconf 77' lang='lat' dir='ltr'>Plutarchi</span> <span class='ocrx_word' id='word_1_76' title='bbox 755 1305 905 1368; x_wconf 78' lang='lat' dir='ltr'>lacunam</span> <span class='ocrx_word' id='word_1_77' title='bbox 928 1303 974 1367; x_wconf 90' lang='lat' dir='ltr'>sic</span> <span class='ocrx_word' id='word_1_78' title='bbox 997 1309 1158 1368; x_wconf 90' lang='lat' dir='ltr'>corrector</span> <span class='ocrx_word' id='word_1_79' title='bbox 1178 1303 1321 1386; x_wconf 87' lang='lat' dir='ltr'>explevit</span> <span class='ocrx_word' id='word_1_80' title='bbox 1344 1305 1482 1387; x_wconf 81' lang='grc' dir='ltr'><strong>ἡρὸδοτος</strong></span> <span class='ocrx_word' id='word_1_81' title='bbox 1506 1306 1538 1368; x_wconf 85' lang='grc' dir='ltr'>δέ</span> 
     </span>
     <span class='ocr_line' id='line_1_11' title="bbox 171 1403 1537 1492; baseline -0.002 -20"><span class='ocrx_word' id='word_1_82' title='bbox 171 1430 243 1492; x_wconf 77' lang='grc' dir='ltr'><strong>φησι</strong></span> <span class='ocrx_word' id='word_1_83' title='bbox 266 1411 327 1471; x_wconf 86' lang='grc' dir='ltr'><strong>ιιτλ.</strong></span> <span class='ocrx_word' id='word_1_84' title='bbox 370 1405 571 1472; x_wconf 90' lang='lat' dir='ltr'>Herodotum</span> <span class='ocrx_word' id='word_1_85' title='bbox 598 1425 769 1490; x_wconf 85' lang='lat' dir='ltr'>perperam</span> <span class='ocrx_word' id='word_1_86' title='bbox 798 1403 933 1488; x_wconf 89' lang='lat' dir='ltr'>praebet</span> <span class='ocrx_word' id='word_1_87' title='bbox 956 1405 1110 1487; x_wconf 78' lang='lat' dir='ltr'>Galenus,</span> <span class='ocrx_word' id='word_1_88' title='bbox 1138 1405 1343 1470; x_wconf 88' lang='lat' dir='ltr'>emendatum</span> <span class='ocrx_word' id='word_1_89' title='bbox 1384 1404 1537 1490; x_wconf 75' lang='grc' dir='ltr'>Ἡρόφιλος</span> 
     </span>
     <span class='ocr_line' id='line_1_12' title="bbox 172 1507 1535 1592; baseline -0.001 -18"><span class='ocrx_word' id='word_1_90' title='bbox 172 1509 268 1576; x_wconf 88' lang='lat' dir='ltr'>vertit</span> <span class='ocrx_word' id='word_1_91' title='bbox 283 1509 445 1574; x_wconf 85' lang='lat' dir='ltr'>Budaeus.</span> <span class='ocrx_word' id='word_1_92' title='bbox 478 1529 583 1592; x_wconf 90' lang='lat' dir='ltr'>neque</span> <span class='ocrx_word' id='word_1_93' title='bbox 606 1509 711 1573; x_wconf 90' lang='lat' dir='ltr'>minus</span> <span class='ocrx_word' id='word_1_94' title='bbox 734 1509 977 1575; x_wconf 81' lang='lat' dir='ltr'>emendationes</span> <span class='ocrx_word' id='word_1_95' title='bbox 993 1507 1182 1573; x_wconf 89' lang='lat' dir='ltr'>correctoris</span> <span class='ocrx_word' id='word_1_96' title='bbox 1198 1525 1278 1589; x_wconf 89' lang='lat' dir='ltr'>quas</span> <span class='ocrx_word' id='word_1_97' title='bbox 1293 1527 1359 1570; x_wconf 92' lang='lat' dir='ltr'>non</span> <span class='ocrx_word' id='word_1_98' title='bbox 1374 1527 1392 1570; x_wconf 93' lang='lat' dir='ltr'>e</span> <span class='ocrx_word' id='word_1_99' title='bbox 1410 1507 1535 1572; x_wconf 82' lang='lat' dir='ltr'>Galeno</span> 
     </span>
     <span class='ocr_line' id='line_1_13' title="bbox 170 1607 1536 1694; baseline 0 -18"><span class='ocrx_word' id='word_1_100' title='bbox 170 1612 229 1677; x_wconf 90' lang='lat' dir='ltr'>sed</span> <span class='ocrx_word' id='word_1_101' title='bbox 251 1633 292 1677; x_wconf 85' lang='lat' dir='ltr'>ex</span> <span class='ocrx_word' id='word_1_102' title='bbox 314 1611 416 1694; x_wconf 90' lang='lat' dir='ltr'>ipsius</span> <span class='ocrx_word' id='word_1_103' title='bbox 438 1611 568 1693; x_wconf 89' lang='lat' dir='ltr'>ingenio</span> <span class='ocrx_word' id='word_1_104' title='bbox 593 1612 712 1694; x_wconf 89' lang='lat' dir='ltr'>petitas</span> <span class='ocrx_word' id='word_1_105' title='bbox 728 1618 761 1676; x_wconf 88' lang='lat' dir='ltr'>et</span> <span class='ocrx_word' id='word_1_106' title='bbox 783 1619 928 1694; x_wconf 89' lang='lat' dir='ltr'>tempore</span> <span class='ocrx_word' id='word_1_107' title='bbox 951 1609 1074 1692; x_wconf 84' lang='lat' dir='ltr'>priores</span> <span class='ocrx_word' id='word_1_108' title='bbox 1097 1607 1174 1691; x_wconf 79' lang='lat' dir='ltr'>diri,</span> <span class='ocrx_word' id='word_1_109' title='bbox 1198 1609 1231 1673; x_wconf 92' lang='lat' dir='ltr'>in</span> <span class='ocrx_word' id='word_1_110' title='bbox 1258 1609 1407 1675; x_wconf 84' lang='lat' dir='ltr'>versione</span> <span class='ocrx_word' id='word_1_111' title='bbox 1430 1629 1536 1694; x_wconf 86' lang='lat' dir='ltr'>paene</span> 
     </span>
     <span class='ocr_line' id='line_1_14' title="bbox 170 1711 1535 1798; baseline -0.003 -18"><span class='ocrx_word' id='word_1_112' title='bbox 170 1734 283 1780; x_wconf 88' lang='lat' dir='ltr'>omnes</span> <span class='ocrx_word' id='word_1_113' title='bbox 297 1714 509 1798; x_wconf 89' lang='lat' dir='ltr'>reperiuntur.</span> <span class='ocrx_word' id='word_1_114' title='bbox 544 1713 590 1777; x_wconf 87' lang='lat' dir='ltr'>ita</span> <span class='ocrx_word' id='word_1_115' title='bbox 609 1713 643 1778; x_wconf 92' lang='lat' dir='ltr'>in</span> <span class='ocrx_word' id='word_1_116' title='bbox 662 1712 828 1798; x_wconf 90' lang='lat' dir='ltr'>prooemio</span> <span class='ocrx_word' id='word_1_117' title='bbox 853 1713 873 1775; x_wconf 93' lang='lat' dir='ltr'>l.</span> <span class='ocrx_word' id='word_1_118' title='bbox 889 1711 922 1776; x_wconf 94' lang='lat' dir='ltr'>II</span> <span class='ocrx_word' id='word_1_119' title='bbox 938 1717 1115 1776; x_wconf 87' lang='lat' dir='ltr'>correctum</span> <span class='ocrx_word' id='word_1_120' title='bbox 1138 1711 1236 1775; x_wconf 89' lang='lat' dir='ltr'>habet</span> <span class='ocrx_word' id='word_1_121' title='bbox 1257 1730 1369 1793; x_wconf 90' lang='lat' dir='ltr'>margo</span> <span class='ocrx_word' id='word_1_122' title='bbox 1385 1714 1535 1796; x_wconf 83' lang='grc' dir='ltr'><strong>περὶτῶν</strong></span> 
     </span>
     <span class='ocr_line' id='line_1_15' title="bbox 169 1811 1535 1900; baseline -0.001 -18"><span class='ocrx_word' id='word_1_123' title='bbox 169 1819 421 1900; x_wconf 80' lang='grc' dir='ltr'><strong>ἀποτελεσμάτων,</strong></span> <span class='ocrx_word' id='word_1_124' title='bbox 437 1815 588 1881; x_wconf 88' lang='lat' dir='ltr'>Budaeus</span> <span class='ocrx_word' id='word_1_125' title='bbox 604 1816 651 1882; x_wconf 91' lang='lat' dir='ltr'>de</span> <span class='ocrx_word' id='word_1_126' title='bbox 668 1815 839 1898; x_wconf 82' lang='lat' dir='ltr'>effectis,</span> <span class='ocrx_word' id='word_1_127' title='bbox 856 1816 884 1879; x_wconf 92' lang='lat' dir='ltr'>V</span> <span class='ocrx_word' id='word_1_128' title='bbox 901 1815 940 1878; x_wconf 82' lang='lat'>18</span> <span class='ocrx_word' id='word_1_129' title='bbox 959 1821 974 1873; x_wconf 81' lang='lat'><strong>2</strong></span> <span class='ocrx_word' id='word_1_130' title='bbox 990 1831 1048 1895; x_wconf 91' lang='lat' dir='ltr'>pro</span> <span class='ocrx_word' id='word_1_131' title='bbox 1064 1811 1180 1878; x_wconf 91' lang='lat' dir='ltr'>vitioso</span> <span class='ocrx_word' id='word_1_132' title='bbox 1197 1813 1302 1896; x_wconf 78' lang='grc' dir='ltr'><strong>ἔγνωτε</strong></span> <span class='ocrx_word' id='word_1_133' title='bbox 1318 1813 1405 1879; x_wconf 91' lang='lat' dir='ltr'>haud</span> <span class='ocrx_word' id='word_1_134' title='bbox 1419 1815 1535 1881; x_wconf 91' lang='lat' dir='ltr'>inscite</span> 
     </span>
     <span class='ocr_line' id='line_1_16' title="bbox 170 1914 1534 2006; baseline -0.002 -20"><span class='ocrx_word' id='word_1_135' title='bbox 170 1920 371 2006; x_wconf 83' lang='lat' dir='ltr'>periclitatus</span> <span class='ocrx_word' id='word_1_136' title='bbox 387 1926 437 1984; x_wconf 90' lang='lat' dir='ltr'>est</span> <span class='ocrx_word' id='word_1_137' title='bbox 453 1925 613 1984; x_wconf 89' lang='lat' dir='ltr'>corrector</span> <span class='ocrx_word' id='word_1_138' title='bbox 628 1919 779 2004; x_wconf 77' lang='grc' dir='ltr'><strong>ἠγνόηται,</strong></span> <span class='ocrx_word' id='word_1_139' title='bbox 795 1917 845 1983; x_wconf 91' lang='lat' dir='ltr'>cui</span> <span class='ocrx_word' id='word_1_140' title='bbox 862 1916 963 1981; x_wconf 88' lang='lat' dir='ltr'>latina</span> <span class='ocrx_word' id='word_1_141' title='bbox 979 1914 1188 1998; x_wconf 89' lang='lat' dir='ltr'>respondent:</span> <span class='ocrx_word' id='word_1_142' title='bbox 1211 1915 1388 1998; x_wconf 84' lang='lat' dir='ltr'>ignorari</span> <span class='ocrx_word' id='word_1_143' title='bbox 1404 1916 1431 2004; x_wconf 83' lang='lat'>[?</span> <span class='ocrx_word' id='word_1_144' title='bbox 1445 1917 1534 1999; x_wconf 90' lang='lat' dir='ltr'>igno·</span> 
     </span>
     <span class='ocr_line' id='line_1_17' title="bbox 169 2015 1532 2109; baseline -0.003 -23"><span class='ocrx_word' id='word_1_145' title='bbox 169 2019 270 2109; x_wconf 87' lang='lat' dir='ltr'>ratur]</span> <span class='ocrx_word' id='word_1_146' title='bbox 300 2022 400 2087; x_wconf 90' lang='lat' dir='ltr'>enirn</span> <span class='ocrx_word' id='word_1_147' title='bbox 429 2028 466 2086; x_wconf 91' lang='lat' dir='ltr'>et</span> <span class='ocrx_word' id='word_1_148' title='bbox 495 2029 585 2104; x_wconf 91' lang='lat' dir='ltr'>post</span> <span class='ocrx_word' id='word_1_149' title='bbox 612 2027 840 2104; x_wconf 89' lang='lat' dir='ltr'>conceptum</span> <span class='ocrx_word' id='word_1_150' title='bbox 874 2015 1149 2103; x_wconf 82' lang='lat' dir='ltr'>purgationum</span> <span class='ocrx_word' id='word_1_151' title='bbox 1179 2039 1367 2084; x_wconf 89' lang='lat' dir='ltr'>numerus.</span> <span class='ocrx_word' id='word_1_152' title='bbox 1415 2021 1532 2086; x_wconf 88' lang='lat' dir='ltr'>V103</span> 
     </span>
     <span class='ocr_line' id='line_1_18' title="bbox 169 2119 1533 2210; baseline 0.001 -22"><span class='ocrx_word' id='word_1_153' title='bbox 169 2123 356 2189; x_wconf 90' lang='lat' dir='ltr'>emendavit</span> <span class='ocrx_word' id='word_1_154' title='bbox 385 2125 501 2210; x_wconf 80' lang='grc' dir='ltr'><strong>δέχεται</strong></span> <span class='ocrx_word' id='word_1_155' title='bbox 535 2123 685 2187; x_wconf 91' lang='lat' dir='ltr'>Vossiani</span> <span class='ocrx_word' id='word_1_156' title='bbox 712 2127 889 2204; x_wconf 85' lang='lat' dir='ltr'>corrector,</span> <span class='ocrx_word' id='word_1_157' title='bbox 918 2120 994 2184; x_wconf 90' lang='lat' dir='ltr'>item</span> <span class='ocrx_word' id='word_1_158' title='bbox 1029 2119 1147 2184; x_wconf 88' lang='lat' dir='ltr'>latinus</span> <span class='ocrx_word' id='word_1_159' title='bbox 1173 2121 1287 2204; x_wconf 90' lang='lat' dir='ltr'>capit.</span> <span class='ocrx_word' id='word_1_160' title='bbox 1332 2121 1407 2188; x_wconf 91' lang='lat' dir='ltr'>binc</span> <span class='ocrx_word' id='word_1_161' title='bbox 1435 2123 1533 2206; x_wconf 90' lang='lat' dir='ltr'>igitur</span> 
     </span>
     <span class='ocr_line' id='line_1_19' title="bbox 168 2221 1532 2310; baseline 0.001 -19"><span class='ocrx_word' id='word_1_162' title='bbox 168 2225 310 2292; x_wconf 88' lang='lat' dir='ltr'>dubitari</span> <span class='ocrx_word' id='word_1_163' title='bbox 332 2225 387 2290; x_wconf 83' lang='lat' dir='ltr'>vix</span> <span class='ocrx_word' id='word_1_164' title='bbox 410 2232 518 2310; x_wconf 90' lang='lat' dir='ltr'>potest</span> <span class='ocrx_word' id='word_1_165' title='bbox 540 2225 616 2307; x_wconf 91' lang='lat' dir='ltr'>quin</span> <span class='ocrx_word' id='word_1_166' title='bbox 633 2224 783 2290; x_wconf 89' lang='lat' dir='ltr'>Budaeus</span> <span class='ocrx_word' id='word_1_167' title='bbox 798 2224 869 2308; x_wconf 90' lang='lat' dir='ltr'>ipse</span> <span class='ocrx_word' id='word_1_168' title='bbox 884 2221 1068 2306; x_wconf 88' lang='lat' dir='ltr'>priusquam</span> <span class='ocrx_word' id='word_1_169' title='bbox 1089 2229 1230 2287; x_wconf 91' lang='lat' dir='ltr'>verteret</span> <span class='ocrx_word' id='word_1_170' title='bbox 1248 2225 1412 2306; x_wconf 81' lang='lat' dir='ltr'>vulgatam</span> <span class='ocrx_word' id='word_1_171' title='bbox 1434 2227 1532 2293; x_wconf 90' lang='lat' dir='ltr'>unde-</span> 
     </span>
     <span class='ocr_line' id='line_1_20' title="bbox 167 2324 1531 2413; baseline 0.001 -20"><span class='ocrx_word' id='word_1_172' title='bbox 167 2347 294 2410; x_wconf 89' lang='lat' dir='ltr'>cunque</span> <span class='ocrx_word' id='word_1_173' title='bbox 317 2329 514 2394; x_wconf 88' lang='lat' dir='ltr'>emacularet</span> <span class='ocrx_word' id='word_1_174' title='bbox 531 2333 563 2393; x_wconf 92' lang='lat' dir='ltr'>et</span> <span class='ocrx_word' id='word_1_175' title='bbox 579 2326 622 2390; x_wconf 91' lang='lat' dir='ltr'>ad</span> <span class='ocrx_word' id='word_1_176' title='bbox 637 2328 827 2393; x_wconf 88' lang='lat' dir='ltr'>vertendum</span> <span class='ocrx_word' id='word_1_177' title='bbox 842 2331 1063 2410; x_wconf 87' lang='lat' dir='ltr'>praepararet.</span> <span class='ocrx_word' id='word_1_178' title='bbox 1098 2324 1214 2389; x_wconf 87' lang='lat' dir='ltr'>Galeni</span> <span class='ocrx_word' id='word_1_179' title='bbox 1230 2325 1370 2391; x_wconf 91' lang='lat' dir='ltr'>editione</span> <span class='ocrx_word' id='word_1_180' title='bbox 1385 2327 1531 2413; x_wconf 89' lang='lat' dir='ltr'>principe</span> 
     </span>
     <span class='ocr_line' id='line_1_21' title="bbox 168 2426 1531 2512; baseline 0.003 -18"><span class='ocrx_word' id='word_1_181' title='bbox 168 2449 362 2512; x_wconf 89' lang='lat' dir='ltr'>quamquam</span> <span class='ocrx_word' id='word_1_182' title='bbox 386 2429 613 2495; x_wconf 91' lang='lat' dir='ltr'>emendatione</span> <span class='ocrx_word' id='word_1_183' title='bbox 635 2448 677 2494; x_wconf 93' lang='lat' dir='ltr'>ne</span> <span class='ocrx_word' id='word_1_184' title='bbox 699 2429 751 2494; x_wconf 91' lang='lat' dir='ltr'>hio</span> <span class='ocrx_word' id='word_1_185' title='bbox 766 2428 894 2512; x_wconf 91' lang='lat' dir='ltr'>quidem</span> <span class='ocrx_word' id='word_1_186' title='bbox 917 2426 1072 2491; x_wconf 89' lang='lat' dir='ltr'>abstinuit</span> <span class='ocrx_word' id='word_1_187' title='bbox 1094 2447 1171 2491; x_wconf 90' lang='lat' dir='ltr'>usus</span> <span class='ocrx_word' id='word_1_188' title='bbox 1186 2426 1322 2491; x_wconf 90' lang='lat' dir='ltr'>videtur.</span> <span class='ocrx_word' id='word_1_189' title='bbox 1356 2448 1420 2495; x_wconf 93' lang='lat' dir='ltr'>nno</span> <span class='ocrx_word' id='word_1_190' title='bbox 1444 2439 1531 2498; x_wconf 91' lang='lat' dir='ltr'>certe</span> 
     </span>
     <span class='ocr_line' id='line_1_22' title="bbox 167 2529 1529 2613; baseline 0.001 -18"><span class='ocrx_word' id='word_1_191' title='bbox 167 2532 240 2597; x_wconf 84' lang='lat' dir='ltr'>loco</span> <span class='ocrx_word' id='word_1_192' title='bbox 263 2531 400 2596; x_wconf 78' lang='grc'>[12012</span> <span class='ocrx_word' id='word_1_193' title='bbox 423 2551 463 2597; x_wconf 82' lang='lat' dir='ltr'>ex</span> <span class='ocrx_word' id='word_1_194' title='bbox 489 2531 547 2596; x_wconf 86' lang='lat' dir='ltr'>illa</span> <span class='ocrx_word' id='word_1_195' title='bbox 573 2531 663 2596; x_wconf 84' lang='lat' dir='ltr'>dedit</span> <span class='ocrx_word' id='word_1_196' title='bbox 690 2531 723 2595; x_wconf 90' lang='lat' dir='ltr'>in</span> <span class='ocrx_word' id='word_1_197' title='bbox 751 2530 895 2611; x_wconf 84' lang='lat' dir='ltr'>margine</span> <span class='ocrx_word' id='word_1_198' title='bbox 918 2529 1067 2594; x_wconf 83' lang='lat' dir='ltr'>Vossiani</span> <span class='ocrx_word' id='word_1_199' title='bbox 1090 2529 1149 2592; x_wconf 81' lang='grc' dir='ltr'>ἀπὸ</span> <span class='ocrx_word' id='word_1_200' title='bbox 1171 2534 1222 2592; x_wconf 80' lang='grc' dir='ltr'>τοῦ</span> <span class='ocrx_word' id='word_1_201' title='bbox 1245 2533 1428 2613; x_wconf 79' lang='grc' dir='ltr'><strong>πυροειδοῦς,</strong></span> <span class='ocrx_word' id='word_1_202' title='bbox 1458 2555 1529 2600; x_wconf 91' lang='lat' dir='ltr'>cum</span> 
     </span>
    </p>
   </div>
   <div class='ocr_carea' id='block_1_5' title="bbox 166 2637 1529 2772">
    <p class='ocr_par' dir='ltr' id='par_1_5' title="bbox 166 2637 1529 2772">
     <span class='ocr_line' id='line_1_23' title="bbox 166 2637 1529 2772; baseline 0.002 -21"><span class='ocrx_word' id='word_1_203' title='bbox 166 2688 264 2752; x_wconf 75' lang='lat' dir='ltr'>Laut.</span> <span class='ocrx_word' id='word_1_204' title='bbox 283 2686 313 2752; x_wconf 84' lang='lat' dir='ltr'>A</span> <span class='ocrx_word' id='word_1_205' title='bbox 335 2637 442 2772; x_wconf 69' lang='grc' dir='ltr'>πυρυεδι.</span> <span class='ocrx_word' id='word_1_206' title='bbox 457 2687 477 2751; x_wconf 86' lang='lat' dir='ltr'>i.</span> <span class='ocrx_word' id='word_1_207' title='bbox 494 2707 523 2752; x_wconf 86' lang='lat' dir='ltr'>e.</span> <span class='ocrx_word' id='word_1_208' title='bbox 546 2689 683 2771; x_wconf 77' lang='grc' dir='ltr'><strong>πυροειδῆ</strong></span> <span class='ocrx_word' id='word_1_209' title='bbox 715 2692 747 2750; x_wconf 83' lang='lat' dir='ltr'>et</span> <span class='ocrx_word' id='word_1_210' title='bbox 768 2685 908 2750; x_wconf 86' lang='lat' dir='ltr'>Laur.B</span> <span class='ocrx_word' id='word_1_211' title='bbox 935 2686 1082 2769; x_wconf 73' lang='grc' dir='ltr'><strong>πυροειδὲς</strong></span> <span class='ocrx_word' id='word_1_212' title='bbox 1110 2685 1196 2766; x_wconf 89' lang='lat' dir='ltr'>quod</span> <span class='ocrx_word' id='word_1_213' title='bbox 1225 2693 1274 2749; x_wconf 84' lang='lat' dir='ltr'>est</span> <span class='ocrx_word' id='word_1_214' title='bbox 1300 2706 1412 2751; x_wconf 85' lang='lat' dir='ltr'>verum</span> <span class='ocrx_word' id='word_1_215' title='bbox 1438 2709 1529 2771; x_wconf 83' lang='lat' dir='ltr'>prae·</span> 
     </span>
    </p>
   </div>
   <div class='ocr_carea' id='block_1_6' title="bbox 158 2787 1529 4401">
    <p class='ocr_par' dir='ltr' id='par_1_6' title="bbox 162 2787 1529 3175">
     <span class='ocr_line' id='line_1_24' title="bbox 165 2787 1529 2871; baseline 0.002 -19"><span class='ocrx_word' id='word_1_216' title='bbox 165 2788 291 2854; x_wconf 88' lang='lat' dir='ltr'>berent.</span> <span class='ocrx_word' id='word_1_217' title='bbox 324 2789 413 2871; x_wconf 88' lang='lat' dir='ltr'>atqui</span> <span class='ocrx_word' id='word_1_218' title='bbox 437 2790 562 2855; x_wconf 90' lang='lat' dir='ltr'>Veneta</span> <span class='ocrx_word' id='word_1_219' title='bbox 583 2788 700 2854; x_wconf 85' lang='lat' dir='ltr'>Galeni</span> <span class='ocrx_word' id='word_1_220' title='bbox 722 2788 803 2852; x_wconf 77' lang='lat'>1497</span> <span class='ocrx_word' id='word_1_221' title='bbox 826 2787 954 2870; x_wconf 90' lang='lat' dir='ltr'>prodiit.</span> <span class='ocrx_word' id='word_1_222' title='bbox 989 2805 1066 2869; x_wconf 86' lang='lat' dir='ltr'>ergo</span> <span class='ocrx_word' id='word_1_223' title='bbox 1089 2789 1264 2852; x_wconf 79' lang='lat' dir='ltr'>eum1502</span> <span class='ocrx_word' id='word_1_224' title='bbox 1287 2787 1428 2853; x_wconf 91' lang='lat' dir='ltr'>versioni</span> <span class='ocrx_word' id='word_1_225' title='bbox 1451 2809 1529 2856; x_wconf 87' lang='lat' dir='ltr'>suae</span> 
     </span>
     <span class='ocr_line' id='line_1_25' title="bbox 164 2889 1527 2978; baseline 0.003 -24"><span class='ocrx_word' id='word_1_226' title='bbox 164 2890 333 2972; x_wconf 84' lang='lat' dir='ltr'>praefatus</span> <span class='ocrx_word' id='word_1_227' title='bbox 357 2891 398 2955; x_wconf 87' lang='lat' dir='ltr'>sit</span> <span class='ocrx_word' id='word_1_228' title='bbox 414 2891 571 2956; x_wconf 88' lang='lat' dir='ltr'>&#39;Budaeus</span> <span class='ocrx_word' id='word_1_229' title='bbox 590 2893 595 2922; x_wconf 90' lang='lat'><strong>¹</strong></span> <span class='ocrx_word' id='word_1_230' title='bbox 620 2891 706 2956; x_wconf 90' lang='lat' dir='ltr'>intra</span> <span class='ocrx_word' id='word_1_231' title='bbox 734 2909 790 2956; x_wconf 91' lang='lat' dir='ltr'>eos</span> <span class='ocrx_word' id='word_1_232' title='bbox 811 2907 915 2952; x_wconf 88' lang='lat' dir='ltr'>annos</span> <span class='ocrx_word' id='word_1_233' title='bbox 941 2896 1038 2954; x_wconf 90' lang='lat' dir='ltr'>notae</span> <span class='ocrx_word' id='word_1_234' title='bbox 1060 2889 1210 2954; x_wconf 90' lang='lat' dir='ltr'>Vossiani</span> <span class='ocrx_word' id='word_1_235' title='bbox 1237 2889 1421 2974; x_wconf 89' lang='lat' dir='ltr'>adscriptae</span> <span class='ocrx_word' id='word_1_236' title='bbox 1444 2901 1527 2978; x_wconf 87' lang='lat' dir='ltr'>sunt,</span> 
     </span>
     <span class='ocr_line' id='line_1_26' title="bbox 165 2991 1527 3077; baseline 0.004 -21"><span class='ocrx_word' id='word_1_237' title='bbox 165 2991 228 3056; x_wconf 87' lang='lat' dir='ltr'>nisi</span> <span class='ocrx_word' id='word_1_238' title='bbox 250 2991 334 3058; x_wconf 83' lang='lat' dir='ltr'>sorte</span> <span class='ocrx_word' id='word_1_239' title='bbox 350 2993 494 3058; x_wconf 87' lang='lat' dir='ltr'>Venetae</span> <span class='ocrx_word' id='word_1_240' title='bbox 517 2993 652 3058; x_wconf 91' lang='lat' dir='ltr'>similem</span> <span class='ocrx_word' id='word_1_241' title='bbox 673 2991 816 3058; x_wconf 88' lang='lat' dir='ltr'>codicem</span> <span class='ocrx_word' id='word_1_242' title='bbox 839 3008 935 3054; x_wconf 91' lang='lat' dir='ltr'>manu</span> <span class='ocrx_word' id='word_1_243' title='bbox 958 2997 1116 3057; x_wconf 88' lang='lat' dir='ltr'>tractasse</span> <span class='ocrx_word' id='word_1_244' title='bbox 1137 2991 1346 3074; x_wconf 88' lang='lat' dir='ltr'>interpretem</span> <span class='ocrx_word' id='word_1_245' title='bbox 1368 3002 1527 3077; x_wconf 83' lang='lat' dir='ltr'>putamus.</span> 
     </span>
     <span class='ocr_line' id='line_1_27' title="bbox 162 3093 602 3175; baseline 0.002 -18"><span class='ocrx_word' id='word_1_246' title='bbox 162 3093 252 3175; x_wconf 87' lang='lat' dir='ltr'>quod</span> <span class='ocrx_word' id='word_1_247' title='bbox 274 3093 342 3160; x_wconf 87' lang='lat' dir='ltr'>veri</span> <span class='ocrx_word' id='word_1_248' title='bbox 365 3102 416 3160; x_wconf 90' lang='lat' dir='ltr'>est</span> <span class='ocrx_word' id='word_1_249' title='bbox 437 3093 602 3160; x_wconf 90' lang='lat' dir='ltr'>dissimile.</span> 
     </span>
    </p>

    <p class='ocr_par' dir='ltr' id='par_1_7' title="bbox 160 3193 1527 3788">
     <span class='ocr_line' id='line_1_28' title="bbox 244 3193 1527 3280; baseline 0.003 -21"><span class='ocrx_word' id='word_1_250' title='bbox 244 3195 405 3278; x_wconf 83' lang='lat' dir='ltr'>Vulgatae</span> <span class='ocrx_word' id='word_1_251' title='bbox 416 3197 559 3262; x_wconf 80' lang='lat' dir='ltr'>familiae</span> <span class='ocrx_word' id='word_1_252' title='bbox 571 3195 681 3280; x_wconf 86' lang='lat' dir='ltr'>libros,</span> <span class='ocrx_word' id='word_1_253' title='bbox 696 3215 829 3278; x_wconf 90' lang='lat' dir='ltr'>quorum</span> <span class='ocrx_word' id='word_1_254' title='bbox 842 3195 983 3276; x_wconf 89' lang='lat' dir='ltr'>aliquam</span> <span class='ocrx_word' id='word_1_255' title='bbox 995 3193 1100 3261; x_wconf 88' lang='lat' dir='ltr'>habeo</span> <span class='ocrx_word' id='word_1_256' title='bbox 1116 3195 1273 3280; x_wconf 83' lang='lat' dir='ltr'>notitiam,</span> <span class='ocrx_word' id='word_1_257' title='bbox 1289 3196 1386 3262; x_wconf 88' lang='lat' dir='ltr'>etiam</span> <span class='ocrx_word' id='word_1_258' title='bbox 1404 3197 1462 3262; x_wconf 92' lang='lat' dir='ltr'>hos</span> <span class='ocrx_word' id='word_1_259' title='bbox 1473 3219 1527 3263; x_wconf 92' lang='lat' dir='ltr'>no·</span> 
     </span>
     <span class='ocr_line' id='line_1_29' title="bbox 164 3297 1527 3383; baseline 0.003 -23"><span class='ocrx_word' id='word_1_260' title='bbox 164 3298 306 3363; x_wconf 85' lang='lat' dir='ltr'>minatus</span> <span class='ocrx_word' id='word_1_261' title='bbox 322 3300 437 3365; x_wconf 88' lang='lat' dir='ltr'>saltem</span> <span class='ocrx_word' id='word_1_262' title='bbox 451 3300 526 3364; x_wconf 88' lang='lat' dir='ltr'>volo</span> <span class='ocrx_word' id='word_1_263' title='bbox 537 3298 828 3363; x_wconf 88' lang='lat' dir='ltr'>Ambrosianum</span> <span class='ocrx_word' id='word_1_264' title='bbox 840 3297 867 3360; x_wconf 90' lang='lat' dir='ltr'>B</span> <span class='ocrx_word' id='word_1_265' title='bbox 878 3297 919 3361; x_wconf 80' lang='lat' dir='ltr'>Bb</span> <span class='ocrx_word' id='word_1_266' title='bbox 935 3317 1005 3379; x_wconf 91' lang='lat' dir='ltr'>sup.</span> <span class='ocrx_word' id='word_1_267' title='bbox 1018 3297 1119 3362; x_wconf 89' lang='lat' dir='ltr'>chart.</span> <span class='ocrx_word' id='word_1_268' title='bbox 1142 3297 1333 3380; x_wconf 81' lang='lat' dir='ltr'>‘Messapiae</span> <span class='ocrx_word' id='word_1_269' title='bbox 1344 3298 1377 3363; x_wconf 91' lang='lat' dir='ltr'>in</span> <span class='ocrx_word' id='word_1_270' title='bbox 1389 3300 1527 3383; x_wconf 86' lang='lat' dir='ltr'>Iapygia</span> 
     </span>
     <span class='ocr_line' id='line_1_30' title="bbox 161 3399 1524 3483; baseline 0.002 -20"><span class='ocrx_word' id='word_1_271' title='bbox 161 3401 408 3483; x_wconf 80' lang='lat' dir='ltr'>emptumlliOd’</span> <span class='ocrx_word' id='word_1_272' title='bbox 427 3401 623 3466; x_wconf 91' lang='lat' dir='ltr'>Plaoitorum</span> <span class='ocrx_word' id='word_1_273' title='bbox 637 3401 756 3464; x_wconf 80' lang='lat'>11-15</span> <span class='ocrx_word' id='word_1_274' title='bbox 769 3400 970 3482; x_wconf 84' lang='lat' dir='ltr'>complexum</span> <span class='ocrx_word' id='word_1_275' title='bbox 983 3407 1016 3464; x_wconf 89' lang='lat' dir='ltr'>et</span> <span class='ocrx_word' id='word_1_276' title='bbox 1027 3401 1279 3466; x_wconf 88' lang='lat' dir='ltr'>Laurentianum</span> <span class='ocrx_word' id='word_1_277' title='bbox 1287 3399 1473 3466; x_wconf 83' lang='lat' dir='ltr'>LXXXVII</span> <span class='ocrx_word' id='word_1_278' title='bbox 1487 3403 1524 3466; x_wconf 76' lang='lat'>17</span> 
     </span>
     <span class='ocr_line' id='line_1_31' title="bbox 161 3499 1525 3583; baseline 0.002 -19"><span class='ocrx_word' id='word_1_279' title='bbox 161 3503 309 3583; x_wconf 87' lang='lat' dir='ltr'>quintum</span> <span class='ocrx_word' id='word_1_280' title='bbox 322 3502 438 3567; x_wconf 87' lang='lat' dir='ltr'>librum</span> <span class='ocrx_word' id='word_1_281' title='bbox 455 3503 684 3568; x_wconf 88' lang='lat' dir='ltr'>continentem.</span> <span class='ocrx_word' id='word_1_282' title='bbox 707 3501 850 3568; x_wconf 86' lang='lat' dir='ltr'>eiusdem</span> <span class='ocrx_word' id='word_1_283' title='bbox 866 3500 938 3564; x_wconf 92' lang='lat' dir='ltr'>libri</span> <span class='ocrx_word' id='word_1_284' title='bbox 953 3499 1167 3583; x_wconf 77' lang='lat' dir='ltr'>fragmentum</span> <span class='ocrx_word' id='word_1_285' title='bbox 1183 3501 1313 3566; x_wconf 87' lang='lat' dir='ltr'>exhibet</span> <span class='ocrx_word' id='word_1_286' title='bbox 1328 3501 1525 3567; x_wconf 89' lang='lat' dir='ltr'>Parisinus</span> 
     </span>
     <span class='ocr_line' id='line_1_32' title="bbox 161 3603 1524 3687; baseline 0.001 -19"><span class='ocrx_word' id='word_1_287' title='bbox 161 3605 257 3687; x_wconf 73' lang='lat'><strong>2276,</strong></span> <span class='ocrx_word' id='word_1_288' title='bbox 270 3605 402 3669; x_wconf 92' lang='lat' dir='ltr'>mutilus</span> <span class='ocrx_word' id='word_1_289' title='bbox 418 3613 467 3669; x_wconf 88' lang='lat' dir='ltr'>est</span> <span class='ocrx_word' id='word_1_290' title='bbox 479 3603 643 3668; x_wconf 90' lang='lat' dir='ltr'>Parisin.</span> <span class='ocrx_word' id='word_1_291' title='bbox 657 3605 741 3668; x_wconf 71' lang='lat'>2372</span> <span class='ocrx_word' id='word_1_292' title='bbox 754 3623 834 3686; x_wconf 92' lang='lat' dir='ltr'>quos</span> <span class='ocrx_word' id='word_1_293' title='bbox 846 3603 1020 3668; x_wconf 80' lang='lat' dir='ltr'>contulisse</span> <span class='ocrx_word' id='word_1_294' title='bbox 1035 3603 1151 3668; x_wconf 89' lang='lat' dir='ltr'>dicitur·</span> <span class='ocrx_word' id='word_1_295' title='bbox 1164 3603 1294 3668; x_wconf 79' lang='lat' dir='ltr'>Goulos.</span> <span class='ocrx_word' id='word_1_296' title='bbox 1317 3623 1382 3670; x_wconf 91' lang='lat' dir='ltr'>non</span> <span class='ocrx_word' id='word_1_297' title='bbox 1393 3603 1524 3670; x_wconf 91' lang='lat' dir='ltr'>dubium</span> 
     </span>
     <span class='ocr_line' id='line_1_33' title="bbox 160 3703 1488 3788; baseline 0.002 -18"><span class='ocrx_word' id='word_1_298' title='bbox 160 3713 211 3770; x_wconf 90' lang='lat' dir='ltr'>est</span> <span class='ocrx_word' id='word_1_299' title='bbox 233 3707 311 3788; x_wconf 94' lang='lat' dir='ltr'>quin</span> <span class='ocrx_word' id='word_1_300' title='bbox 334 3705 390 3770; x_wconf 93' lang='lat' dir='ltr'>alii</span> <span class='ocrx_word' id='word_1_301' title='bbox 413 3705 447 3770; x_wconf 94' lang='lat' dir='ltr'>in</span> <span class='ocrx_word' id='word_1_302' title='bbox 470 3704 675 3771; x_wconf 89' lang='lat' dir='ltr'>bibliothecis</span> <span class='ocrx_word' id='word_1_303' title='bbox 698 3705 821 3768; x_wconf 89' lang='lat' dir='ltr'>lateant</span> <span class='ocrx_word' id='word_1_304' title='bbox 859 3703 996 3769; x_wconf 85' lang='lat' dir='ltr'>fructum</span> <span class='ocrx_word' id='word_1_305' title='bbox 1024 3705 1088 3769; x_wconf 92' lang='lat' dir='ltr'>illis</span> <span class='ocrx_word' id='word_1_306' title='bbox 1109 3726 1174 3770; x_wconf 93' lang='lat' dir='ltr'>non</span> <span class='ocrx_word' id='word_1_307' title='bbox 1197 3704 1351 3769; x_wconf 89' lang='lat' dir='ltr'>maiorem</span> <span class='ocrx_word' id='word_1_308' title='bbox 1372 3705 1488 3772; x_wconf 88' lang='lat' dir='ltr'>daturi.</span> 
     </span>
    </p>

    <p class='ocr_par' dir='ltr' id='par_1_8' title="bbox 158 3805 1524 4401">
     <span class='ocr_line' id='line_1_34' title="bbox 247 3805 1524 3890; baseline 0.002 -18"><span class='ocrx_word' id='word_1_309' title='bbox 247 3807 360 3873; x_wconf 83' lang='lat' dir='ltr'>Liceat</span> <span class='ocrx_word' id='word_1_310' title='bbox 386 3807 465 3871; x_wconf 90' lang='lat' dir='ltr'>mihi</span> <span class='ocrx_word' id='word_1_311' title='bbox 493 3807 556 3872; x_wconf 91' lang='lat' dir='ltr'>hoc</span> <span class='ocrx_word' id='word_1_312' title='bbox 590 3807 677 3890; x_wconf 86' lang='lat' dir='ltr'>loco,</span> <span class='ocrx_word' id='word_1_313' title='bbox 711 3806 861 3888; x_wconf 90' lang='lat' dir='ltr'>quoniam</span> <span class='ocrx_word' id='word_1_314' title='bbox 893 3806 1001 3870; x_wconf 89' lang='lat' dir='ltr'>varios</span> <span class='ocrx_word' id='word_1_315' title='bbox 1029 3806 1213 3872; x_wconf 88' lang='lat' dir='ltr'>Plutarchei</span> <span class='ocrx_word' id='word_1_316' title='bbox 1241 3805 1341 3872; x_wconf 91' lang='lat' dir='ltr'>libelli</span> <span class='ocrx_word' id='word_1_317' title='bbox 1368 3826 1462 3874; x_wconf 89' lang='lat' dir='ltr'>casus</span> <span class='ocrx_word' id='word_1_318' title='bbox 1491 3817 1524 3875; x_wconf 90' lang='lat' dir='ltr'>et</span> 
     </span>
     <span class='ocr_line' id='line_1_35' title="bbox 160 3907 1524 3992; baseline 0.004 -20"><span class='ocrx_word' id='word_1_319' title='bbox 160 3907 335 3974; x_wconf 87' lang='lat' dir='ltr'>memorias</span> <span class='ocrx_word' id='word_1_320' title='bbox 356 3909 398 3974; x_wconf 91' lang='lat' dir='ltr'>ab</span> <span class='ocrx_word' id='word_1_321' title='bbox 419 3909 499 3992; x_wconf 88' lang='lat' dir='ltr'>ipsis</span> <span class='ocrx_word' id='word_1_322' title='bbox 522 3907 730 3973; x_wconf 89' lang='lat' dir='ltr'>incunabulis</span> <span class='ocrx_word' id='word_1_323' title='bbox 746 3927 804 3990; x_wconf 90' lang='lat' dir='ltr'>per</span> <span class='ocrx_word' id='word_1_324' title='bbox 819 3915 962 3972; x_wconf 90' lang='lat' dir='ltr'>aetatum</span> <span class='ocrx_word' id='word_1_325' title='bbox 983 3909 1191 3992; x_wconf 86' lang='lat' dir='ltr'>gentiumque</span> <span class='ocrx_word' id='word_1_326' title='bbox 1214 3908 1328 3974; x_wconf 88' lang='lat' dir='ltr'>seriem</span> <span class='ocrx_word' id='word_1_327' title='bbox 1350 3910 1394 3974; x_wconf 91' lang='lat' dir='ltr'>ad</span> <span class='ocrx_word' id='word_1_328' title='bbox 1416 3931 1524 3977; x_wconf 89' lang='lat' dir='ltr'>recen-</span> 
     </span>
     <span class='ocr_line' id='line_1_36' title="bbox 159 4009 1523 4094; baseline 0.003 -20"><span class='ocrx_word' id='word_1_329' title='bbox 159 4010 244 4075; x_wconf 88' lang='lat' dir='ltr'>tiora</span> <span class='ocrx_word' id='word_1_330' title='bbox 266 4017 414 4094; x_wconf 87' lang='lat' dir='ltr'>tempora</span> <span class='ocrx_word' id='word_1_331' title='bbox 437 4010 615 4094; x_wconf 81' lang='lat' dir='ltr'>decucurri,</span> <span class='ocrx_word' id='word_1_332' title='bbox 640 4010 820 4076; x_wconf 89' lang='lat' dir='ltr'>stemmatis</span> <span class='ocrx_word' id='word_1_333' title='bbox 834 4009 968 4074; x_wconf 88' lang='lat' dir='ltr'>artificio</span> <span class='ocrx_word' id='word_1_334' title='bbox 985 4011 1162 4092; x_wconf 81' lang='lat' dir='ltr'>longiorem</span> <span class='ocrx_word' id='word_1_335' title='bbox 1185 4010 1434 4093; x_wconf 85' lang='lat' dir='ltr'>disputationem</span> <span class='ocrx_word' id='word_1_336' title='bbox 1454 4011 1523 4079; x_wconf 89' lang='lat' dir='ltr'>hre-</span> 
     </span>
     <span class='ocr_line' id='line_1_37' title="bbox 158 4111 1522 4198; baseline 0.005 -24"><span class='ocrx_word' id='word_1_337' title='bbox 158 4111 243 4177; x_wconf 91' lang='lat' dir='ltr'>viter</span> <span class='ocrx_word' id='word_1_338' title='bbox 265 4113 540 4196; x_wconf 88' lang='lat' dir='ltr'>comprehendere</span> <span class='ocrx_word' id='word_1_339' title='bbox 565 4117 663 4194; x_wconf 89' lang='lat' dir='ltr'>atque</span> <span class='ocrx_word' id='word_1_340' title='bbox 688 4112 864 4177; x_wconf 91' lang='lat' dir='ltr'>illustrare.</span> <span class='ocrx_word' id='word_1_341' title='bbox 903 4111 1074 4178; x_wconf 90' lang='lat' dir='ltr'>Philonem</span> <span class='ocrx_word' id='word_1_342' title='bbox 1096 4112 1325 4194; x_wconf 91' lang='lat' dir='ltr'>interpolatum</span> <span class='ocrx_word' id='word_1_343' title='bbox 1348 4113 1522 4198; x_wconf 87' lang='lat' dir='ltr'>Lampriae</span> 
     </span>
     <span class='ocr_line' id='line_1_38' title="bbox 158 4213 1521 4300; baseline 0.004 -24"><span class='ocrx_word' id='word_1_344' title='bbox 158 4213 298 4279; x_wconf 88' lang='lat' dir='ltr'>indicem</span> <span class='ocrx_word' id='word_1_345' title='bbox 328 4214 451 4280; x_wconf 90' lang='lat' dir='ltr'>scholia</span> <span class='ocrx_word' id='word_1_346' title='bbox 480 4213 626 4280; x_wconf 87' lang='lat' dir='ltr'>Platonis</span> <span class='ocrx_word' id='word_1_347' title='bbox 649 4215 800 4279; x_wconf 83' lang='lat' dir='ltr'>Tzetzam</span> <span class='ocrx_word' id='word_1_348' title='bbox 829 4213 1013 4280; x_wconf 86' lang='lat' dir='ltr'>Aristotelis</span> <span class='ocrx_word' id='word_1_349' title='bbox 1045 4213 1301 4297; x_wconf 89' lang='lat' dir='ltr'>erotoapocrises</span> <span class='ocrx_word' id='word_1_350' title='bbox 1327 4213 1521 4300; x_wconf 91' lang='lat' dir='ltr'>vilioresque</span> 
     </span>
     <span class='ocr_line' id='line_1_39' title="bbox 158 4314 1025 4401; baseline 0.001 -21"><span class='ocrx_word' id='word_1_351' title='bbox 158 4314 289 4380; x_wconf 87' lang='lat' dir='ltr'>codices</span> <span class='ocrx_word' id='word_1_352' title='bbox 314 4316 417 4400; x_wconf 81' lang='lat' dir='ltr'>omisi,</span> <span class='ocrx_word' id='word_1_353' title='bbox 440 4325 588 4401; x_wconf 87' lang='lat' dir='ltr'>tempora</span> <span class='ocrx_word' id='word_1_354' title='bbox 609 4315 664 4380; x_wconf 92' lang='lat' dir='ltr'>ubi</span> <span class='ocrx_word' id='word_1_355' title='bbox 687 4314 785 4380; x_wconf 90' lang='lat' dir='ltr'>dubia</span> <span class='ocrx_word' id='word_1_356' title='bbox 808 4321 882 4380; x_wconf 89' lang='lat' dir='ltr'>sunt</span> <span class='ocrx_word' id='word_1_357' title='bbox 904 4315 1025 4381; x_wconf 90' lang='lat' dir='ltr'>notavi.</span> 
     </span>
    </p>
   </div>
   <div class='ocr_carea' id='block_1_7' title="bbox 159 4511 1519 5016">
    <p class='ocr_par' dir='ltr' id='par_1_9' title="bbox 159 4511 1519 5016">
     <span class='ocr_line' id='line_1_40' title="bbox 232 4511 1519 4578; baseline 0.003 -14"><span class='ocrx_word' id='word_1_358' title='bbox 232 4513 239 4544; x_wconf 89' lang='lat'>¹</span> <span class='ocrx_word' id='word_1_359' title='bbox 259 4515 341 4565; x_wconf 90' lang='lat' dir='ltr'>edidit</span> <span class='ocrx_word' id='word_1_360' title='bbox 363 4515 462 4566; x_wconf 85' lang='lat' dir='ltr'>Budsci</span> <span class='ocrx_word' id='word_1_361' title='bbox 486 4517 631 4565; x_wconf 82' lang='lat' dir='ltr'>versionem</span> <span class='ocrx_word' id='word_1_362' title='bbox 650 4515 790 4564; x_wconf 80' lang='lat' dir='ltr'>Iacobus</span> <span class='ocrx_word' id='word_1_363' title='bbox 814 4513 1020 4578; x_wconf 86' lang='lat' dir='ltr'>Stapulensis</span> <span class='ocrx_word' id='word_1_364' title='bbox 1040 4511 1093 4578; x_wconf 88' lang='lat' dir='ltr'>(qui</span> <span class='ocrx_word' id='word_1_365' title='bbox 1116 4517 1139 4564; x_wconf 94' lang='lat' dir='ltr'>V</span> <span class='ocrx_word' id='word_1_366' title='bbox 1162 4515 1177 4565; x_wconf 83' lang='lat' dir='ltr'>&#39;i</span> <span class='ocrx_word' id='word_1_367' title='bbox 1201 4529 1315 4564; x_wconf 87' lang='lat' dir='ltr'>errorem</span> <span class='ocrx_word' id='word_1_368' title='bbox 1338 4519 1471 4568; x_wconf 87' lang='lat' dir='ltr'>scribentis</span> <span class='ocrx_word' id='word_1_369' title='bbox 1493 4521 1519 4568; x_wconf 89' lang='lat' dir='ltr'>iu</span> 
     </span>
     <span class='ocr_line' id='line_1_41' title="bbox 159 4601 1518 4668; baseline 0.001 -16"><span class='ocrx_word' id='word_1_370' title='bbox 159 4605 275 4666; x_wconf 85' lang='lat' dir='ltr'>margine</span> <span class='ocrx_word' id='word_1_371' title='bbox 289 4601 453 4664; x_wconf 86' lang='lat' dir='ltr'>emendavit).</span> <span class='ocrx_word' id='word_1_372' title='bbox 481 4603 633 4652; x_wconf 86' lang='lat' dir='ltr'>subnotatur</span> <span class='ocrx_word' id='word_1_373' title='bbox 645 4601 693 4652; x_wconf 86' lang='lat' dir='ltr'>ibi:</span> <span class='ocrx_word' id='word_1_374' title='bbox 713 4603 792 4652; x_wconf 80' lang='lat' dir='ltr'>finis</span> <span class='ocrx_word' id='word_1_375' title='bbox 807 4601 978 4650; x_wconf 86' lang='lat' dir='ltr'>Plutarchi</span> <span class='ocrx_word' id='word_1_376' title='bbox 998 4603 1151 4652; x_wconf 83' lang='lat' dir='ltr'>cherouci</span> <span class='ocrx_word' id='word_1_377' title='bbox 1171 4603 1206 4652; x_wconf 86' lang='lat' dir='ltr'>de</span> <span class='ocrx_word' id='word_1_378' title='bbox 1226 4605 1355 4667; x_wconf 88' lang='lat' dir='ltr'>placitis</span> <span class='ocrx_word' id='word_1_379' title='bbox 1374 4604 1518 4668; x_wconf 86' lang='lat' dir='ltr'>philoso-</span> 
     </span>
     <span class='ocr_line' id='line_1_42' title="bbox 159 4689 1518 4754; baseline -0.001 -15"><span class='ocrx_word' id='word_1_380' title='bbox 159 4691 304 4754; x_wconf 87' lang='lat' dir='ltr'>phorum:</span> <span class='ocrx_word' id='word_1_381' title='bbox 325 4690 513 4741; x_wconf 80' lang='lat' dir='ltr'>aGuilelmo</span> <span class='ocrx_word' id='word_1_382' title='bbox 527 4689 636 4740; x_wconf 89' lang='lat' dir='ltr'>Budeo</span> <span class='ocrx_word' id='word_1_383' title='bbox 649 4689 746 4739; x_wconf 82' lang='lat' dir='ltr'>latini</span> <span class='ocrx_word' id='word_1_384' title='bbox 763 4689 856 4737; x_wconf 81' lang='lat' dir='ltr'>facti:</span> <span class='ocrx_word' id='word_1_385' title='bbox 875 4695 905 4736; x_wconf 88' lang='lat' dir='ltr'>et</span> <span class='ocrx_word' id='word_1_386' title='bbox 923 4691 1121 4738; x_wconf 86' lang='lat' dir='ltr'>Ascensiana</span> <span class='ocrx_word' id='word_1_387' title='bbox 1139 4693 1349 4740; x_wconf 84' lang='lat' dir='ltr'>accuratione</span> <span class='ocrx_word' id='word_1_388' title='bbox 1368 4693 1518 4754; x_wconf 85' lang='lat' dir='ltr'>impressi.</span> 
     </span>
     <span class='ocr_line' id='line_1_43' title="bbox 160 4776 1518 4841; baseline 0.001 -17"><span class='ocrx_word' id='word_1_389' title='bbox 160 4777 212 4824; x_wconf 91' lang='lat' dir='ltr'>XV</span> <span class='ocrx_word' id='word_1_390' title='bbox 238 4776 398 4826; x_wconf 85' lang='lat' dir='ltr'>Calendas</span> <span class='ocrx_word' id='word_1_391' title='bbox 422 4778 546 4840; x_wconf 83' lang='lat' dir='ltr'>Aprilis</span> <span class='ocrx_word' id='word_1_392' title='bbox 575 4777 717 4826; x_wconf 88' lang='lat' dir='ltr'>M.D.V.</span> <span class='ocrx_word' id='word_1_393' title='bbox 759 4777 804 4826; x_wconf 90' lang='lat' dir='ltr'>sed</span> <span class='ocrx_word' id='word_1_394' title='bbox 832 4778 955 4841; x_wconf 83' lang='lat' dir='ltr'>prologus</span> <span class='ocrx_word' id='word_1_395' title='bbox 977 4778 1123 4840; x_wconf 86' lang='lat' dir='ltr'>interpretis</span> <span class='ocrx_word' id='word_1_396' title='bbox 1146 4777 1178 4825; x_wconf 90' lang='lat' dir='ltr'>ad</span> <span class='ocrx_word' id='word_1_397' title='bbox 1209 4778 1364 4828; x_wconf 84' lang='lat' dir='ltr'>Germanum</span> <span class='ocrx_word' id='word_1_398' title='bbox 1393 4778 1518 4828; x_wconf 83' lang='lat' dir='ltr'>cheium</span> 
     </span>
     <span class='ocr_line' id='line_1_44' title="bbox 160 4863 1517 4928; baseline 0.003 -17"><span class='ocrx_word' id='word_1_399' title='bbox 160 4863 326 4912; x_wconf 82' lang='lat' dir='ltr'>Beluaceusis</span> <span class='ocrx_word' id='word_1_400' title='bbox 344 4864 465 4912; x_wconf 86' lang='lat' dir='ltr'>ecclesiae</span> <span class='ocrx_word' id='word_1_401' title='bbox 485 4865 611 4914; x_wconf 83' lang='lat' dir='ltr'>decanum</span> <span class='ocrx_word' id='word_1_402' title='bbox 631 4879 681 4927; x_wconf 89' lang='lat' dir='ltr'>quo</span> <span class='ocrx_word' id='word_1_403' title='bbox 701 4865 894 4927; x_wconf 83' lang='lat' dir='ltr'>postLascerin</span> <span class='ocrx_word' id='word_1_404' title='bbox 914 4867 957 4927; x_wconf 89' lang='lat' dir='ltr'>qui</span> <span class='ocrx_word' id='word_1_405' title='bbox 977 4873 1120 4915; x_wconf 86' lang='lat' dir='ltr'>recusasset</span> <span class='ocrx_word' id='word_1_406' title='bbox 1137 4871 1217 4913; x_wconf 86' lang='lat' dir='ltr'>semet</span> <span class='ocrx_word' id='word_1_407' title='bbox 1234 4865 1316 4928; x_wconf 90' lang='lat' dir='ltr'>ipsum</span> <span class='ocrx_word' id='word_1_408' title='bbox 1335 4864 1517 4928; x_wconf 85' lang='lat' dir='ltr'>interpretandi</span> 
     </span>
     <span class='ocr_line' id='line_1_45' title="bbox 159 4947 1176 5016; baseline 0.005 -18"><span class='ocrx_word' id='word_1_409' title='bbox 159 4963 250 4999; x_wconf 87' lang='lat' dir='ltr'>munus</span> <span class='ocrx_word' id='word_1_410' title='bbox 269 4952 409 5014; x_wconf 84' lang='lat' dir='ltr'>suscepisse</span> <span class='ocrx_word' id='word_1_411' title='bbox 429 4952 489 5001; x_wconf 86' lang='lat' dir='ltr'>dicit</span> <span class='ocrx_word' id='word_1_412' title='bbox 507 4954 616 5016; x_wconf 85' lang='lat' dir='ltr'>scriptus</span> <span class='ocrx_word' id='word_1_413' title='bbox 634 4959 673 5000; x_wconf 88' lang='lat' dir='ltr'>cst</span> <span class='ocrx_word' id='word_1_414' title='bbox 690 4951 797 5001; x_wconf 86' lang='lat' dir='ltr'>Parisiis</span> <span class='ocrx_word' id='word_1_415' title='bbox 817 4951 932 5001; x_wconf 87' lang='lat' dir='ltr'>calendis</span> <span class='ocrx_word' id='word_1_416' title='bbox 951 4951 1079 5002; x_wconf 80' lang='lat' dir='ltr'>Ianuariis</span> <span class='ocrx_word' id='word_1_417' title='bbox 1101 4947 1176 5003; x_wconf 77' lang='lat'>1502.</span> 
     </span>
    </p>
   </div>
   <div class='ocr_carea' id='block_1_8' title="bbox 0 0 1860 5730">
    <p class='ocr_par' dir='ltr' id='par_1_10' title="bbox 0 0 1860 5730">
     <span class='ocr_line' id='line_1_46' title="bbox 0 0 1860 5730; baseline 0 7"><span class='ocrx_word' id='word_1_418' title='bbox 0 0 1860 5730; x_wconf 95' lang='lat' dir='ltr'> </span> 
     </span>
    </p>
   </div>
  </div>
 </body>
</html>
