3708 5738
503 431 759 483 FRAGMENTUM
780 434 828 483 Di:
848 431 1020 484 SENSIBUS
1039 429 1169 493 §44-50
1452 427 1514 491 513

203 606 366 687 φρονοῦσιν.
520 596 627 684 εὔηθες
657 600 760 664 δὲκαὶ
789 599 822 661 τδ
852 599 919 668 τοὺς
945 599 1119 683 ἀνθρώπους
1141 599 1285 685 διαφέρειν
1306 599 1351 685 τιβ
1372 597 1462 662 καθαι-
1480 606 1516 660 48

202 706 326 788 ρώτερυν
350 703 495 780 ἀναπνεῖν,
517 701 583 765 ἀλλ’
611 702 646 766 ού
667 703 720 785 τὴν
735 701 830 786 φύσιν,
852 701 985 785 καθάπερ
1000 702 1049 765 καὶ
1063 703 1100 766 τὰ
1114 700 1237 787 ἔμψυχα
1254 705 1313 764 τῶν
1329 701 1463 786 ἀψύχων.

204 806 296 891 ἐχρῆν
322 806 376 890 γὰρ
406 803 495 874 εὐθὺς
523 803 738 886 μεταλλάξαντα
763 802 851 866 τόπον
879 803 1023 888 διαφέρειν
1044 809 1087 890 τῷ
1114 809 1228 890 φρονεῖν
1257 805 1305 868 καὶ
1332 808 1390 867 τῶν
1417 805 1463 868 άν-

204 908 332 993 θριύπων
360 909 393 970 δὲ
419 907 486 976 τοὺς
513 905 543 969 ἐν
569 909 629 975 τοῖς
656 907 778 990 ὑψηλοῖς
807 905 1051 992 ἐμφρονεστέρους
1080 905 1169 986 εἶναι,
1202 912 1260 970 τιῖιν
1289 907 1404 970 πάντων
1432 906 1465 970 δὲ

174 1012 330 1093 ομαλιοτα
350 1010 417 1080 τοὺς
439 1007 569 1093 ὄρνιθας·
593 1006 627 1071 ού
649 1007 703 1093 γὰρ
725 1013 861 1072 τοσοῦτον
884 1009 903 1091 ἡ
926 1013 979 1092 τῆς
1000 1010 1107 1093 σαρκὸς
1129 1009 1258 1096 διαφέρει
1279 1009 1375 1094 φύσις,
1398 1009 1465 1072 ὅσον

205 1115 225 1198 ἡ
253 1117 305 1178 τοῦ
333 1111 417 1196 ἀέρος
446 1109 634 1194 καθαριότης·
678 1108 720 1174 ἔτι
748 1113 781 1174 δὲ
808 1111 845 1174 τὰ
870 1111 947 1196 φυτὰ
974 1112 1015 1196 μὴ
1043 1116 1157 1197 φρονεῖν
1187 1111 1293 1176 διὰτὸ
1321 1111 1361 1194 μὴ
1385 1109 1465 1196 ἔχειν

208 1217 301 1280 κενόν.
324 1215 367 1284 οἷς
389 1212 415 1276 δ’
442 1213 609 1298 ἐνυπάρχει,
632 1217 724 1277 ταῦτα
738 1215 830 1278 πάντα
845 1218 970 1300 φρονεῖν.
1013 1213 1180 1298 Διογένης
1203 1215 1255 1298 μὲν
1278 1211 1343 1292 οὑν,
1367 1215 1466 1299 ὥσπερ

206 1318 335 1402 εἴπομεν,
358 1317 472 1381 ἅπαντα
494 1315 734 1400 προθυμούμενος
756 1317 870 1399 ἀνάγειν
896 1315 937 1386 εἰς
964 1317 1017 1400 τὴν
1044 1317 1140 1401 ἀρχὴν
1166 1317 1261 1381 πολλὰ
1282 1318 1468 1402 διαμαρτάνει

204 1426 262 1486 τῶν
285 1420 425 1503 εὐλόγων.

168 1551 194 1590 ιο
307 1521 523 1606 Δημόκριτος
546 1521 579 1584 δὲ
601 1521 666 1606 περὶ
683 1521 735 1604 μὲν
750 1521 918 1606 αἰσθήσεως
932 1523 967 1586 ού
983 1523 1111 1608 διορίζει,
1132 1522 1241 1607 πότερα
1254 1526 1314 1593 τοῖς
1329 1521 1465 1590 ἐναντίοις
1482 1528 1517 1582 49

207 1628 227 1711 ἢ
249 1629 309 1696 τοῖς
331 1624 442 1708 όμοίοις
464 1623 550 1688 ἐστίν.
594 1623 620 1686 εί
643 1625 772 1708 μὲνγὰρ
798 1623 868 1709 (τῷ)
894 1625 1083 1688 ἀλλοιοῦσθαι
1110 1628 1189 1688 ποιεῖ
1208 1625 1242 1687 τδ
1264 1623 1467 1702 αἰσθάνεσθαι,

205 1729 311 1799 δόξειεν
334 1727 369 1792 ἂν
391 1731 451 1796 τοῖς
477 1727 639 1812 διαφόροις·
671 1727 705 1790 οὑ
732 1727 786 1812 γὰρ
813 1729 978 1792 ἀλλοιοῦται
1003 1728 1037 1790 ιδ
1061 1727 1161 1810 ὅμοιον
1188 1727 1244 1791 ὑπὸ
1270 1731 1323 1790 τοῦ
1349 1725 1464 1809 όμοίου·

207 1833 291 1895 πολιν
320 1829 346 1894 δ’
374 1828 426 1914 (εί)
451 1830 485 1892 τὸ
513 1829 564 1912 μὲν
594 1827 786 1893 αἰσθάνεσθαι
811 1831 860 1894 καὶ
888 1831 990 1899 ἁπλῶς
1017 1830 1207 1895 ἀλλοιοῦσθαι
1235 1827 1305 1916 (erp)
1331 1830 1465 1914 πάσχειν,

197 1935 345 2015 Ιἀδύνατον
367 1933 410 2012 δέ,
432 1932 520 2018 φησί,
547 1931 584 1994 τὰ
607 1931 648 2015 μὴ
671 1932 763 1996 ταύτὰ
784 1934 922 2018 πάσχειν,
945 1931 1020 1996 ἀλλὰ
1042 1931 1095 1996 κᾶν
1119 1933 1203 2018 ἕτερα
1226 1930 1295 1996 όντα
1316 1937 1387 2015 ποιῇ
1411 1930 1469 2017 οὐχ

166 2066 191 2104 rs
207 2036 256 2122 <’>
279 2037 364 2122 έτερα
385 2033 449 2100 ἀλλ’
477 2033 626 2118 ᾗταύτόν
647 2059 675 2098 τι
697 2037 837 2121 ὑπάρχει,
867 2039 927 2104 τοῖς
950 2033 1071 2117 όμοίοις.
1114 2036 1159 2099 διδ
1186 2035 1250 2120 περὶ
1280 2035 1332 2117 μὲν
1359 2033 1469 2098 τούτων

206 2139 378 2225 ἀμφοτέρως
401 2136 478 2202 ἔστιν
502 2138 665 2222 ὑπολαβεῖν.
704 2139 768 2222 περὶ
791 2139 916 2222 ἑκάστης
937 2134 964 2202 δ’
992 2135 1051 2221 ἤδη
1072 2137 1170 2202 αὑτῶν
1192 2139 1223 2201 ἐν
1240 2137 1320 2222 μέρει
1335 2139 1469 2221 πειρᾶται

205 2243 308 2325 λέγειν.
461 2242 531 2324 δρῦν
554 2240 606 2322 μὲν
629 2238 679 2304 οῦν
702 2245 780 2304 ποιεῖ
799 2246 836 2324 τῇ
860 2241 1000 2326 ἐμφάσει·
1021 2239 1129 2324 ταύτην
1151 2241 1184 2304 δὲ
1206 2241 1286 2310 ἰδίως
1300 2237 1390 2321 λέγει·
1413 2239 1466 2322 τὴν
1485 2246 1519 2302 50

207 2346 262 2430 γὰρ
284 2343 408 2430 ἔμφασιν
431 2342 485 2406 ούκ
507 2342 596 2413 εὐθὺς
617 2343 648 2406 ἐν
670 2349 708 2425 τῇ
732 2343 807 2428 κόρη
829 2343 974 2427 γίνεσθαι,
1002 2344 1078 2408 ἀλλὰ
1105 2344 1153 2407 τὸν
1180 2343 1253 2426 ἀέρα
1279 2341 1329 2405 τδν
1360 2339 1465 2423 μεταΕδ

205 2453 258 2531 τῆς
281 2444 377 2531 όψεως
399 2447 447 2510 καλ
469 2449 520 2509 τοῦ
544 2445 693 2530 δρωμένου
715 2445 879 2510 τυποῦσθαι
900 2445 1125 2528 συστελλόμενον
1154 2445 1212 2509 ὑπὸ
1237 2448 1290 2508 τοῦ
1319 2443 1469 2528 ὁρωμένου

167 2577 192 2617 so
210 2549 333 2624 καὶτοῦ
356 2551 494 2634 δρῶντος·
525 2549 651 2618 ἅπαντος
672 2549 726 2634 γὰρ
750 2550 795 2613 ἀεὶ
817 2548 949 2632 γίνεσθαί
969 2572 1032 2613 τινα
1054 2551 1215 2634 ἀπορροήν·
1246 2545 1347 2612 ἔπειτα
1367 2551 1469 2612 τοῦτον

212 2652 328 2738 στερεὸν
351 2651 419 2716 όντα
441 2654 490 2716 καὶ
512 2653 667 2738 ἀλλόχρων
690 2651 883 2736 ἐμφαίνεσθαι
904 2655 964 2721 τοῖς
986 2649 1113 2734 όμμασιν
1136 2652 1248 2734 ὑγροῖς.
1281 2649 1329 2713 καλ
1356 2651 1390 2712 τὸ
1417 2650 1470 2733 μὲν

211 2757 318 2822 πυκνδν
341 2755 375 2820 οὐ
399 2756 550 2841 δέχεσθαι,
571 2757 605 2819 τδ
628 2756 661 2820 δὲ
681 2755 768 2839 ὑγρδν
791 2755 901 2820 διιέναι.
939 2754 983 2817 διδ
999 2754 1047 2817 καὶ
1062 2756 1129 2824 τοὺς
1144 2753 1247 2839 ὑηροῖις
1261 2755 1319 2816 τῶν
1335 2755 1469 2839 σκληρῶν

207 2859 371 2945 ὀφθαλμῶν
388 2859 522 2942 ἀμείνους
538 2856 610 2922 εἶναι
631 2859 704 2944 πρδς
725 2860 759 2922 τδ
782 2859 863 2944 δρᾶν,
885 2855 911 2920 εἰ
934 2857 950 2920 ὑ
974 2855 1026 2939 μὲν
1042 2855 1098 2926 ἔξω
1120 2859 1211 2942 χιτὼν
1235 2858 1275 2924 δις
1297 2857 1470 2926 λεπτότατος

208 2964 257 3027 καὶ
280 2963 456 3033 πυκνότατος
477 2959 538 3044 εἴη,
565 2961 602 3025 τὰ
623 2959 649 3025 δ’
677 2961 757 3030 ἐντδς
780 2964 821 3031 ιὺς
844 2961 969 3042 μαλιστα
996 2959 1097 3044 σομφδ
1123 2960 1172 3024 καὶ
1199 2959 1268 3023 κενὰ
1289 2964 1399 3044 πυκνῆς
1421 2959 1471 3022 καὶ

172 3092 197 3131 ιι
215 3068 335 3150 στιφροῖς
357 3065 474 3149 σαρκός,
496 3061 539 3128 ἔτι
554 3065 587 3128 δὲ
604 3065 723 3148 ἰκμάδος
745 3061 870 3148 παχείας
890 3086 922 3126 τε
944 3061 993 3125 καλ
1014 3064 1148 3147 λιπαρᾶς,
1171 3062 1219 3127 καλ
1241 3062 1272 3124 αί
1294 3061 1399 3147 φλέβες
1413 3059 1470 3144 (αἱ)

211 3167 285 3232 κατὰ
299 3166 366 3236 τοῦς
381 3166 553 3251 ὀφθαλμοὺς
568 3167 680 3232 εὐθεῖαι
695 3167 744 3230 καὶ
759 3165 884 3250 άνικμοι,
908 3169 949 3235 ιὺς
965 3161 1298 3251 “όμοιυσχημονεῖν’
1326 3167 1386 3234 τοῖς
1401 3165 1471 3227 ἀπο-

209 3268 409 3352 τυπουμένοις.
451 3269 489 3332 τὰ
510 3270 564 3355 γὰρ
587 3271 722 3356 ὁμόφυλα
745 3269 869 3352 μαλιστα
891 3267 1013 3332 ἕκαστον
1035 3268 1192 3353 γνωρίζειν.

311 3370 432 3456 Πρῶτον
455 3371 508 3455 μὲν
531 3370 581 3436 οῦν
603 3372 710 3441 ἄτοπος
732 3373 752 3454 ἡ
775 3370 962 3440 ἀποτύπωσις
984 3372 1004 3454 ἡ
1027 3369 1058 3434 ἐν
1080 3376 1123 3457 τῷ
1146 3369 1221 3456 ἀέρι.
1257 3371 1303 3433 δεῖ
1321 3368 1376 3452 γὰρ
1391 3365 1470 3454 ἔχειν
1487 3375 1520 3431 51

208 3475 372 3559 πυκνότητα
394 3473 442 3539 καλ
466 3475 507 3560 μὴ
530 3472 775 3559 “θρύπτεσθαι’
802 3475 836 3538 τδ
858 3473 1051 3557 τυπούμενον,
1081 3473 1181 3559 ὥσπερ
1208 3475 1257 3540 καλ
1283 3472 1370 3542 αὐτὸς
1391 3481 1468 3564 λέγει

159 3649 360 3661 *mn—u·-

162 3734 221 3790 Ιτδ
237 3735 281 3789 καὶ
298 3737 355 3788 PF:
372 3739 531 3802 transposuit
551 3739 676 3788 Wimmer
692 3733 705 3804 ΙΙ
724 3738 762 3805 τῷ
780 3739 815 3790 P:
868 3753 930 3807 σχιι,
952 3737 1009 3789 PF:
1033 3743 1173 3787 correctum
1199 3753 1234 3788 cx
1255 3739 1336 3791 Arist.
1359 3739 1391 3791 de
1416 3755 1475 3806 gen.
1499 3749 1525 3791 et

158 3822 188 3876 τό
205 3825 226 3876 1³
245 3819 260 3891 ὶΙ
280 3821 297 3875 3
314 3820 343 3874 τό
362 3825 458 3893 φρονεῖν
477 3823 535 3876 PF:
554 3839 621 3875 corr.
640 3824 786 3890 Stephanus
801 3820 815 3892 ΙΙ
869 3842 934 3877 corr.
953 3822 1002 3876 17
1027 3841 1052 3890 ρ.
1066 3821 1178 3876 3231213
1206 3821 1270 3877 ἀλλὰ
1296 3822 1345 3876 κᾶν
1373 3824 1444 3896 ἕτερα
1465 3823 1525 3878 όντα

160 3913 177 3965 4
196 3910 391 3980 ἐμφανεστέρους
411 3913 446 3963 P:
470 3910 674 3981 ἐμφαινεστίρους
689 3914 725 3964 F:
750 3929 815 3964 corr.
868 3917 927 3981 ποιῇ
946 3928 971 3962 τι
989 3909 1023 3967 εἰς
1041 3907 1147 3978 ἄλληλα,
1166 3908 1242 3982 ούχβ
1263 3911 1334 3982 έτιρα
1353 3911 1410 3966 όλλ’
1430 3900 1448 3985 ἧ
1465 3909 1525 3966 ταύ-

162 4001 304 4054 Schneider
324 3995 337 4067 ΙΙ
357 4001 465 4050 iortssse
483 4002 536 4050 τῶν
553 3999 662 4064 (κάτω),
680 3998 781 4051 πάντων
801 3995 815 4067 ΙΙ
868 3999 911 4052 τόν
928 4015 953 4050 τι
970 3996 1077 4066 ὑπάρχει
1095 3995 1150 4052 κτλ.
1169 3995 1183 4067 Η
1203 3998 1237 4052 15
1255 3997 1295 4052 διὰ
1313 4003 1370 4054 PF:
1389 4019 1455 4056 corr.
1474 4005 1524 4055 Cs-

161 4088 255 4154 ‘ipost
277 4089 374 4156 φρονιῖν
396 4087 571 4152 Theophrasti
594 4089 713 4138 refutatio
736 4089 815 4138 inter·
869 4091 971 4140 metius.
990 4081 1024 4136 δι’
1046 4083 1063 4135 d
1084 4087 1228 4138 Vossianus
1255 4084 1268 4156 Η
1292 4088 1323 4144 16
1342 4087 1526 4160 ὑπολαμβάνειν

162 4177 254 4226 cidisse
267 4175 369 4226 videtur
380 4169 422 4242 118
436 4171 535 4243 εἴπομεν
548 4175 562 4238 ξ
576 4174 609 4228 46
624 4171 638 4242 {1
655 4173 686 4226 10
699 4171 817 4243 δημόκρι·
869 4176 1011 4228 Schneider
1024 4169 1038 4240 ΙΙ
1052 4170 1276 4225 consororinos:
1295 4175 1526 4231 recrescentes

160 4278 204 4320 τος
225 4265 253 4313 in
279 4277 343 4326 τοις.
368 4263 444 4314 iteret
465 4264 556 4315 secP
582 4257 596 4330 ΙΙ
619 4257 685 4331 1Ιῇ
709 4260 753 4330 μὲν
772 4259 817 4329 γὰρ
869 4261 1004 4314 Burchsrd
1024 4255 1038 4328 ΙΙ
1061 4258 1092 4312 19
1111 4276 1145 4311 en
1157 4257 1412 4330 στιλλύμινονάπότ.
1426 4263 1447 4319 δ.
1461 4266 1528 4320 κατὰ

162 4351 229 4402 coni.
242 4349 386 4406 Schneider
405 4345 419 4418 Η
438 4354 476 4419 τῷ
488 4351 589 4402 addidit
602 4351 748 4402 Gemonios:
767 4365 818 4402 om.
869 4351 914 4401 τοῦ
924 4345 963 4401 ii
975 4345 988 4418 ΙΙ
999 4343 1277 4416 νυλιπτωιατοςρι.κ
1288 4347 1347 4419 1125
1358 4352 1527 4425 ίσχυρᾶςσαρ·

161 4439 207 4490 PF
229 4439 374 4488 Vossianus
399 4431 413 4503 ΙΙ
441 4435 472 4488 13
495 4435 516 4488 τί
539 4439 639 4489 addidit
659 4439 785 4489 Wimmer
804 4432 818 4505 ΙΙ
870 4435 915 4495 κός
931 4437 990 4490 PFs
1015 4451 1081 4486 corr.
1098 4437 1201 4488 Usener
1217 4435 1231 4506 ΙΙ
1249 4435 1275 4490 αὑ
1296 4439 1528 4511 condiniani

162 4521 235 4576 πάλιν
253 4521 325 4576 δὲτὸ
344 4522 389 4591 μὲν
402 4519 561 4576 αἰσθάνεσθαι
577 4523 621 4576 καὶ
639 4519 679 4574 ὑπ’
702 4521 819 4592 ἀλλήλων
870 4523 906 4594 μὴ
925 4521 1088 4592 εὑσχημυνεῖν
1105 4523 1162 4576 FP:
1186 4529 1288 4579 conexi
1306 4525 1341 4586 ιὺς
1360 4526 1528 4600 ὑμοιοσχημυ-

162 4606 356 4679 ἀλλοιοῦσθαιῆ
379 4611 482 4680 πάσχειν
500 4609 536 4679 μὴ
556 4608 615 4662 όντιι
632 4609 712 4663 ταύτὰ
730 4609 817 4664 ἀδύνα-
869 4615 925 4665 νεῖν.
949 4611 1090 4665 Schneider
1108 4609 1152 4662 καί
1169 4607 1398 4684 ὑμοιοσχημονοῖεν.
1423 4618 1529 4668 verbum

162 4696 205 4750 τόν
218 4711 293 4766 φησιν
305 4695 365 4749 εἶναι
380 4700 484 4750 volebas
495 4699 631 4750 Burehcrd
649 4694 664 4766 ΙΙ
684 4695 771 4757 ἁπλῶς
789 4697 818 4750 cd
869 4709 908 4754 est
919 4700 1113 4752 Democriteum
1131 4701 1162 4750 ci.
1180 4703 1272 4753 Plecit.
1284 4704 1324 4756 IV
1338 4702 1371 4756 19
1383 4713 1395 4752 s
1419 4721 1445 4755 ν.
1457 4706 1529 4756 Prol.

163 4779 322 4837 ἀλλοιοῦσθαι
345 4781 410 4852 λέγει
427 4785 531 4856 πάσχειν
555 4789 621 4840 coni.
644 4784 786 4838 Schneider
806 4783 819 4854 ΙΙ
871 4806 896 4855 ρ.
909 4785 970 4840 219.
993 4785 1037 4838 καὶ
1059 4784 1095 4855 μὴ
1120 4783 1244 4856 ἐνοχλοῖεν
1269 4791 1337 4841 coni.
1359 4791 1494 4843 Bnrchsrd
1514 4787 1529 4860 ΙΙ

162 4871 201 4941 τῷ
223 4872 323 4922 eddidit
349 4873 502 4940 Philippson
526 4871 540 4942 ΙΙ
567 4875 599 4928 14
624 4873 697 4944 φησὶ,
724 4879 761 4944 τῷ
783 4877 819 4927 Ρι
873 4873 907 4929 29
916 4869 1069 4944 θρύπτεσθαι
1077 4875 1269 4928 Democriteum
1278 4877 1384 4928 verbum
1395 4880 1427 4930 cf.
1437 4880 1529 4932 Piscit.

164 4957 234 5030 φησί,
255 4955 284 5010 τδ
301 4960 338 5012 1⁴¹2
363 4977 430 5013 corr.
452 4963 536 5014 Zoller
561 4957 575 5030 ΙΙ
599 4958 664 5013 ἀλλὰ
686 4959 730 5011 καὶ
748 4957 820 5031 έτερα
872 4965 889 5014 1.
904 4981 926 5014 c.
944 4963 1017 5015 Ptol.
1035 4963 1086 5014 l.c.
1107 4958 1121 5030 ΙΙ
1145 4959 1175 5013 τὸ
1197 4959 1441 5032 messiomore:
1465 4983 1531 5018 oorr.

164 5044 223 5100 όντα
241 5051 319 5099 ποιεῖν
336 5044 385 5118 οὑχ
404 5045 488 5120 ἕτερα,
510 5045 566 5102 ἀλλ’
588 5047 605 5118 ἢ
623 5045 713 5100 ταυτόν
729 5065 753 5100 τι
771 5067 818 5101 πα·
872 5052 964 5102 Zeller.
999 5067 1053 5102 non
1073 5052 1184 5102 conferri
1207 5053 1304 5104 debent
1321 5070 1346 5120 p.
1357 5051 1417 5118 514,
1429 5054 1444 5108 6
1458 5061 1484 5105 et
1496 5052 1530 5108 26

217 5162 305 5212 Diels,
325 5162 468 5213 hoxompni
487 5163 568 5212 graeci.
1287 5138 1329 5204 33
