3708 5732
677 411 952 462 reormuouuxu
1429 409 1486 472 121

141 582 238 665 polyc·
262 588 449 664 excerptum
471 581 486 644 l
509 581 549 644 13
571 589 582 639 l
607 579 682 661 λέγει
705 580 738 642 δὲ
753 581 862 661 ὁμοίως
878 580 1037 664 Λευκίππῳ
1052 581 1116 664 περὶ
1132 579 1284 664 στοιχείων
1300 581 1427 663 πλήρους
1442 580 1490 641 καὶ

141 688 232 746 κενοῦ.
266 683 300 748 in
323 682 471 748 Platonis
492 681 632 764 denique
655 682 805 764 opinione
827 701 891 746 non
915 681 1235 765 praetermittendum
1258 680 1414 763 estquod
1437 683 1491 764 11η

141 789 284 872 πανδεχής
307 783 523 868 Theophrasti
549 783 588 849 fr.
610 785 631 848 9
653 784 707 848 vel
727 783 965 849 molestiorihus
987 782 1212 866 amhaginihus
1234 803 1420 866 expressum
1444 791 1493 849 est

139 890 269 951 αιαιονία
295 891 328 950 la
349 909 384 950 sc
411 890 516 950 emata
537 888 699 967 recipiam.
736 885 847 951 mundi
873 885 1049 950 aeternitas
1078 891 1264 968 quo-pacto
1290 885 1493 951 concilianda

138 990 176 1055 sit
198 1010 270 1056 oum
291 990 354 1056 deo
376 993 523 1054 creatore
545 994 655 1054 monet
677 987 775 1054 etiam
797 987 1042 1071 Theophrastus
1064 988 1102 1052 11.
1120 989 1170 1052 11.

227 1092 262 1157 Si
289 1089 524 1174 Theophrastei
553 1090 627 1157 libri
656 1091 712 1155 alx
738 1089 928 1156 liniamenta
957 1110 1018 1156 nos
1044 1097 1156 1156 tenere
1181 1088 1380 1172 memineris,
1414 1087 1493 1153 ratis

140 1193 369 1278 congruentiae
399 1192 486 1257 intra
518 1198 585 1257 tam
614 1211 735 1276 paucos
769 1211 884 1258 versus
916 1194 1043 1258 elucere
1079 1191 1245 1258 concedes.
1291 1190 1349 1256 sed
1379 1190 1493 1256 lortius

141 1305 289 1382 paratum
313 1302 362 1361 est
384 1293 602 1379 persuadendi
623 1295 879 1360 instrumentum.
914 1297 1012 1379 paulo
1038 1295 1123 1360 infra
1144 1294 1242 1375 §123
1262 1293 1349 1359 idem
1370 1293 1494 1360 Acade-

142 1399 242 1464 micus
265 1399 306 1464 de
327 1405 415 1463 terra
437 1399 514 1462 luna
537 1399 606 1463 sole
628 1399 734 1463 electa
754 1397 913 1480 quaedam
935 1397 1096 1481 proponit.
1134 1395 1269 1480 primum
1291 1396 1494 1479 Xenopha-

138 1503 250 1585 nem,¹
276 1507 343 1566 tum
365 1520 443 1566 vero
465 1500 561 1566 haec:
585 1501 712 1564 Hicetas
726 1501 923 1583 Syracusiae,
946 1510 980 1563 at
1002 1505 1047 1564 ott
1070 1502 1339 1582 Theophrastus
1362 1494 1411 1582 [ir.
1428 1497 1492 1580 18],

140 1606 374 1668 acclamantem
397 1606 501 1667 lunum
522 1605 629 1666 stelles
651 1623 767 1684 sapere
789 1603 920 1685 dentque
942 1608 1046 1667 omnic
1058 1613 1144 1667 clerc
1159 1615 1259 1667 censet
1280 1622 1376 1685 acque
1395 1619 1494 1683 prcc-

138 1717 182 1769 tcr
204 1717 318 1770 terram
339 1727 404 1769 rem
425 1708 521 1769 allum
543 1709 575 1769 ia
595 1707 707 1768 mundo
729 1709 855 1770 mecei.
878 1727 957 1787 pauc
979 1729 1048 1770 cam
1070 1711 1186 1771 clrcum
1208 1728 1300 1772 υυυαι
1320 1727 1354 1770 sc
1374 1723 1494 1768 camma

138 1812 292 1874 celeritate
314 1819 474 1874 concertet
489 1821 517 1872 ct
533 1818 684 1890 torqueat,
704 1809 811 1871 cadem
827 1811 909 1890 effici
923 1814 1028 1874 omnia
1042 1831 1122 1893 quac
1142 1813 1172 1874 ai
1192 1819 1293 1874 stante
1314 1820 1399 1872 terra
1420 1825 1492 1870 eoc-

137 1916 196 1976 lam
219 1923 399 1976 moveretur.

220 2015 255 2080 Si
286 2020 372 2081 recte
408 2033 429 2078 a
459 2012 618 2078 Krischeo
650 2013 904 2078 demonstratum
934 2021 984 2079 est
1017 2049 1057 2062 —-
1087 2035 1148 2081 uec
1174 2015 1241 2080 soio
1271 2014 1343 2096 quis
1373 2013 1493 2078 audeat

136 2125 248 2182 contra
276 2118 384 2184 dicere
412 2153 453 2162 -—
483 2115 609 2180 Luculli
635 2116 772 2180 alteram
806 2122 930 2200 partem
965 2135 1004 2180 ex
1033 2115 1224 2183 Clitomachi
1255 2114 1493 2182 commentariis

136 2217 271 2301 petitam
294 2217 403 2302 esse,'
424 2237 490 2282 non
512 2218 582 2301 ipse
606 2216 718 2283 Cicero
736 2217 996 2302 Theophrastum
1019 2218 1109 2302 adiit,
1132 2219 1190 2284 sed
1209 2219 1265 2285 illc
1279 2217 1492 2284 Academicus

137 2339 175 2384 ex
191 2319 283 2384 cuius
298 2324 426 2402 definitis
442 2321 672 2402 qaeestioas'hac
688 2322 720 2402 [ξ
738 2321 812 2403 111]
835 2339 941 2404 pauca
956 2320 1222 2405 philosophorum
1237 2318 1493 2386 dissentientium

138 2423 288 2505 exempla
303 2422 460 2488 delibavit
479 2429 576 2505 atque
592 2422 895 2506 Theophrastum
910 2423 1044 2488 alterius
1058 2423 1121 2489 loci
1136 2428 1300 2488 auctorem
1314 2428 1494 2504 testemque

136 2524 320 2589 advocavit.
343 2525 420 2608 quin
442 2525 540 2608 priori
556 2525 694 2591 eandem
710 2525 866 2608 originem
881 2525 1091 2610 vindicamus,
1107 2545 1178 2590 cum
1194 2525 1383 2609 praesertim
1398 2522 1494 2588 vesti·

137 2627 189 2708 gia
211 2633 342 2692 exstent
364 2626 451 2692 haud
473 2628 588 2693 leviter
610 2629 744 2711 pressa?
777 2628 859 2694 haee
884 2647 936 2693 res
962 2627 1040 2692 mihi
1068 2634 1135 2693 tam
1162 2627 1298 2710 simplex
1325 2633 1358 2692 et
1380 2629 1494 2708 aperta

137 2729 279 2812 videtur,
305 2736 341 2794 ut
366 2729 478 2814 paucis
505 2729 689 2812 perfungar.
728 2729 831 2795 maior
858 2731 1001 2813 exsurgit
1029 2750 1068 2796 ac
1094 2729 1254 2814 spinosior
1280 2726 1426 2812 quaestio
1451 2725 1493 2790 de

138 2831 404 2915 philosophorum
425 2831 531 2898 iudice
547 2831 766 2915 celeberrimo,
789 2851 883 2915 quem
898 2832 980 2897 libro
996 2833 1099 2922 primo
1117 2833 1252 2898 inscruit
1274 2833 1319 2896 de
1341 2831 1493 2895 deorum

136 2933 300 2998 natura'
323 2934 338 2997 Ι
361 2935 402 2998 10
417 2936 603 2998 25-1541.
648 2956 742 3018 quem
767 2955 910 3000 seorsum
940 2955 1128 3018 expressum
1155 2942 1280 3002 etcum
1303 2929 1493 2998 Philodamo

137 3037 301 3101 conlatum
323 3035 533 3102 adnotatione
554 3037 745 3102 brevissima
767 3038 881 3103 addita
902 3037 986 3102 iufra
1008 3037 1148 3103 exhibui.

222 3138 425 3221 Simulatque
448 3138 630 3204 Philodemi
655 3139 696 3204 de
722 3140 845 3223 pietate
867 3139 1050 3221 fragmenta
1075 3140 1108 3204 iu
1129 3139 1418 3224 Neapolitanorum
1439 3157 1495 3200 no·

135 3243 241 3307 titiam
269 3247 444 3324 venerunt,
471 3241 578 3306 statim
606 3241 897 3308 intellexerunt-
919 3263 1026 3325 neque
1051 3241 1166 3308 fallere
1191 3247 1299 3325 potest
1323 3241 1377 3304 vel
1398 3237 1495 3302 hehe

136 3344 252 3410 tiorem
275 3381 316 3390 -
339 3349 463 3408 tantam
492 3363 564 3408 esse
590 3343 830 3413 similitudinem
860 3352 895 3411 ut
922 3366 980 3410 suo
1007 3345 1076 3411 iure
1098 3344 1309 3428 descripsisse
1334 3341 1408 3405 hinc
1433 3341 1494 3406 Ro·

136 3467 268 3511 manum
296 3452 509 3510 autumarent.
544 3445 654 3510 titulus
676 3447 873 3512 voluminum
897 3447 1039 3512 nondum
1066 3453 1142 3512 tunc
1163 3447 1356 3510 innotuerat.
1383 3442 1494 3524 itaque

137 3569 207 3612 cum
231 3547 374 3614 Phaedri
395 3549 539 3614 libellum
563 3549 656 3632 epist.
672 3549 715 3614 ad
730 3548 825 3613 Attio.
842 3550 922 3614 XIII
946 3549 986 3613 39
1006 3557 1021 3609 t
1046 3549 1243 3632 postulatum
1265 3543 1495 3628 memiuissent‚

133 3649 324 3734 fragmentis
347 3651 601 3716 commenticiam
625 3672 663 3716 ao
684 3652 856 3716 barbaram
879 3651 1119 3736 inscriptionem
1142 3651 1272 3735 Φαίδρου
1294 3649 1357 3732 περὶ
1380 3647 1495 3732 φύσεως

133 3755 210 3816 θεῶν
224 3751 422 3836 indiderunt,
438 3771 522 3836 quae
534 3771 555 3817 a
566 3753 686 3818 Murrio
701 3754 839 3837 primum
855 3753 995 3836 [Philod.
1008 3774 1039 3818 v.
1051 3752 1082 3817 d.
1096 3773 1176 3818 mus.
1193 3751 1277 3818 Berl.
1292 3752 1387 3836 1806,
1399 3771 1430 3834 p.
1440 3751 1494 3832 22]

206 4029 213 4060 ¹
235 4045 330 4080 nomen
355 4032 410 4078 siue
434 4030 512 4079 dubio
534 4031 626 4080 falsum
652 4039 698 4078 cst.
734 4030 764 4078 ci.
783 4028 894 4078 Brendis
918 4038 1052 4078 comment
1078 4029 1162 4078 Eleat.
1182 4045 1205 4092 p.
1218 4025 1259 4079 56.
1289 4027 1408 4076 Karsten.
1427 4027 1494 4076 Xen.

139 4118 194 4168 171.
227 4119 362 4166 confusum
387 4117 464 4166 credo
488 4121 542 4166 slve
561 4132 576 4165 a
595 4116 756 4166 Clitomacho
776 4117 830 4164 siva
848 4130 865 4164 a
883 4115 1008 4165 Cicerone
1028 4117 1248 4178 Anaxagorae
1267 4115 1360 4164 lemma
1379 4115 1409 4164 ci.
1430 4116 1493 4178 liip-

135 4207 213 4268 polyt.
234 4201 332 4254 1810.
361 4205 421 4254 Aet.
443 4205 469 4252 II
494 4201 558 4253 25⁹
584 4205 669 4252 Laert.
693 4203 721 4252 Il
744 4201 769 4252 8.
806 4203 912 4252 ridicula
940 4205 1062 4267 imposuit
1091 4202 1242 4265 quibusdam
1270 4203 1399 4250 LactautII
1426 4201 1495 4248 lraus

135 4293 155 4340 I.
174 4293 208 4342 D.
229 4288 323 4342 11123
348 4293 392 4353 qui
416 4291 531 4340 conflatis
554 4290 618 4338 locis
641 4290 768 4339 'Tullianis
794 4285 874 4351 §123
893 4297 918 4338 st
937 4287 970 4340 82
993 4291 1040 4338 hae
1068 4306 1149 4354 nugas
1169 4290 1295 4339 venditat:
1320 4284 1495 4350 Xenophanes

134 4376 281 4428 dicentibus
305 4376 491 4427 arathematicic
515 4375 601 4426 orbem
626 4374 705 4424 laesae
732 4373 915 4438 duodeuipiati
938 4375 1059 4438 partibus
1083 4376 1208 4426 maiorem
1227 4389 1281 4424 aare
1300 4391 1377 4439 qaam
1397 4382 1496 4423 terrem

136 4463 285 4514 rmltiacime
308 4463 423 4514 credidit
447 4474 471 4514 et
495 4461 565 4527 quod
588 4461 647 4512 huic
665 4461 765 4512 levitati
776 4461 838 4528 suit
860 4471 1062 4512 consentaneam
1080 4461 1151 4514 diets
1169 4463 1238 4513 cirta
1257 4473 1399 4512 concavam
1418 4459 1497 4510 lunae

135 4551 223 4601 sinum
242 4566 297 4602 aare
314 4549 399 4600 aliam
419 4559 515 4600 terram
534 4557 558 4600 st
577 4547 708 4600 sciatica
725 4563 805 4616 ysam
819 4547 953 4600 ltomiuum
964 4547 1048 4600 sintita·
1066 4548 1142 4600 modo
1160 4549 1247 4600 cincre
1265 4563 1316 4614 qao
1335 4563 1383 4597 aea
1402 4546 1431 4596 ia
1449 4545 1496 4596 tac

135 4647 206 4688 terra
225 4638 348 4688 vicimus.

206 4721 218 4754 ²
241 4724 429 4775 Clitomachum
453 4727 529 4775 etlam
554 4729 580 4775 in
603 4727 674 4775 libris
697 4725 729 4774 de
753 4725 860 4774 deorum
884 4733 976 4776 natura
998 4727 1080 4790 primo
1104 4732 1130 4773 et
1151 4725 1226 4773 tertio
1251 4723 1415 4786 compilatum
1439 4735 1495 4770 esse

135 4821 194 4875 post
212 4811 420 4862 Schoernannum
438 4813 558 4877 probavit
576 4813 705 4862 HIrzelius
724 4812 871 4861 untersueh.
890 4828 921 4861 zu
941 4813 994 4862 Cic.
1013 4813 1076 4877 phil.
1093 4811 1189 4860 schrift.
1208 4810 1221 4858 1
1240 4826 1265 4874 p.
1278 4806 1312 4858 32
1322 4825 1378 4871 sqq.

208 4897 273 4948 ³de
297 4900 427 4948 deorum
451 4909 567 4950 natura
589 4899 690 4948 titulum
713 4906 839 4948 testantur
863 4907 888 4948 et
911 4900 955 4948 alii
978 4899 1138 4964 grammatici
1162 4911 1226 4962 quos
1250 4898 1312 4946 citat
1335 4895 1451 4944 Halmius
1469 4901 1495 4942 et

135 4985 238 5036 Probus
257 4985 291 5034 ad
311 4987 387 5052 Verg.
408 5005 432 5054 p.
450 4985 523 5038 1311.
561 4989 591 5037 cl.
611 5001 688 5052 supra
707 5001 731 5052 p.
749 4984 791 5036 90.
