3710 5730
328 393 369 456 38
612 396 623 443 l
661 396 709 444 DE
729 393 998 445 PLUTARCHEAE
1018 392 1202 444 EPITOMES
1222 391 1396 443 MEMORIA

327 564 399 628 loco
425 569 513 630 recte
536 563 702 647 ἀνημμένου
729 561 867 627 correxit
893 567 950 624 aut
978 559 1065 643 quod
1087 557 1191 642 magis
1219 557 1348 624 credam
1377 577 1417 624 ex
1446 558 1557 624 codice
1586 559 1691 641 qualis

328 664 424 730 fuitB
439 665 650 749 transcripsit.
683 664 889 747 nequeenim
905 660 1131 727 sinecodlcel
1148 661 1188 726 13
1206 677 1238 730 18
1260 662 1481 745 ἀγκιστροειδεῖς
1503 667 1691 744 ceterasque

212 791 215 798 ⁴
327 765 473 832 feminini
495 767 623 850 generis
644 767 766 832 formas
788 764 1027 850 superscribere
1049 764 1162 847 potuit.

414 868 548 934 Ceteros
574 869 748 950 vulgaris
774 867 918 932 familiae
945 865 1073 932 codices
1099 885 1211 931 omnes
1239 871 1296 931 aut
1321 885 1362 931 ex
1383 865 1551 932 Planudeo
1580 866 1691 931 codice

329 970 498 1054 deperdito
523 977 579 1036 aut
608 991 649 1036 ex
675 967 873 1054 apographis
899 969 969 1034 eius
992 966 1172 1051 descriptos
1195 985 1267 1032 esse
1290 987 1362 1032 cum
1384 969 1558 1035 lectionum
1584 967 1691 1032 simili-

329 1071 441 1138 tudine
458 1074 464 1105 ¹
485 1078 552 1136 tum
566 1073 755 1138 lacunarum
770 1068 809 1156 [V
824 1071 864 1135 27
885 1067 928 1156 ²b
952 1069 1074 1135 ordinis
1089 1066 1355 1155 [transponuntur
1369 1071 1397 1135 V
1413 1071 1454 1136 23
1470 1077 1504 1136 ct
1518 1066 1582 1156 94],
1597 1069 1692 1135 inter-

329 1174 529 1258 polationum
552 1171 701 1260 [112012
724 1171 990 1260 προσονομάζομεν]
1013 1170 1239 1238 communione
1259 1173 1461 1256 exploratum
1478 1178 1537 1237 est.
1570 1172 1612 1237 de
1625 1172 1692 1236 vul·

330 1284 478 1360 gaiorum
502 1277 648 1342 codicum
671 1275 767 1342 turba
789 1277 887 1359 paulo
913 1275 1028 1339 melior
1057 1279 1106 1338 est
1135 1273 1287 1338 Petavii
1314 1273 1446 1358 quidam
1473 1273 1569 1357 liber,
1604 1273 1694 1338 cuius

330 1379 549 1464 discrepantia
576 1379 710 1444 editioni
737 1375 1000 1442 Fraucolurtensi
1027 1377 1111 1441 1620
1141 1375 1253 1440 addita
1280 1383 1339 1441 est.
1384 1375 1534 1440 nimirum
1559 1375 1693 1442 alterius

330 1482 443 1548 classis
466 1481 569 1546 codex
592 1480 635 1545 ad
659 1479 882 1562 corrigendum
905 1479 1048 1544 adscitus
1070 1477 1170 1543 fuisse
1191 1477 1328 1543 videtur.
1371 1478 1457 1544 idem
1480 1477 1568 1542 cadit
1587 1478 1620 1542 in
1643 1497 1693 1544 co

330 1584 436 1649 dicem
458 1581 606 1647 biblioth.
630 1583 756 1664 collegii
779 1582 855 1646 novi
879 1580 1107 1647 Oxoniensis
1129 1601 1161 1644 n.
1177 1580 1239 1645 233
1263 1597 1283 1643 a
1305 1579 1556 1664 Wyttenhachio
1572 1579 1692 1664 passim

330 1685 504 1750 conlatum.
540 1683 701 1750 codicisO
724 1684 905 1749 simillimus
928 1689 978 1748 est
997 1681 1068 1747 cod.
1091 1683 1306 1746 Marcianus
1321 1682 1426 1746 2481
1440 1680 1564 1748 Ioanne
1585 1682 1693 1747 Rhosc

332 1784 480 1852 Cretensi
502 1803 532 1848 a.
551 1785 633 1850 1455
656 1786 690 1850 in
705 1785 908 1851 Bessarionis
931 1805 1024 1849 usum
1046 1784 1237 1849 nitidissime
1252 1782 1400 1867 scriptus,
1423 1782 1513 1848 cuius
1535 1785 1555 1848 l.
1573 1785 1601 1849 V
1622 1785 1700 1850 Pla:

333 1886 469 1952 citorum
486 1885 623 1969 inspexi.
658 1887 801 1952 eiusdem
817 1887 936 1952 aetatis
951 1887 1088 1972 est-cod.
1104 1885 1386 1950 Laurentianus
1401 1884 1444 1948 80
1456 1893 1488 1946 21
1507 1885 1696 1953 chartaceus

330 1991 371 2054 39
394 1987 514 2071 scripta
529 1988 694 2053 Plutarchi
718 1989 897 2056 continens.
932 2010 972 2054 cx
995 1990 1100 2054 altera
1122 1990 1226 2053 classe
1248 1992 1410 2052 correctus
1433 1993 1492 2071 est,
1515 1989 1543 2052 si
1565 1989 1694 2071 quidem

330 2091 378 2155 III
395 2091 462 2154 133
476 2091 510 2155 in
528 2097 679 2156 contextu
695 2092 860 2176 ἑνιζομένην
875 2093 908 2156 in
923 2090 1069 2173 margine
1083 2110 1181 2155 manu
1197 2089 1311 2155 eadem
1322 2090 1584 2174 [Ρένιζοννισμένην
1600 2087 1696 2177 [ciri]

331 2191 473 2258 exhibet.
508 2192 680 2274 singularis
696 2201 745 2259 cst
759 2195 905 2260 condicio
921 2192 1101 2259 Vossiani
1117 2191 1258 2257 chartac.
1274 2189 1330 2256 Gr.
1347 2190 1385 2268 Q.
1402 2193 1422 2256 2
1444 2191 1498 2274 qui
1516 2191 1694 2256 Alexandri

330 2294 426 2360 Pauli
449 2292 507 2358 filii
530 2294 656 2360 Patavii
685 2297 845 2362 senatoris
867 2295 1059 2361 Parisiensis
1080 2313 1110 2358 a.
1129 2293 1212 2358 1639
1237 2291 1298 2357 fuit
1324 2290 1484 2380 [Gatalog.
1508 2293 1583 2358 bibl.
1606 2293 1694 2378 puhl.

331 2396 483 2478 Lugdun.
500 2397 584 2461 1716
609 2419 640 2481 p.
658 2397 731 2481 395,
754 2398 974 2464 Montfaucon.
997 2396 1072 2462 bibl.
1096 2417 1172 2460 mss.
1195 2416 1270 2460 nov.
1292 2396 1345 2460 t.I
1368 2397 1440 2461 Par.
1458 2397 1541 2471 1139
1564 2419 1594 2480 p.
1611 2394 1694 2483 675]

333 2505 506 2564 contextus
520 2499 672 2564 Vossiaui
694 2520 720 2565 s.
736 2501 797 2567 XV
819 2501 920 2566 nitide
936 2499 1135 2584 conscriptus
1157 2519 1229 2564 cum
1251 2499 1395 2582 vulgata,
1418 2499 1547 2581 qualem
1561 2499 1696 2584 praebet

331 2600 371 2684 Ο,
404 2601 552 2666 omnibus
582 2601 678 2668 rebus
704 2603 888 2668 concordat.
933 2602 1071 2685 scriptus
1100 2609 1150 2667 cst
1171 2599 1253 2666 liber
1278 2600 1561 2684 neglegentissime
1587 2600 1695 2666 multis

331 2703 469 2769 omissis.
514 2704 572 2770 ssd
599 2704 762 2787 margines
789 2704 911 2770 crebris
936 2705 1021 2769 notis
1047 2711 1123 2768 sunt
1149 2701 1275 2788 repleti.
1321 2703 1509 2770 correctoris
1537 2710 1587 2768 est
1608 2703 1695 2786 prior

331 2825 446 2872 manus
468 2825 554 2890 quae
576 2805 727 2872 subfusco
749 2812 930 2872 atramento
954 2805 1053 2871 utitur
1075 2813 1108 2872 ct
1134 2806 1280 2870 rotundis
1310 2806 1425 2872 litteris
1452 2805 1590 2870 diversis
1618 2811 1695 2871 tem-

332 2907 463 2992 poribus
484 2907 631 2992 duplices
653 2914 748 2974 notas
770 2907 952 2992 adscripsit
998 2908 1137 2992 primum
1164 2909 1206 2974 de
1229 2908 1413 2974 coniectura
1439 2915 1496 2973 aut
1517 2907 1590 2974 aliis
1612 2909 1695 2974 codi-

332 3008 446 3076 cibus²
469 3009 556 3074 vitiis
578 3010 700 3076 mederi
723 3009 855 3093 studuit,
879 3019 995 3093 postea
1016 3031 1036 3076 e
1058 3010 1175 3076 Galeni
1198 3009 1332 3076 historia
1354 3011 1549 3094 philosopha
1569 3012 1694 3094 largam

332 3112 593 3178 emendationum
617 3117 650 3177 et
671 3113 969 3196 supplementorum
991 3113 1107 3178 silvam
1129 3113 1162 3177 in
1185 3113 1362 3195 marginem
1384 3113 1556 3195 congessit.
1589 3115 1695 3180 altera

331 3233 446 3278 manus
468 3213 626 3281 recentior
647 3213 739 3296 nigro
762 3215 871 3280 colore
893 3221 927 3281 et
949 3216 1109 3297 angulosa
1123 3215 1281 3298 scriptura
1296 3216 1472 3300 conspicua
1493 3235 1534 3283 cx
1552 3217 1694 3300 vulgatis

331 3314 421 3380 libris
443 3333 526 3398 quae
542 3316 661 3382 omissa
677 3323 770 3382 crant
784 3317 957 3401 supplevit.
988 3317 1122 3384 interest
1137 3324 1258 3400 nostra,
1282 3322 1317 3381 ut
1334 3317 1376 3384 de
1392 3319 1499 3402 priore
1514 3327 1693 3385 correctore

331 3419 512 3484 accurah'us
545 3418 753 3502 inquiramus.
808 3439 883 3484 nam
917 3427 974 3485 eut
1007 3419 1103 3485 fallor
1136 3419 1266 3502 egregie
1298 3426 1356 3484 aut
1386 3419 1538 3486 Guilelmi
1569 3421 1693 3488 Budaei

200 3601 201 3606 ρ
331 3521 507 3586 doctissimi
536 3520 597 3586 viri
624 3539 754 3585 manum
782 3529 869 3587 recte
891 3523 1067 3604 adgnosco.
1111 3520 1235 3586 iudices
1256 3522 1354 3588 velim
1376 3523 1447 3607 ipsc
1469 3524 1600 3588 conlata
1621 3524 1691 3589 eius

331 3623 435 3689 latina
457 3621 622 3706 versione,
651 3641 734 3704 quae
757 3623 893 3706 primum
915 3623 1035 3707 prodiit
1064 3625 1151 3707 quod
1180 3624 1279 3690 sciam
1307 3623 1440 3690 Parisiis
1464 3625 1563 3689 1505.
1604 3625 1695 3690 velut

330 3727 346 3791 1
380 3727 420 3791 15
451 3735 467 3786 7
506 3725 673 3807 vulgatam
708 3733 816 3791 tuetur
848 3725 1000 3792 Vossiani
1036 3733 1206 3794 contextus
1243 3733 1301 3791 τῶν
1328 3731 1452 3809 τροπῶν.
1503 3745 1615 3790 verum
1643 3733 1694 3793 cst

330 3833 455 3913 τροφῶν.
489 3834 524 3892 at
546 3827 683 3909 margini
706 3827 904 3911 adscriptum
927 3835 976 3893 est
998 3849 1096 3894 manu
1119 3830 1310 3894 correctoris
1333 3827 1491 3908 ·1.το’τιιον
1514 3847 1533 3892 e
1555 3826 1691 3894 Galeuo.

330 3929 483 3994 Budaeus
499 3929 596 3994 vertit
618 3937 776 4014 propter
799 3931 970 3995 locorum
993 3933 1264 4013 coelorumque
1286 3931 1506 3996 varietates.
1532 3929 1691 3994 Galenum

330 4031 433 4114 enim,
468 4049 562 4113 quem
592 4030 679 4096 haud
705 4033 805 4098 semel
832 4032 944 4098 citavit
971 4041 1132 4098 corrector
1162 4031 1316 4119 [111311
1344 4040 1378 4098 et
1398 4032 1537 4097 112012
1564 4031 1693 4114 Γαληνὸς

330 4135 360 4198 ἐν
382 4141 420 4217 τῇ
443 4131 621 4219 ριλοσόρ<ιμ>
643 4133 765 4222 ἱστορίᾳ]
788 4155 854 4200 non
877 4137 980 4200 solum
1002 4135 1167 4219 apposuit,
1194 4136 1252 4200 scd
1274 4135 1373 4201 etiam
1395 4133 1581 4200 emendavit
1602 4134 1692 4199 velut

330 4236 373 4300 ad
394 4236 439 4302 IV
457 4237 497 4302 15
521 4246 531 4297 1
558 4233 674 4301 Galeni
690 4237 752 4304 hoc
766 4237 1022 4302 additamentum
1039 4235 1076 4323 [c.
1090 4234 1142 4323 96]
1158 4237 1350 4319 castigatum
1367 4235 1458 4302 dedit
1471 4237 1505 4298 τὸ
1522 4237 1573 4318 μὲν
1590 4237 1691 4305 σκότος

330 4339 464 4401 συνάπτει
487 4335 596 4423 [vulgo
619 4337 743 4426 συνάγει]
765 4343 813 4404 καὶ
837 4339 977 4424 συγκρίνει
1001 4337 1110 4426 [vulgo
1129 4337 1263 4426 συγκινεῖ]
1285 4343 1338 4425 τὴν
1360 4340 1459 4423 ὅρασιν
1482 4339 1531 4401 καὶ
1554 4340 1691 4423 ἀμβλύνει

410 4441 458 4504 διὰ
479 4447 563 4504 τοῦτο
586 4439 694 4529 [vulgo
717 4440 831 4528 διὰτὸ]
854 4445 895 4527 μὴ
918 4445 988 4526 ὁρᾶν
1011 4445 1088 4527 ἡμᾶς
1111 4445 1198 4528 ἐντῷ
1215 4445 1321 4507 σκότει.
1355 4441 1508 4506 Budaeus
1529 4439 1563 4504 in
1584 4439 1690 4523 ipsum

403 4629 506 4682 Ι138
527 4633 632 4698 vulgata
655 4633 783 4684 consentit
807 4634 833 4682 in
858 4632 897 4682 his
920 4632 964 4683 καὶ
985 4629 1061 4684 ἵππον
1084 4631 1126 4684 ἕνα
1144 4631 1238 4700 μόνον
1256 4635 1368 4698 νοοῦμεν.
1394 4633 1479 4682 omisit
1501 4629 1576 4697 μόνον
1599 4631 1691 4682 melior

329 4789 452 4838 memoria
470 4789 528 4839 ΑΒ.
547 4789 673 4852 originem
691 4789 852 4852 glossematis
871 4797 996 4840 monstrat
1014 4791 1035 4841 C
1055 4719 1227 4857 [bbvbbobptr.

400 4871 411 4904 ²
428 4875 591 4925 coniunctum
615 4875 695 4924 habes
714 4881 848 4940 utromque
867 4877 909 4926 llI
931 4877 960 4930 16
979 4887 998 4935 1,
1023 4877 1066 4928 ubi
1086 4879 1119 4928 ad
1138 4881 1269 4942 vulgarem
1289 4881 1422 4928 lectionem
1442 4875 1486 4936 (=
1500 4877 1532 4936 C)
1551 4869 1688 4942 raphaeli·

329 4974 391 5014 σσσα
409 4964 436 5011 in
455 4964 570 5028 margine
589 4963 727 5012 adnotatur
745 4959 933 5030 nupcbusloucc
952 4965 994 5026 (=
1009 4967 1034 5014 Α
1044 4965 1077 5028 Β)
1097 4963 1113 5032 ἦ
1132 4963 1302 5033 παραλυκίσαν
1323 4966 1346 5026 (c
1365 4965 1531 5014 coniectura.
