3756 5736
315 439 377 502 νον
464 442 528 490 xix
555 442 604 490 nu
625 441 792 490 nnuman
813 439 1017 490 ueu'rmruu
1037 435 1346 490 rnruosoruoauru
1366 436 1548 488 mutemus

315 623 411 692 qoam
434 608 502 673 fere
517 607 559 671 ad
575 608 708 674 verbum
732 611 861 672 secutus
882 606 924 670 sit
938 605 1090 690 Iustinus,
1113 605 1298 672 vetustioris
1319 605 1393 671 libri
1415 602 1673 670 communionem

315 717 484 794 utramque
514 710 630 776 seriem
653 707 813 792 complexi
839 707 961 789 fingere
983 709 1059 775 noli.
1105 719 1276 796 praetcrea
1301 709 1406 792 ipsum
1428 706 1587 772 Iustinum
1608 724 1673 770 uno

315 814 465 896 exemplo
491 811 682 877 arcessitum
710 810 856 876 evincam
882 810 990 876 Herm.
1014 831 1041 877 o.
1059 815 1097 878 11
1126 814 1201 878 ἀλλὰ
1227 813 1275 876 καὶ
1301 812 1395 896 τούτῳ
1425 813 1509 874 πολιν
1532 812 1548 873 ὁ
1572 831 1674 890 μεγα·

315 917 473 1000 λόφωνος
501 915 644 979 Πλάτων
667 913 724 998 οὐχ
746 915 883 996 ὁμολογεῖ
904 913 996 996 λόγων
1013 917 1107 1001 ἀρχὰς
1129 915 1202 980 εἶναι
1224 916 1273 978 καὶ
1296 915 1364 977 hadr
1386 915 1434 977 καλ
1458 914 1528 995 ύλνγν
1550 911 1599 975 καὶ
1621 935 1674 974 πα-

315 1021 465 1104 ράδειγμα.
489 1023 537 1082 νύν
554 1017 605 1098 μὲν
621 1016 668 1078 καὶ
685 1017 721 1100 δὴ
737 1016 905 1098 πέπεισμαι.
932 1023 995 1086 πῶς
1010 1020 1064 1101 γάρ
1080 1021 1113 1082 ού
1131 1020 1229 1100 μέλλω
1244 1018 1385 1082 πιστεύειν
1401 1015 1554 1101 φιλοσόφῳ
1577 1019 1620 1098 τῷ
1635 1015 1673 1076 τὸ

316 1123 397 1191 Διὸς
420 1123 513 1206 ἅρμα
535 1118 719 1202 πεποιηκότιγ
742 1117 822 1182 illud
845 1121 861 1182 ό
885 1121 1090 1205 μεγαλόφωνος
1105 1122 1228 1186 Πλάτων
1243 1120 1367 1186 Iustina
1389 1117 1568 1184 subiectum
1589 1136 1617 1182 e.
1633 1117 1676 1180 30

317 1246 348 1307 p.
365 1225 431 1288 300
447 1222 631 1304 ibidemque
646 1226 843 1286 memoratur
857 1219 945 1286 Iovis
959 1241 1071 1288 currus
1091 1223 1243 1306 [Phaedr.
1259 1245 1290 1306 p.
1307 1223 1396 1289 2462
1419 1219 1459 1286 cl.
1474 1219 1673 1300 Athenagor.

317 1327 421 1409 suppl.
445 1345 472 1390 c.
485 1325 551 1406 23].
581 1321 679 1388 etiam
701 1323 861 1408 principia
883 1331 958 1389 sunt
980 1326 1095 1392 eadem
1118 1327 1182 1392 ab
1204 1347 1234 1410 p.
1253 1327 1305 1391 in.
1328 1325 1418 1410 atqui
1440 1321 1588 1389 Platonis
1607 1320 1676 1386 irri-

317 1428 441 1492 sionem
455 1425 526 1510 ipse
541 1427 668 1491 lirratus
683 1433 733 1492 cst
747 1427 890 1492 Iustinus
905 1447 945 1492 ex
961 1427 1134 1494 Plutarcho
1150 1429 1240 1494 Plac.
1255 1429 1271 1493 I
1288 1429 1305 1492 l
1326 1439 1342 1490 4
1365 1425 1417 1514 [cf.
1439 1445 1538 1510 supra
1560 1447 1592 1510 p.
1609 1425 1674 1510 lll,

316 1550 411 1614 quem
434 1549 506 1595 oum
528 1529 679 1596 Hermiae
702 1530 839 1613 ignoret,
861 1529 951 1612 origo
974 1537 1075 1614 patet.

402 1633 568 1698 Hactenus
583 1631 734 1698 llcnzelii
757 1631 941 1715 opinionem
963 1633 1146 1699 accuratior
1167 1632 1349 1716 disquisitio
1371 1630 1582 1698 confirmavit
1610 1630 1673 1696 Nc·

317 1734 453 1802 mesium
476 1741 584 1800 autem
607 1735 726 1800 iniuria
748 1733 908 1800 adscitum
930 1754 1002 1802 esse
1024 1735 1196 1801 contendo.
1232 1755 1308 1800 nam
1331 1755 1415 1818 quae
1438 1754 1510 1802 eam
1532 1733 1674 1818 speciem

317 1839 470 1904 effecerat
491 1837 608 1922 capitis
625 1839 644 1903 2
667 1837 832 1904 nominum
848 1836 1027 1922 consensio,
1051 1857 1124 1904 eam
1139 1857 1180 1903 ex
1195 1837 1392 1905 scholiastae
1413 1835 1674 1921 interpolatione,

317 1941 372 2022 qui
394 1939 547 2006 Nemcsio
570 1939 736 2026 utebatur,
766 1947 870 2006 ortam
900 1959 973 2006 esse
1001 1939 1067 2004 iam
1094 1939 1220 2023 pridem
1239 1939 1445 2006 intellectum
1473 1943 1532 2004 est.
1577 1937 1674 2002 ctiam

318 2043 421 2125 magis
450 2042 612 2108 claudicat
634 2042 831 2110 Theodoreti
857 2041 1071 2127 comparatio,
1099 2041 1150 2107 eui
1179 2041 1260 2107 nihil
1285 2043 1347 2108 nisi
1373 2041 1487 2106 umbra
1514 2040 1674 2124 quaedam

318 2145 550 2210 sententiarum
574 2145 723 2230 componi
751 2152 859 2230 potest
879 2147 970 2213 velut
990 2145 1207 2228 Anaxagorae
1234 2151 1267 2210 et
1288 2144 1495 2230 Pythagorae
1517 2141 1676 2226 principia

318 2247 431 2312 stricta
446 2247 534 2332 apud
557 2248 641 2313 hunc
661 2249 768 2314 effect.
783 2268 850 2313 cur.
865 2249 897 2314 Π
913 2249 954 2314 23
977 2245 1103 2313 doctius
1118 2253 1193 2312 sunt
1207 2248 1295 2332 apud
1309 2246 1474 2313 Hermian
1489 2247 1675 2331 explanata.

318 2349 484 2433 aliquanto
516 2351 624 2434 aptius
650 2349 734 2416 alius
756 2357 885 2434 poterat
907 2351 996 2418 locus
1019 2350 1167 2416 conferri.
1202 2355 1345 2416 extremo
1368 2349 1450 2415 libro
1466 2348 1675 2434 Pythagorae

319 2459 351 2517 et
373 2452 504 2536 Epicuri
533 2452 671 2517 mundos
697 2451 797 2536 ridet,
825 2473 906 2536 quos
927 2453 1127 2536 decempeda
1149 2451 1323 2520 instructus
1344 2451 1477 2517 infinitis
1500 2450 1562 2516 sibi
1584 2449 1677 2516 itine-

319 2554 406 2619 ribus
428 2554 651 2637 peragrandos
677 2553 777 2637 fingit.
811 2575 906 2638 qoem
933 2555 1038 2620 lusum
1067 2556 1148 2620 satis
1175 2555 1329 2639 vapidum
1357 2553 1548 2638 propinasse
1574 2551 1677 2618 Theo-

318 2655 466 2721 dorcium
488 2657 667 2722 dicas198
688 2658 731 2726 τίς
753 2659 807 2742 γὰρ
830 2657 945 2722 ἅπασαν
969 2659 1066 2742 μέτριρ
1087 2657 1120 2721 ἂν
1143 2661 1292 2745 περιλάβοι
1314 2659 1366 2741 τὴν
1389 2663 1452 2740 γῆν,
1475 2655 1537 2720 εἶτα
1559 2657 1677 2725 ἑπτάκις

319 2759 367 2821 καὶ
390 2760 535 2829 εἰκοσάκις
557 2761 794 2830 πολυπλασιάσας
818 2763 851 2824 τό
880 2761 983 2844 μέτρον
1010 2763 1164 2844 συναγάγοι
1190 2767 1243 2845 τῆς
1270 2763 1370 2848 ψήφου
1396 2763 1444 2824 τὸν
1471 2759 1606 2842 λογισμόν
1629 2759 1677 2821 καλ

319 2865 419 2923 τοῦτον
441 2867 483 2946 τῷ
510 2861 607 2946 μέτρῳ
629 2866 681 2924 τοῦ
697 2863 880 2946 ἀνθρωπείου
896 2863 1042 2947 παραθείη
1057 2863 1156 2933 ποδός.
1192 2863 1250 2929 aad
1270 2863 1387 2928 similia
1407 2869 1474 2927 tum
1494 2859 1678 2926 christiania

319 2962 352 3024 in
376 2961 500 3026 deliciis
522 2963 622 3028 sucre.
658 2961 857 3029 Claudianus
879 2964 1008 3049 quidem
1024 2965 1199 3030 Mamertus
1222 2965 1262 3030 de
1285 2973 1372 3030 statu
1394 2965 1523 3030 animae
1538 2963 1570 3028 11
1587 2963 1627 3028 12
1645 2971 1677 3024 13

318 3065 351 3129 in
380 3065 502 3131 eisdem
529 3065 590 3130 sibi
620 3067 729 3149 placet
760 3065 898 3132 facetiis:
930 3071 981 3132 eia
1009 3090 1091 3132 nuno
1118 3071 1209 3132 sodes
1237 3069 1383 3150 epredere
1411 3077 1439 3130 et
1465 3069 1679 3130 elomentorum

319 3170 448 3232 nrotibua
464 3171 604 3232 excussis
620 3173 814 3252 trutinaeque
832 3173 942 3234 iudicii
964 3191 1129 3253 corporum
1150 3173 1340 3254 ponderibus
1361 3173 1515 3253 impositis
1537 3169 1679 3250 appende

319 3273 482 3332 rnundnm:
516 3275 653 3353 quipiam
680 3273 816 3352 fortasse
845 3275 924 3337 caeli
952 3275 1042 3340 nobis
1068 3277 1232 3340 undeunde
1253 3277 1426 3357 prosilient.
1460 3281 1515 3337 out
1532 3275 1573 3336 »ei
1598 3291 1679 3336 unus

318 3375 694 3456 munduaptureaporro
716 3377 889 3439 nonhabet
911 3379 1032 3455 caelos,
1060 3381 1183 3460 aliquos
1213 3380 1269 3442 tihi
1299 3399 1367 3441 eum
1389 3379 1526 3459 Epicuro
1549 3375 1679 3439 mundos

319 3485 490 3538 atomorum
512 3481 631 3540 minuta
651 3480 839 3558 parturiant.
885 3479 944 3544 sed
970 3499 1034 3562 quo
1057 3481 1172 3546 melius
1193 3481 1366 3563 intellegas
1393 3477 1583 3545 arcessitum
1607 3495 1679 3543 esse

318 3583 420 3642 totum
443 3577 571 3643 iocandi
596 3597 699 3660 genus
715 3586 747 3644 et
761 3579 871 3662 inepte
894 3589 1136 3668 exaggeratum,
1157 3581 1286 3648 Tatiani
1309 3580 1409 3648 verba
1429 3579 1495 3646 iam
1509 3599 1530 3646 a
1544 3579 1678 3646 hlarano

318 3677 493 3745 observata
515 3687 660 3763 repetam
683 3701 710 3746 υ.
727 3681 768 3746 25
795 3687 854 3751 τοῖς
881 3681 1037 3754 Πλάτωνος
1064 3685 1124 3770 ἕπῃ
1153 3687 1290 3768 δόγμασι·
1314 3684 1362 3747 καὶ
1385 3686 1401 3748 δ
1424 3682 1486 3746 κατ’
1511 3681 1678 3768 Ἐπίκουρον

318 3783 497 3866 σοφιστεύων
521 3783 690 3866 διαπρύσιος
719 3784 891 3848 deblaterat
912 3806 969 3849 σοι.
1012 3790 1098 3851 πάλιν
1125 3811 1157 3852 τε
1178 3788 1251 3853 εἶναι
1274 3787 1369 3857 δέλεις
1390 3787 1465 3850 κατὰ
1487 3789 1536 3850 τόν
1555 3785 1678 3871 Ἀριστο-

317 3883 402 3967 τέλην
426 3885 478 3948 καί
500 3909 541 3955 τις
566 3875 640 3949 κάτὰ
668 3887 717 3949 τδν
740 3887 920 3970 Δημόκριτον
942 3891 1115 3974 λοιδορεῖταί
1136 3913 1192 3956 σοι.
1236 3889 1411 3974 Πυθαγόρας
1434 3887 1586 3975 Εύφορβυτ
1604 3913 1678 3974 γεγε-

316 3987 426 4070 νῆσθαί
446 4009 533 4072 φησιν
556 3987 677 4050 καὶτοῦ
701 3988 870 4072 Φερεκύδου
892 3991 1034 4075 δόγματος
1057 3995 1236 4079 κληρονόμος
1259 3992 1345 4057 ἐστίν.
1377 3996 1392 4057 ό
1422 3993 1454 4056 δὲ
1476 3989 1679 4076 Ἀριστοτέλης

316 4096 368 4174 τῆς
391 4095 488 4176 ψυχῆς
510 4089 658 4174 διαβάλλει
686 4092 738 4174 τὴν
761 4093 931 4157 ἀθανασίαν.
969 4101 1138 4168 στασιώδεις
1165 4097 1198 4160 δὲ
1226 4095 1343 4182 ἔχοντες
1370 4099 1429 4158 τῶν
1455 4095 1607 4178 δογμάτων
1630 4097 1680 4166 τὰς

316 4193 455 4278 διαδοχὰς
478 4193 649 4276 ἀσύμφωνοι
671 4195 742 4279 πρός
764 4197 831 4266 τοὺς
853 4201 1032 4284 συμφώνους
1056 4201 1169 4270 ἑαυτοῖς
1192 4199 1385 4284 διαμάχεσδε.
1423 4215 1498 4264 eaeo
1520 4195 1682 4264 Irriaionia

316 4293 468 4360 medulla.
512 4313 590 4360 nam
618 4294 699 4360 nihil
726 4295 802 4363 fecit
830 4298 919 4364 aliod
950 4300 1093 4367 imitator
1127 4321 1224 4384 quam
1259 4308 1295 4366 ut
1327 4299 1469 4366 breviter
1501 4299 1681 4382 significata

316 4395 461 4479 putidius
482 4396 637 4464 dilataret
659 4405 692 4464 et
714 4401 757 4466 ad
777 4401 940 4468 mimicum
961 4423 1064 4487 genus
1087 4403 1313 4470 transferret¹
1349 4422 1434 4486 quae
1453 4421 1525 4468 cum
1541 4402 1588 4468 ita
1609 4402 1682 4484 sint,

388 4588 395 4619 ¹
415 4591 449 4641 ad
468 4590 520 4642 &4
538 4593 581 4642 νῦν
599 4590 645 4659 μὶν
665 4587 787 4648 ἀθάνατός
805 4589 856 4656 εἰμι
875 4588 931 4642 τιτλ.
955 4595 1026 4644 locus
1045 4595 1308 4646 Pseudo-Clementis
1326 4595 1443 4656 Recogn.
1456 4591 1498 4643 13
1522 4601 1682 4656 comparatam

315 4687 365 4728 eet:
385 4676 595 4747 philosopherum
612 4678 817 4748 frequentabant
841 4678 957 4738 scholar,
983 4678 1029 4730 ubi
1052 4679 1122 4732 uiuit
1144 4679 1221 4732 atiud
1245 4697 1325 4748 quana
1348 4678 1499 4747 depuratum
1519 4668 1682 4728 adnationes

315 4775 339 4816 et
359 4765 570 4834 impupnatianea
590 4763 711 4818 videbam
729 4765 775 4832 api
793 4765 851 4817 sine
862 4765 930 4833 fide,
949 4767 1096 4818 certamina
1115 4777 1187 4819 artes
1212 4767 1425 4836 cpliopirnrcrurn
1445 4763 1684 4830 conctrnionumque

315 4853 445 4919 epicuri
468 4855 635 4906 versutiae
658 4862 686 4905 ct
709 4853 738 4903 si
761 4853 891 4920 quando
915 4853 1046 4920 quidem
1065 4853 1236 4907 obtinebat
1257 4855 1310 4910 bic
1328 4871 1431 4907 sermo
1450 4851 1535 4921 quod
1553 4853 1680 4902 inurer-

315 4940 399 4991 totis
417 4951 501 4992 aeae!
520 4938 880 5008 anima,pratuiabor:
899 4941 1073 5006 siquando
1091 4959 1164 4994 cero
1183 4941 1388 5010 arpuebutar
1406 4941 1501 5006 quari
1519 4939 1682 5001 mortalia,

316 5041 382 5079 curn
401 5028 547 5081 tristitie
567 5027 785 5082 discedebam.
818 5031 864 5080 sed
882 5031 1065 5083 haectortuita
1083 5033 1289 5084 consimilitudo.
1308 5033 1391 5082 maior
1409 5031 1523 5082 eiusdem
1544 5045 1576 5092 α,
1594 5029 1638 5078 ubi
1657 5043 1684 5078 sc
