<?xml version="1.0" encoding="UTF-8"?>
<!DOCTYPE html PUBLIC "-//W3C//DTD XHTML 1.0 Transitional//EN"
    "http://www.w3.org/TR/xhtml1/DTD/xhtml1-transitional.dtd">
<html xmlns="http://www.w3.org/1999/xhtml" xml:lang="en" lang="en">
 <head>
  <title>
</title>
<meta http-equiv="Content-Type" content="text/html;charset=utf-8" />
  <meta name='ocr-system' content='tesseract 3.04.00' />
  <meta name='ocr-capabilities' content='ocr_page ocr_carea ocr_par ocr_line ocrx_word'/>
</head>
<body>
  <div class='ocr_page' id='page_1' title='image "./doxographigraec01dielgoog/doxographigraec01dielgoog_0175.png"; bbox 0 0 3708 5732; ppageno 0'>
   <div class='ocr_carea' id='block_1_1' title="bbox 351 361 1430 454">
    <p class='ocr_par' dir='ltr' id='par_1_1' title="bbox 351 361 1430 454">
     <span class='ocr_line' id='line_1_1' title="bbox 351 361 1430 454; baseline 0.007 -38"><span class='ocrx_word' id='word_1_1' title='bbox 351 361 413 426; x_wconf 87' lang='grc'><strong>160</strong></span> <span class='ocrx_word' id='word_1_2' title='bbox 628 368 682 418; x_wconf 84' lang='lat' dir='ltr'><strong>XII</strong></span> <span class='ocrx_word' id='word_1_3' title='bbox 719 369 768 418; x_wconf 82' lang='lat' dir='ltr'><strong>DE</strong></span> <span class='ocrx_word' id='word_1_4' title='bbox 787 369 996 420; x_wconf 76' lang='lat' dir='ltr'><strong>PLU&#39;l&#39;AllClss</strong></span> <span class='ocrx_word' id='word_1_5' title='bbox 1014 371 1265 424; x_wconf 81' lang='lat' dir='ltr'>STROMATEON</span> <span class='ocrx_word' id='word_1_6' title='bbox 1283 369 1430 454; x_wconf 58' lang='lat' dir='ltr'><strong>ECLOGA</strong></span> 
     </span>
    </p>
   </div>
   <div class='ocr_carea' id='block_1_2' title="bbox 347 533 1715 2260">
    <p class='ocr_par' dir='ltr' id='par_1_2' title="bbox 347 533 1715 2260">
     <span class='ocr_line' id='line_1_2' title="bbox 435 533 1625 626; baseline 0.008 -30"><span class='ocrx_word' id='word_1_7' title='bbox 435 533 508 598; x_wconf 83' lang='grc' dir='ltr'>ἑπτὰ</span> <span class='ocrx_word' id='word_1_8' title='bbox 532 537 580 598; x_wconf 82' lang='grc' dir='ltr'><strong>καὶ</strong></span> <span class='ocrx_word' id='word_1_9' title='bbox 603 536 819 602; x_wconf 84' lang='grc' dir='ltr'>είκοσαπλασίω</span> <span class='ocrx_word' id='word_1_10' title='bbox 843 537 974 604; x_wconf 80' lang='lat' dir='ltr'><strong>CDFG</strong></span> <span class='ocrx_word' id='word_1_11' title='bbox 997 535 1055 624; x_wconf 81' lang='lat' dir='ltr'><strong>[siu</strong></span> <span class='ocrx_word' id='word_1_12' title='bbox 1077 539 1252 626; x_wconf 57' lang='lat' dir='ltr'><strong>Plutarch]</strong></span> <span class='ocrx_word' id='word_1_13' title='bbox 1383 546 1461 608; x_wconf 83' lang='grc' dir='ltr'>ὀκτὼ</span> <span class='ocrx_word' id='word_1_14' title='bbox 1483 543 1531 607; x_wconf 87' lang='grc' dir='ltr'><strong>καὶ</strong></span> <span class='ocrx_word' id='word_1_15' title='bbox 1553 542 1625 606; x_wconf 87' lang='grc' dir='ltr'>είκο-</span> 
     </span>
     <span class='ocr_line' id='line_1_3' title="bbox 1413 644 1646 710; baseline 0 0"><span class='ocrx_word' id='word_1_16' title='bbox 1413 645 1566 710; x_wconf 83' lang='grc' dir='ltr'>σαπλασίω</span> <span class='ocrx_word' id='word_1_17' title='bbox 1588 644 1646 710; x_wconf 85' lang='grc' dir='ltr'><strong>ΒΕ</strong></span> 
     </span>
     <span class='ocr_line' id='line_1_4' title="bbox 435 738 1188 827; baseline 0.007 -23"><span class='ocrx_word' id='word_1_18' title='bbox 435 740 618 824; x_wconf 75' lang='grc' dir='ltr'>ἀνθρωπείου</span> <span class='ocrx_word' id='word_1_19' title='bbox 640 777 682 786; x_wconf 92' lang='grc'><strong>-</strong></span> <span class='ocrx_word' id='word_1_20' title='bbox 701 738 877 827; x_wconf 85' lang='grc' dir='ltr'>Ἐπίκουρος</span> <span class='ocrx_word' id='word_1_21' title='bbox 898 745 1066 826; x_wconf 81' lang='grc' dir='ltr'>τηλικοῦτον</span> <span class='ocrx_word' id='word_1_22' title='bbox 1088 745 1188 827; x_wconf 81' lang='grc' dir='ltr'>ἡλίκος</span> 
     </span>
     <span class='ocr_line' id='line_1_5' title="bbox 480 841 1645 928; baseline 0.006 -22"><span class='ocrx_word' id='word_1_23' title='bbox 480 862 541 906; x_wconf 87' lang='lat' dir='ltr'><strong>orn.</strong></span> <span class='ocrx_word' id='word_1_24' title='bbox 566 841 659 908; x_wconf 82' lang='lat' dir='ltr'><strong>CFG</strong></span> <span class='ocrx_word' id='word_1_25' title='bbox 682 863 754 908; x_wconf 86' lang='lat' dir='ltr'><strong>cunr</strong></span> <span class='ocrx_word' id='word_1_26' title='bbox 777 845 913 910; x_wconf 85' lang='lat' dir='ltr'><strong>lacunae</strong></span> <span class='ocrx_word' id='word_1_27' title='bbox 935 845 1028 928; x_wconf 80' lang='lat' dir='ltr'><strong>signo</strong></span> <span class='ocrx_word' id='word_1_28' title='bbox 1382 847 1504 914; x_wconf 86' lang='lat' dir='ltr'><strong>habent</strong></span> <span class='ocrx_word' id='word_1_29' title='bbox 1527 847 1645 913; x_wconf 86' lang='lat' dir='ltr'><strong>BDEl</strong></span> 
     </span>
     <span class='ocr_line' id='line_1_6' title="bbox 349 943 1609 1029; baseline 0.006 -23"><span class='ocrx_word' id='word_1_30' title='bbox 349 943 410 1008; x_wconf 89' lang='lat' dir='ltr'><strong>XV</strong></span> <span class='ocrx_word' id='word_1_31' title='bbox 425 943 467 1008; x_wconf 79' lang='lat'><strong>26</strong></span> <span class='ocrx_word' id='word_1_32' title='bbox 510 945 595 1029; x_wconf 85' lang='grc' dir='ltr'>νέφος</span> <span class='ocrx_word' id='word_1_33' title='bbox 616 945 688 1010; x_wconf 78' lang='grc' dir='ltr'>εἶναι</span> <span class='ocrx_word' id='word_1_34' title='bbox 711 945 809 1012; x_wconf 87' lang='lat' dir='ltr'><strong>ceteri</strong></span> <span class='ocrx_word' id='word_1_35' title='bbox 832 967 851 1011; x_wconf 90' lang='lat' dir='ltr'><strong>e</strong></span> <span class='ocrx_word' id='word_1_36' title='bbox 874 947 924 1012; x_wconf 91' lang='lat' dir='ltr'><strong>sil.</strong></span> <span class='ocrx_word' id='word_1_37' title='bbox 1381 948 1453 1014; x_wconf 79' lang='grc' dir='ltr'>εἶναι</span> <span class='ocrx_word' id='word_1_38' title='bbox 1477 971 1538 1014; x_wconf 88' lang='lat' dir='ltr'><strong>orn.</strong></span> <span class='ocrx_word' id='word_1_39' title='bbox 1562 949 1609 1014; x_wconf 93' lang='lat' dir='ltr'><strong>BI</strong></span> 
     </span>
     <span class='ocr_line' id='line_1_7' title="bbox 349 1045 1660 1136; baseline 0.005 -26"><span class='ocrx_word' id='word_1_40' title='bbox 349 1045 410 1111; x_wconf 98' lang='lat' dir='ltr'><strong>XV</strong></span> <span class='ocrx_word' id='word_1_41' title='bbox 426 1046 468 1110; x_wconf 89' lang='lat'><strong>30</strong></span> <span class='ocrx_word' id='word_1_42' title='bbox 511 1047 706 1130; x_wconf 73' lang='grc' dir='ltr'>περικείμενον</span> <span class='ocrx_word' id='word_1_43' title='bbox 729 1047 828 1113; x_wconf 81' lang='lat' dir='ltr'><strong>ceteri</strong></span> <span class='ocrx_word' id='word_1_44' title='bbox 851 1068 870 1114; x_wconf 85' lang='lat' dir='ltr'><strong>e</strong></span> <span class='ocrx_word' id='word_1_45' title='bbox 891 1049 940 1114; x_wconf 90' lang='lat' dir='ltr'><strong>sil.</strong></span> <span class='ocrx_word' id='word_1_46' title='bbox 1379 1053 1589 1136; x_wconf 80' lang='grc' dir='ltr'>παρακείμενον</span> <span class='ocrx_word' id='word_1_47' title='bbox 1612 1053 1660 1118; x_wconf 94' lang='lat' dir='ltr'><strong>BI</strong></span> 
     </span>
     <span class='ocr_line' id='line_1_8' title="bbox 511 1147 1550 1231; baseline 0.006 -19"><span class='ocrx_word' id='word_1_48' title='bbox 511 1147 646 1231; x_wconf 76' lang='grc' dir='ltr'>Διογένης</span> <span class='ocrx_word' id='word_1_49' title='bbox 668 1185 709 1194; x_wconf 88' lang='grc'>-</span> <span class='ocrx_word' id='word_1_50' title='bbox 732 1150 863 1214; x_wconf 76' lang='grc' dir='ltr'>ἀνεῖσθαι</span> <span class='ocrx_word' id='word_1_51' title='bbox 887 1151 1010 1218; x_wconf 87' lang='lat' dir='ltr'><strong>habent</strong></span> <span class='ocrx_word' id='word_1_52' title='bbox 1032 1151 1129 1218; x_wconf 90' lang='lat' dir='ltr'><strong>ceteri</strong></span> <span class='ocrx_word' id='word_1_53' title='bbox 1154 1172 1172 1217; x_wconf 91' lang='lat' dir='ltr'><strong>e</strong></span> <span class='ocrx_word' id='word_1_54' title='bbox 1193 1153 1242 1216; x_wconf 94' lang='lat' dir='ltr'><strong>sil.</strong></span> <span class='ocrx_word' id='word_1_55' title='bbox 1383 1175 1443 1218; x_wconf 91' lang='lat' dir='ltr'><strong>om.</strong></span> <span class='ocrx_word' id='word_1_56' title='bbox 1469 1154 1550 1220; x_wconf 85' lang='lat' dir='ltr'><strong>BEI</strong></span> 
     </span>
     <span class='ocr_line' id='line_1_9' title="bbox 349 1250 1714 1344; baseline 0.004 -28"><span class='ocrx_word' id='word_1_57' title='bbox 349 1251 409 1316; x_wconf 90' lang='lat' dir='ltr'><strong>XV</strong></span> <span class='ocrx_word' id='word_1_58' title='bbox 425 1251 466 1314; x_wconf 76' lang='lat'><strong>32</strong></span> <span class='ocrx_word' id='word_1_59' title='bbox 509 1250 684 1332; x_wconf 82' lang='grc' dir='ltr'>κινουμένων</span> <span class='ocrx_word' id='word_1_60' title='bbox 706 1251 805 1316; x_wconf 79' lang='lat' dir='ltr'><strong>ueteri</strong></span> <span class='ocrx_word' id='word_1_61' title='bbox 828 1273 847 1318; x_wconf 82' lang='grc' dir='ltr'>θ</span> <span class='ocrx_word' id='word_1_62' title='bbox 869 1252 918 1318; x_wconf 82' lang='lat' dir='ltr'><strong>sil.</strong></span> <span class='ocrx_word' id='word_1_63' title='bbox 1375 1256 1714 1344; x_wconf 79' lang='grc' dir='ltr'>ρινομένωνΒρινουμέ-</span> 
     </span>
     <span class='ocr_line' id='line_1_10' title="bbox 1176 1359 1537 1424; baseline 0.011 -3"><span class='ocrx_word' id='word_1_64' title='bbox 1176 1371 1182 1382; x_wconf 92' lang='grc'><strong>”</strong></span> <span class='ocrx_word' id='word_1_65' title='bbox 1408 1382 1464 1422; x_wconf 90' lang='grc' dir='ltr'><strong>νων</strong></span> <span class='ocrx_word' id='word_1_66' title='bbox 1487 1359 1537 1424; x_wconf 76' lang='lat' dir='ltr'><strong>Il]</strong></span> 
     </span>
     <span class='ocr_line' id='line_1_11' title="bbox 520 1453 1677 1546; baseline 0.009 -28"><span class='ocrx_word' id='word_1_67' title='bbox 520 1453 649 1526; x_wconf 75' lang='grc' dir='ltr'>ἐπιέζετο</span> <span class='ocrx_word' id='word_1_68' title='bbox 671 1455 770 1522; x_wconf 78' lang='lat' dir='ltr'><strong>ceteri</strong></span> <span class='ocrx_word' id='word_1_69' title='bbox 793 1477 812 1522; x_wconf 82' lang='grc' dir='ltr'>υ</span> <span class='ocrx_word' id='word_1_70' title='bbox 833 1457 882 1522; x_wconf 83' lang='lat' dir='ltr'><strong>sil.</strong></span> <span class='ocrx_word' id='word_1_71' title='bbox 1388 1461 1519 1546; x_wconf 75' lang='grc' dir='ltr'>ἐβιάζετο</span> <span class='ocrx_word' id='word_1_72' title='bbox 1541 1464 1574 1526; x_wconf 83' lang='grc' dir='ltr'><strong>δὲ</strong></span> <span class='ocrx_word' id='word_1_73' title='bbox 1595 1463 1677 1528; x_wconf 85' lang='grc' dir='ltr'><strong>ΒΕΙ</strong></span> 
     </span>
     <span class='ocr_line' id='line_1_12' title="bbox 436 1555 1715 1644; baseline 0.007 -24"><span class='ocrx_word' id='word_1_74' title='bbox 436 1556 525 1634; x_wconf 79' lang='lat' dir='ltr'><strong>Quas</strong></span> <span class='ocrx_word' id='word_1_75' title='bbox 540 1555 615 1622; x_wconf 89' lang='lat' dir='ltr'><strong>dedi</strong></span> <span class='ocrx_word' id='word_1_76' title='bbox 630 1556 786 1624; x_wconf 89' lang='lat' dir='ltr'><strong>lectiones</strong></span> <span class='ocrx_word' id='word_1_77' title='bbox 800 1561 1041 1642; x_wconf 84' lang='lat' dir='ltr'><strong>qualescunque</strong></span> <span class='ocrx_word' id='word_1_78' title='bbox 1056 1567 1140 1644; x_wconf 91' lang='lat' dir='ltr'><strong>sunt,</strong></span> <span class='ocrx_word' id='word_1_79' title='bbox 1163 1561 1226 1626; x_wconf 91' lang='lat' dir='ltr'><strong>hoc</strong></span> <span class='ocrx_word' id='word_1_80' title='bbox 1241 1568 1350 1626; x_wconf 87' lang='lat' dir='ltr'><strong>tamen</strong></span> <span class='ocrx_word' id='word_1_81' title='bbox 1366 1563 1553 1628; x_wconf 86' lang='lat' dir='ltr'><strong>lacunarum</strong></span> <span class='ocrx_word' id='word_1_82' title='bbox 1570 1573 1603 1630; x_wconf 89' lang='lat' dir='ltr'><strong>et</strong></span> <span class='ocrx_word' id='word_1_83' title='bbox 1614 1564 1715 1632; x_wconf 92' lang='lat' dir='ltr'><strong>inter-</strong></span> 
     </span>
     <span class='ocr_line' id='line_1_13' title="bbox 349 1658 1714 1747; baseline 0.006 -23"><span class='ocrx_word' id='word_1_84' title='bbox 349 1658 523 1744; x_wconf 88' lang='lat' dir='ltr'><strong>polationis</strong></span> <span class='ocrx_word' id='word_1_85' title='bbox 554 1659 603 1742; x_wconf 87' lang='lat' dir='ltr'><strong>[nt</strong></span> <span class='ocrx_word' id='word_1_86' title='bbox 625 1659 716 1723; x_wconf 81' lang='grc' dir='ltr'>λκτὼ</span> <span class='ocrx_word' id='word_1_87' title='bbox 739 1663 787 1726; x_wconf 82' lang='grc' dir='ltr'><strong>καὶ</strong></span> <span class='ocrx_word' id='word_1_88' title='bbox 810 1661 1026 1728; x_wconf 83' lang='grc' dir='ltr'>εἰκοσαπλασίω</span> <span class='ocrx_word' id='word_1_89' title='bbox 1049 1661 1088 1727; x_wconf 85' lang='lat' dir='ltr'><strong>oi.</strong></span> <span class='ocrx_word' id='word_1_90' title='bbox 1104 1683 1136 1746; x_wconf 90' lang='lat' dir='ltr'><strong>p.</strong></span> <span class='ocrx_word' id='word_1_91' title='bbox 1152 1663 1206 1746; x_wconf 80' lang='lat'><strong>92]</strong></span> <span class='ocrx_word' id='word_1_92' title='bbox 1230 1683 1390 1728; x_wconf 91' lang='lat' dir='ltr'><strong>consensu</strong></span> <span class='ocrx_word' id='word_1_93' title='bbox 1411 1666 1616 1747; x_wconf 71' lang='lat' dir='ltr'><strong>cognoscitur</strong></span> <span class='ocrx_word' id='word_1_94' title='bbox 1635 1687 1714 1732; x_wconf 88' lang='lat' dir='ltr'><strong>oon-</strong></span> 
     </span>
     <span class='ocr_line' id='line_1_14' title="bbox 347 1762 1714 1849; baseline 0.003 -19"><span class='ocrx_word' id='word_1_95' title='bbox 347 1765 520 1836; x_wconf 76' lang='lat' dir='ltr'><strong>sociandos</strong></span> <span class='ocrx_word' id='word_1_96' title='bbox 542 1781 613 1828; x_wconf 86' lang='lat' dir='ltr'><strong>csse</strong></span> <span class='ocrx_word' id='word_1_97' title='bbox 641 1762 770 1830; x_wconf 87' lang='lat' dir='ltr'><strong>codices</strong></span> <span class='ocrx_word' id='word_1_98' title='bbox 792 1764 872 1832; x_wconf 85' lang='lat' dir='ltr'><strong>BEl</strong></span> <span class='ocrx_word' id='word_1_99' title='bbox 894 1773 991 1848; x_wconf 89' lang='lat' dir='ltr'><strong>atque</strong></span> <span class='ocrx_word' id='word_1_100' title='bbox 1013 1764 1055 1828; x_wconf 87' lang='lat' dir='ltr'><strong>ab</strong></span> <span class='ocrx_word' id='word_1_101' title='bbox 1077 1765 1183 1830; x_wconf 84' lang='lat' dir='ltr'><strong>altera</strong></span> <span class='ocrx_word' id='word_1_102' title='bbox 1204 1772 1297 1849; x_wconf 88' lang='lat' dir='ltr'><strong>parte</strong></span> <span class='ocrx_word' id='word_1_103' title='bbox 1320 1765 1425 1832; x_wconf 80' lang='lat' dir='ltr'><strong>OFG.</strong></span> <span class='ocrx_word' id='word_1_104' title='bbox 1470 1768 1604 1834; x_wconf 75' lang='lat' dir='ltr'><strong>vacillat</strong></span> <span class='ocrx_word' id='word_1_105' title='bbox 1624 1769 1714 1834; x_wconf 89' lang='lat' dir='ltr'><strong>inter</strong></span> 
     </span>
     <span class='ocr_line' id='line_1_15' title="bbox 347 1864 1712 1955; baseline 0.001 -21"><span class='ocrx_word' id='word_1_106' title='bbox 347 1877 500 1951; x_wconf 90' lang='lat' dir='ltr'><strong>utrosque</strong></span> <span class='ocrx_word' id='word_1_107' title='bbox 522 1864 761 1932; x_wconf 88' lang='lat' dir='ltr'><strong>recentissimus</strong></span> <span class='ocrx_word' id='word_1_108' title='bbox 775 1866 817 1932; x_wconf 89' lang='lat' dir='ltr'><strong>ab</strong></span> <span class='ocrx_word' id='word_1_109' title='bbox 833 1867 958 1934; x_wconf 90' lang='lat' dir='ltr'><strong>erudito</strong></span> <span class='ocrx_word' id='word_1_110' title='bbox 974 1866 1043 1932; x_wconf 91' lang='lat' dir='ltr'><strong>viro</strong></span> <span class='ocrx_word' id='word_1_111' title='bbox 1065 1873 1228 1932; x_wconf 88' lang='lat' dir='ltr'><strong>correctus</strong></span> <span class='ocrx_word' id='word_1_112' title='bbox 1243 1874 1276 1934; x_wconf 86' lang='lat' dir='ltr'><strong>ct</strong></span> <span class='ocrx_word' id='word_1_113' title='bbox 1291 1868 1529 1936; x_wconf 87' lang='lat' dir='ltr'><strong>contaminatus</strong></span> <span class='ocrx_word' id='word_1_114' title='bbox 1543 1871 1583 1936; x_wconf 91' lang='lat' dir='ltr'><strong>D.</strong></span> <span class='ocrx_word' id='word_1_115' title='bbox 1612 1892 1712 1955; x_wconf 90' lang='lat' dir='ltr'><strong>quem</strong></span> 
     </span>
     <span class='ocr_line' id='line_1_16' title="bbox 347 1967 1714 2056; baseline 0.001 -20"><span class='ocrx_word' id='word_1_116' title='bbox 347 1991 408 2053; x_wconf 78' lang='lat' dir='ltr'><strong>ego</strong></span> <span class='ocrx_word' id='word_1_117' title='bbox 436 1971 548 2036; x_wconf 91' lang='lat' dir='ltr'><strong>ultimo</strong></span> <span class='ocrx_word' id='word_1_118' title='bbox 570 1969 642 2034; x_wconf 92' lang='lat' dir='ltr'><strong>loco</strong></span> <span class='ocrx_word' id='word_1_119' title='bbox 669 1987 840 2034; x_wconf 86' lang='lat' dir='ltr'><strong>numerare</strong></span> <span class='ocrx_word' id='word_1_120' title='bbox 862 1968 951 2034; x_wconf 92' lang='lat' dir='ltr'><strong>haud</strong></span> <span class='ocrx_word' id='word_1_121' title='bbox 973 1967 1099 2053; x_wconf 89' lang='lat' dir='ltr'><strong>dubito,</strong></span> <span class='ocrx_word' id='word_1_122' title='bbox 1126 1987 1198 2033; x_wconf 89' lang='lat' dir='ltr'><strong>cum</strong></span> <span class='ocrx_word' id='word_1_123' title='bbox 1224 1971 1415 2052; x_wconf 87' lang='lat' dir='ltr'><strong>praesertim</strong></span> <span class='ocrx_word' id='word_1_124' title='bbox 1439 1971 1470 2038; x_wconf 91' lang='lat' dir='ltr'><strong>ei</strong></span> <span class='ocrx_word' id='word_1_125' title='bbox 1488 1971 1566 2056; x_wconf 88' lang='lat' dir='ltr'><strong>loci,</strong></span> <span class='ocrx_word' id='word_1_126' title='bbox 1593 1971 1714 2056; x_wconf 87' lang='lat' dir='ltr'><strong>quibus</strong></span> 
     </span>
     <span class='ocr_line' id='line_1_17' title="bbox 347 2068 1713 2155; baseline 0.001 -18"><span class='ocrx_word' id='word_1_127' title='bbox 347 2069 619 2140; x_wconf 83' lang='lat' dir='ltr'><strong>Frendentholius</strong></span> <span class='ocrx_word' id='word_1_128' title='bbox 632 2089 698 2136; x_wconf 91' lang='lat' dir='ltr'><strong>non</strong></span> <span class='ocrx_word' id='word_1_129' title='bbox 711 2070 814 2135; x_wconf 87' lang='lat' dir='ltr'><strong>solum</strong></span> <span class='ocrx_word' id='word_1_130' title='bbox 827 2071 938 2139; x_wconf 91' lang='lat' dir='ltr'><strong>codice</strong></span> <span class='ocrx_word' id='word_1_131' title='bbox 949 2071 976 2135; x_wconf 94' lang='lat' dir='ltr'><strong>B</strong></span> <span class='ocrx_word' id='word_1_132' title='bbox 988 2070 1046 2136; x_wconf 90' lang='lat' dir='ltr'><strong>sed</strong></span> <span class='ocrx_word' id='word_1_133' title='bbox 1062 2068 1210 2136; x_wconf 90' lang='lat' dir='ltr'><strong>omnibus</strong></span> <span class='ocrx_word' id='word_1_134' title='bbox 1225 2089 1299 2136; x_wconf 89' lang='lat' dir='ltr'><strong>eum</strong></span> <span class='ocrx_word' id='word_1_135' title='bbox 1311 2080 1478 2155; x_wconf 84' lang='lat' dir='ltr'><strong>praestare</strong></span> <span class='ocrx_word' id='word_1_136' title='bbox 1493 2071 1654 2140; x_wconf 86' lang='lat' dir='ltr'><strong>efficiebat</strong></span> <span class='ocrx_word' id='word_1_137' title='bbox 1665 2075 1713 2139; x_wconf 83' lang='lat' dir='ltr'><strong>ad</strong></span> 
     </span>
     <span class='ocr_line' id='line_1_18' title="bbox 347 2171 1714 2260; baseline 0.001 -20"><span class='ocrx_word' id='word_1_138' title='bbox 347 2197 446 2242; x_wconf 92' lang='lat' dir='ltr'><strong>unum</strong></span> <span class='ocrx_word' id='word_1_139' title='bbox 462 2193 574 2241; x_wconf 88' lang='lat' dir='ltr'><strong>ornnes</strong></span> <span class='ocrx_word' id='word_1_140' title='bbox 589 2193 630 2240; x_wconf 84' lang='lat' dir='ltr'><strong>ex</strong></span> <span class='ocrx_word' id='word_1_141' title='bbox 645 2171 854 2256; x_wconf 84' lang='lat' dir='ltr'><strong>scriptoribus</strong></span> <span class='ocrx_word' id='word_1_142' title='bbox 869 2171 1095 2259; x_wconf 82' lang='lat' dir='ltr'><strong>superstitibus</strong></span> <span class='ocrx_word' id='word_1_143' title='bbox 1110 2177 1167 2236; x_wconf 90' lang='lat' dir='ltr'><strong>aut</strong></span> <span class='ocrx_word' id='word_1_144' title='bbox 1182 2193 1223 2238; x_wconf 86' lang='lat' dir='ltr'><strong>ex</strong></span> <span class='ocrx_word' id='word_1_145' title='bbox 1237 2171 1368 2256; x_wconf 79' lang='lat' dir='ltr'><strong>ingenio</strong></span> <span class='ocrx_word' id='word_1_146' title='bbox 1384 2173 1448 2240; x_wconf 91' lang='lat' dir='ltr'><strong>sint</strong></span> <span class='ocrx_word' id='word_1_147' title='bbox 1463 2174 1608 2242; x_wconf 86' lang='lat' dir='ltr'><strong>correcti.</strong></span> <span class='ocrx_word' id='word_1_148' title='bbox 1631 2175 1714 2260; x_wconf 88' lang='lat' dir='ltr'><strong>qnid</strong></span> 
     </span>
    </p>
   </div>
   <div class='ocr_carea' id='block_1_3' title="bbox 228 2273 1711 2362">
    <p class='ocr_par' dir='ltr' id='par_1_3' title="bbox 228 2273 1711 2362">
     <span class='ocr_line' id='line_1_19' title="bbox 228 2273 1711 2362; baseline -0.002 -16"><span class='ocrx_word' id='word_1_149' title='bbox 228 2351 229 2356; x_wconf 52' lang='grc'>,</span> <span class='ocrx_word' id='word_1_150' title='bbox 347 2277 455 2346; x_wconf 78' lang='lat' dir='ltr'><strong>eninr?</strong></span> <span class='ocrx_word' id='word_1_151' title='bbox 477 2276 655 2344; x_wconf 86' lang='lat' dir='ltr'><strong>versiculus</strong></span> <span class='ocrx_word' id='word_1_152' title='bbox 666 2275 694 2339; x_wconf 94' lang='lat' dir='ltr'>V</span> <span class='ocrx_word' id='word_1_153' title='bbox 707 2275 746 2339; x_wconf 99' lang='grc'><strong>17</strong></span> <span class='ocrx_word' id='word_1_154' title='bbox 762 2285 778 2338; x_wconf 83' lang='grc'><strong>3</strong></span> <span class='ocrx_word' id='word_1_155' title='bbox 795 2275 864 2362; x_wconf 87' lang='grc'>(64)</span> <span class='ocrx_word' id='word_1_156' title='bbox 879 2275 912 2341; x_wconf 93' lang='lat' dir='ltr'><strong>in</strong></span> <span class='ocrx_word' id='word_1_157' title='bbox 928 2275 1076 2342; x_wconf 91' lang='lat' dir='ltr'><strong>omnibus</strong></span> <span class='ocrx_word' id='word_1_158' title='bbox 1091 2273 1256 2340; x_wconf 87' lang='lat' dir='ltr'><strong>codicibus</strong></span> <span class='ocrx_word' id='word_1_159' title='bbox 1268 2275 1397 2341; x_wconf 81' lang='lat' dir='ltr'><strong>excidit.</strong></span> <span class='ocrx_word' id='word_1_160' title='bbox 1422 2277 1561 2344; x_wconf 82' lang='lat' dir='ltr'><strong>habeti)</strong></span> <span class='ocrx_word' id='word_1_161' title='bbox 1577 2279 1624 2360; x_wconf 89' lang='lat' dir='ltr'><strong>[et</strong></span> <span class='ocrx_word' id='word_1_162' title='bbox 1635 2278 1711 2361; x_wconf 84' lang='lat' dir='ltr'><strong>E?].</strong></span> 
     </span>
    </p>
   </div>
   <div class='ocr_carea' id='block_1_4' title="bbox 347 2375 1713 2768">
    <p class='ocr_par' dir='ltr' id='par_1_4' title="bbox 347 2375 1713 2768">
     <span class='ocr_line' id='line_1_20' title="bbox 348 2375 1713 2464; baseline -0.001 -18"><span class='ocrx_word' id='word_1_163' title='bbox 348 2379 487 2446; x_wconf 89' lang='lat' dir='ltr'><strong>huncine</strong></span> <span class='ocrx_word' id='word_1_164' title='bbox 508 2385 543 2444; x_wconf 90' lang='lat' dir='ltr'><strong>tu</strong></span> <span class='ocrx_word' id='word_1_165' title='bbox 561 2377 715 2444; x_wconf 88' lang='lat' dir='ltr'><strong>divinitus</strong></span> <span class='ocrx_word' id='word_1_166' title='bbox 737 2385 899 2444; x_wconf 88' lang='lat' dir='ltr'><strong>servatum</strong></span> <span class='ocrx_word' id='word_1_167' title='bbox 921 2396 965 2441; x_wconf 85' lang='lat' dir='ltr'><strong>an</strong></span> <span class='ocrx_word' id='word_1_168' title='bbox 988 2397 1028 2442; x_wconf 81' lang='lat' dir='ltr'><strong>ex</strong></span> <span class='ocrx_word' id='word_1_169' title='bbox 1049 2375 1222 2442; x_wconf 78' lang='lat' dir='ltr'><strong>Plutarcho</strong></span> <span class='ocrx_word' id='word_1_170' title='bbox 1245 2413 1288 2422; x_wconf 98' lang='lat'>—</span> <span class='ocrx_word' id='word_1_171' title='bbox 1310 2396 1387 2444; x_wconf 87' lang='lat' dir='ltr'><strong>nam</strong></span> <span class='ocrx_word' id='word_1_172' title='bbox 1409 2379 1437 2444; x_wconf 89' lang='lat' dir='ltr'><strong>is</strong></span> <span class='ocrx_word' id='word_1_173' title='bbox 1460 2379 1643 2464; x_wconf 84' lang='lat' dir='ltr'><strong>excerpitur</strong></span> <span class='ocrx_word' id='word_1_174' title='bbox 1665 2417 1713 2426; x_wconf 93' lang='lat'>-</span> 
     </span>
     <span class='ocr_line' id='line_1_21' title="bbox 347 2477 1712 2565; baseline 0.001 -19"><span class='ocrx_word' id='word_1_175' title='bbox 347 2481 575 2565; x_wconf 88' lang='lat' dir='ltr'><strong>transcriptum</strong></span> <span class='ocrx_word' id='word_1_176' title='bbox 600 2479 717 2558; x_wconf 80' lang='lat' dir='ltr'><strong>putas?</strong></span> <span class='ocrx_word' id='word_1_177' title='bbox 753 2479 811 2545; x_wconf 87' lang='lat' dir='ltr'><strong>sed</strong></span> <span class='ocrx_word' id='word_1_178' title='bbox 838 2499 944 2564; x_wconf 80' lang='lat' dir='ltr'><strong>apage</strong></span> <span class='ocrx_word' id='word_1_179' title='bbox 970 2480 1001 2543; x_wconf 93' lang='lat' dir='ltr'>D</span> <span class='ocrx_word' id='word_1_180' title='bbox 1028 2497 1124 2562; x_wconf 88' lang='lat' dir='ltr'><strong>quem</strong></span> <span class='ocrx_word' id='word_1_181' title='bbox 1150 2479 1204 2544; x_wconf 84' lang='lat' dir='ltr'><strong>vel</strong></span> <span class='ocrx_word' id='word_1_182' title='bbox 1231 2477 1435 2544; x_wconf 84' lang='lat' dir='ltr'><strong>Gaisfordius</strong></span> <span class='ocrx_word' id='word_1_183' title='bbox 1467 2481 1712 2564; x_wconf 83' lang='lat' dir='ltr'><strong>perexiguae</strong></span> 
     </span>
     <span class='ocr_line' id='line_1_22' title="bbox 347 2579 1712 2670; baseline 0.002 -22"><span class='ocrx_word' id='word_1_184' title='bbox 347 2581 597 2649; x_wconf 79' lang='lat' dir='ltr'><strong>auctoritatis</strong></span> <span class='ocrx_word' id='word_1_185' title='bbox 629 2581 729 2647; x_wconf 85' lang='lat' dir='ltr'><strong>duxit</strong></span> <span class='ocrx_word' id='word_1_186' title='bbox 773 2582 815 2648; x_wconf 91' lang='lat' dir='ltr'><strong>de</strong></span> <span class='ocrx_word' id='word_1_187' title='bbox 844 2581 907 2647; x_wconf 86' lang='lat' dir='ltr'><strong>lide</strong></span> <span class='ocrx_word' id='word_1_188' title='bbox 936 2579 1057 2646; x_wconf 87' lang='lat' dir='ltr'><strong>codicis</strong></span> <span class='ocrx_word' id='word_1_189' title='bbox 1086 2581 1113 2645; x_wconf 92' lang='lat' dir='ltr'>B</span> <span class='ocrx_word' id='word_1_190' title='bbox 1142 2581 1308 2650; x_wconf 90' lang='lat' dir='ltr'><strong>consentio</strong></span> <span class='ocrx_word' id='word_1_191' title='bbox 1340 2601 1412 2646; x_wconf 91' lang='lat' dir='ltr'><strong>cum</strong></span> <span class='ocrx_word' id='word_1_192' title='bbox 1443 2581 1712 2670; x_wconf 82' lang='lat' dir='ltr'><strong>Frendenthalio,</strong></span> 
     </span>
     <span class='ocr_line' id='line_1_23' title="bbox 347 2683 1712 2768; baseline 0 -16"><span class='ocrx_word' id='word_1_193' title='bbox 347 2685 503 2752; x_wconf 92' lang='lat' dir='ltr'><strong>dissentio</strong></span> <span class='ocrx_word' id='word_1_194' title='bbox 526 2684 568 2749; x_wconf 96' lang='lat' dir='ltr'><strong>de</strong></span> <span class='ocrx_word' id='word_1_195' title='bbox 589 2683 794 2766; x_wconf 84' lang='lat' dir='ltr'><strong>cognatione.</strong></span> <span class='ocrx_word' id='word_1_196' title='bbox 826 2703 901 2750; x_wconf 80' lang='lat' dir='ltr'><strong>nunu</strong></span> <span class='ocrx_word' id='word_1_197' title='bbox 924 2683 958 2748; x_wconf 94' lang='lat' dir='ltr'><strong>in</strong></span> <span class='ocrx_word' id='word_1_198' title='bbox 980 2683 1133 2749; x_wconf 82' lang='lat' dir='ltr'><strong>extremis</strong></span> <span class='ocrx_word' id='word_1_199' title='bbox 1156 2690 1243 2750; x_wconf 90' lang='lat' dir='ltr'><strong>certe</strong></span> <span class='ocrx_word' id='word_1_200' title='bbox 1265 2683 1365 2768; x_wconf 83' lang='lat' dir='ltr'><strong>libris,</strong></span> <span class='ocrx_word' id='word_1_201' title='bbox 1389 2702 1472 2766; x_wconf 84' lang='lat' dir='ltr'><strong>quae</strong></span> <span class='ocrx_word' id='word_1_202' title='bbox 1487 2685 1613 2750; x_wconf 87' lang='lat' dir='ltr'><strong>Plaoita</strong></span> <span class='ocrx_word' id='word_1_203' title='bbox 1636 2707 1712 2752; x_wconf 93' lang='lat' dir='ltr'><strong>oon-</strong></span> 
     </span>
    </p>
   </div>
   <div class='ocr_carea' id='block_1_5' title="bbox 347 2777 1839 2874">
    <p class='ocr_par' dir='ltr' id='par_1_5' title="bbox 347 2777 1839 2874">
     <span class='ocr_line' id='line_1_24' title="bbox 347 2777 1839 2874; baseline 0.001 -20"><span class='ocrx_word' id='word_1_204' title='bbox 347 2788 451 2854; x_wconf 91' lang='lat' dir='ltr'><strong>tinent</strong></span> <span class='ocrx_word' id='word_1_205' title='bbox 473 2787 592 2853; x_wconf 88' lang='lat' dir='ltr'><strong>totiens</strong></span> <span class='ocrx_word' id='word_1_206' title='bbox 614 2785 661 2850; x_wconf 93' lang='lat' dir='ltr'><strong>BI</strong></span> <span class='ocrx_word' id='word_1_207' title='bbox 682 2785 716 2850; x_wconf 94' lang='lat' dir='ltr'><strong>in</strong></span> <span class='ocrx_word' id='word_1_208' title='bbox 739 2786 864 2852; x_wconf 92' lang='lat' dir='ltr'><strong>lacunis</strong></span> <span class='ocrx_word' id='word_1_209' title='bbox 886 2785 939 2868; x_wconf 85' lang='lat' dir='ltr'><strong>[cf.</strong></span> <span class='ocrx_word' id='word_1_210' title='bbox 963 2805 991 2850; x_wconf 91' lang='lat' dir='ltr'><strong>e.</strong></span> <span class='ocrx_word' id='word_1_211' title='bbox 1008 2805 1037 2868; x_wconf 84' lang='lat' dir='ltr'><strong>g.</strong></span> <span class='ocrx_word' id='word_1_212' title='bbox 1054 2791 1076 2850; x_wconf 90' lang='lat' dir='ltr'><strong>t.</strong></span> <span class='ocrx_word' id='word_1_213' title='bbox 1093 2785 1139 2851; x_wconf 96' lang='lat' dir='ltr'><strong>lV</strong></span> <span class='ocrx_word' id='word_1_214' title='bbox 1160 2807 1191 2870; x_wconf 89' lang='lat' dir='ltr'><strong>p.</strong></span> <span class='ocrx_word' id='word_1_215' title='bbox 1210 2786 1280 2850; x_wconf 90' lang='grc'><strong>116.</strong></span> <span class='ocrx_word' id='word_1_216' title='bbox 1299 2786 1412 2868; x_wconf 72' lang='grc'><strong>11711]</strong></span> <span class='ocrx_word' id='word_1_217' title='bbox 1439 2793 1472 2852; x_wconf 88' lang='lat' dir='ltr'><strong>ct</strong></span> <span class='ocrx_word' id='word_1_218' title='bbox 1494 2787 1581 2852; x_wconf 90' lang='lat' dir='ltr'><strong>vitiis</strong></span> <span class='ocrx_word' id='word_1_219' title='bbox 1608 2809 1712 2874; x_wconf 88' lang='lat' dir='ltr'><strong>saepe</strong></span> <span class='ocrx_word' id='word_1_220' title='bbox 1838 2777 1839 2837; x_wconf 68' lang='grc'><strong>1</strong></span> 
     </span>
    </p>
   </div>
   <div class='ocr_carea' id='block_1_6' title="bbox 347 2885 1712 3077">
    <p class='ocr_par' dir='ltr' id='par_1_6' title="bbox 347 2885 1712 3077">
     <span class='ocr_line' id='line_1_25' title="bbox 347 2885 1712 2972; baseline 0.003 -18"><span class='ocrx_word' id='word_1_221' title='bbox 347 2887 487 2954; x_wconf 81' lang='lat' dir='ltr'><strong>fortuitis</strong></span> <span class='ocrx_word' id='word_1_222' title='bbox 508 2890 549 2971; x_wconf 92' lang='lat' dir='ltr'><strong>[e.</strong></span> <span class='ocrx_word' id='word_1_223' title='bbox 562 2908 593 2970; x_wconf 82' lang='lat' dir='ltr'><strong>g.</strong></span> <span class='ocrx_word' id='word_1_224' title='bbox 614 2889 689 2972; x_wconf 78' lang='grc' dir='ltr'>μηδὲ</span> <span class='ocrx_word' id='word_1_225' title='bbox 711 2889 742 2952; x_wconf 82' lang='grc' dir='ltr'><strong>ἓν</strong></span> <span class='ocrx_word' id='word_1_226' title='bbox 764 2895 787 2954; x_wconf 90' lang='lat' dir='ltr'><strong>t.</strong></span> <span class='ocrx_word' id='word_1_227' title='bbox 802 2889 850 2954; x_wconf 92' lang='lat' dir='ltr'><strong>III</strong></span> <span class='ocrx_word' id='word_1_228' title='bbox 873 2909 904 2972; x_wconf 90' lang='lat' dir='ltr'><strong>p.</strong></span> <span class='ocrx_word' id='word_1_229' title='bbox 918 2888 996 2968; x_wconf 87' lang='grc'><strong>473]</strong></span> <span class='ocrx_word' id='word_1_230' title='bbox 1018 2885 1232 2970; x_wconf 84' lang='lat' dir='ltr'><strong>consentiunt,</strong></span> <span class='ocrx_word' id='word_1_231' title='bbox 1255 2893 1289 2951; x_wconf 91' lang='lat' dir='ltr'><strong>nt</strong></span> <span class='ocrx_word' id='word_1_232' title='bbox 1311 2907 1395 2970; x_wconf 88' lang='lat' dir='ltr'><strong>quae</strong></span> <span class='ocrx_word' id='word_1_233' title='bbox 1418 2907 1459 2953; x_wconf 83' lang='lat' dir='ltr'><strong>ex</strong></span> <span class='ocrx_word' id='word_1_234' title='bbox 1480 2889 1648 2972; x_wconf 89' lang='lat' dir='ltr'><strong>superiore</strong></span> <span class='ocrx_word' id='word_1_235' title='bbox 1663 2899 1712 2958; x_wconf 85' lang='lat' dir='ltr'><strong>la-</strong></span> 
     </span>
     <span class='ocr_line' id='line_1_26' title="bbox 347 2988 1712 3077; baseline 0.001 -19"><span class='ocrx_word' id='word_1_236' title='bbox 347 2991 425 3058; x_wconf 87' lang='lat' dir='ltr'><strong>bula</strong></span> <span class='ocrx_word' id='word_1_237' title='bbox 439 2989 532 3073; x_wconf 81' lang='lat' dir='ltr'><strong>evici,</strong></span> <span class='ocrx_word' id='word_1_238' title='bbox 554 2990 644 3055; x_wconf 92' lang='lat' dir='ltr'><strong>nullo</strong></span> <span class='ocrx_word' id='word_1_239' title='bbox 666 2990 763 3056; x_wconf 89' lang='lat' dir='ltr'><strong>modo</strong></span> <span class='ocrx_word' id='word_1_240' title='bbox 783 2990 916 3056; x_wconf 85' lang='lat' dir='ltr'><strong>refutari</strong></span> <span class='ocrx_word' id='word_1_241' title='bbox 931 2988 1065 3074; x_wconf 89' lang='lat' dir='ltr'><strong>possint.</strong></span> <span class='ocrx_word' id='word_1_242' title='bbox 1096 2989 1135 3074; x_wconf 83' lang='lat' dir='ltr'><strong>E,</strong></span> <span class='ocrx_word' id='word_1_243' title='bbox 1150 2989 1405 3056; x_wconf 90' lang='lat' dir='ltr'><strong>recentissimum</strong></span> <span class='ocrx_word' id='word_1_244' title='bbox 1428 2992 1621 3076; x_wconf 84' lang='lat' dir='ltr'><strong>exemplum,</strong></span> <span class='ocrx_word' id='word_1_245' title='bbox 1644 3013 1712 3077; x_wconf 86' lang='lat' dir='ltr'><strong>qua</strong></span> 
     </span>
    </p>
   </div>
   <div class='ocr_carea' id='block_1_7' title="bbox 347 3090 1838 3174">
    <p class='ocr_par' dir='ltr' id='par_1_7' title="bbox 347 3090 1838 3174">
     <span class='ocr_line' id='line_1_27' title="bbox 347 3090 1838 3174; baseline -0.001 -15"><span class='ocrx_word' id='word_1_246' title='bbox 347 3091 585 3159; x_wconf 90' lang='lat' dir='ltr'><strong>necessitudine</strong></span> <span class='ocrx_word' id='word_1_247' title='bbox 607 3112 679 3158; x_wconf 91' lang='lat' dir='ltr'><strong>cum</strong></span> <span class='ocrx_word' id='word_1_248' title='bbox 698 3091 746 3158; x_wconf 93' lang='lat' dir='ltr'><strong>BI</strong></span> <span class='ocrx_word' id='word_1_249' title='bbox 769 3093 973 3160; x_wconf 91' lang='lat' dir='ltr'><strong>coniunctum</strong></span> <span class='ocrx_word' id='word_1_250' title='bbox 995 3091 1045 3172; x_wconf 79' lang='lat' dir='ltr'><strong>sit,</strong></span> <span class='ocrx_word' id='word_1_251' title='bbox 1068 3111 1135 3156; x_wconf 95' lang='lat' dir='ltr'><strong>non</strong></span> <span class='ocrx_word' id='word_1_252' title='bbox 1157 3111 1290 3174; x_wconf 90' lang='lat' dir='ltr'><strong>possum</strong></span> <span class='ocrx_word' id='word_1_253' title='bbox 1312 3090 1501 3157; x_wconf 86' lang='lat' dir='ltr'><strong>diiudicare.</strong></span> <span class='ocrx_word' id='word_1_254' title='bbox 1536 3113 1613 3160; x_wconf 88' lang='lat' dir='ltr'><strong>num</strong></span> <span class='ocrx_word' id='word_1_255' title='bbox 1636 3097 1711 3161; x_wconf 86' lang='lat' dir='ltr'><strong>exI</strong></span> <span class='ocrx_word' id='word_1_256' title='bbox 1837 3117 1838 3158; x_wconf 73' lang='grc' dir='ltr'>ι</span> 
     </span>
    </p>
   </div>
   <div class='ocr_carea' id='block_1_8' title="bbox 346 3191 1711 4404">
    <p class='ocr_par' dir='ltr' id='par_1_8' title="bbox 346 3191 1711 3586">
     <span class='ocr_line' id='line_1_28' title="bbox 346 3191 1711 3278; baseline 0.003 -19"><span class='ocrx_word' id='word_1_257' title='bbox 346 3194 542 3278; x_wconf 87' lang='lat' dir='ltr'><strong>descriptum</strong></span> <span class='ocrx_word' id='word_1_258' title='bbox 569 3193 624 3278; x_wconf 88' lang='lat' dir='ltr'><strong>sit,</strong></span> <span class='ocrx_word' id='word_1_259' title='bbox 658 3195 859 3260; x_wconf 87' lang='lat' dir='ltr'><strong>accuratiore</strong></span> <span class='ocrx_word' id='word_1_260' title='bbox 887 3193 1003 3277; x_wconf 84' lang='lat' dir='ltr'><strong>aliquis</strong></span> <span class='ocrx_word' id='word_1_261' title='bbox 1030 3193 1194 3260; x_wconf 91' lang='lat' dir='ltr'><strong>oculorum</strong></span> <span class='ocrx_word' id='word_1_262' title='bbox 1228 3191 1378 3259; x_wconf 85' lang='lat' dir='ltr'><strong>examine</strong></span> <span class='ocrx_word' id='word_1_263' title='bbox 1407 3193 1534 3260; x_wconf 87' lang='lat' dir='ltr'><strong>efficiet.</strong></span> <span class='ocrx_word' id='word_1_264' title='bbox 1583 3203 1711 3262; x_wconf 82' lang='lat' dir='ltr'><strong>restent</strong></span> 
     </span>
     <span class='ocr_line' id='line_1_29' title="bbox 347 3295 1710 3381; baseline 0.002 -20"><span class='ocrx_word' id='word_1_265' title='bbox 347 3295 453 3380; x_wconf 76' lang='lat' dir='ltr'>GGF,</span> <span class='ocrx_word' id='word_1_266' title='bbox 476 3295 638 3380; x_wconf 90' lang='lat' dir='ltr'><strong>pleniores</strong></span> <span class='ocrx_word' id='word_1_267' title='bbox 652 3297 699 3362; x_wconf 96' lang='lat' dir='ltr'><strong>illi</strong></span> <span class='ocrx_word' id='word_1_268' title='bbox 714 3317 812 3380; x_wconf 85' lang='lat' dir='ltr'><strong>quam</strong></span> <span class='ocrx_word' id='word_1_269' title='bbox 827 3296 886 3380; x_wconf 86' lang='lat' dir='ltr'><strong>BI,</strong></span> <span class='ocrx_word' id='word_1_270' title='bbox 909 3295 963 3379; x_wconf 91' lang='lat' dir='ltr'><strong>qui</strong></span> <span class='ocrx_word' id='word_1_271' title='bbox 985 3295 1146 3361; x_wconf 87' lang='lat' dir='ltr'><strong>artissime</strong></span> <span class='ocrx_word' id='word_1_272' title='bbox 1167 3295 1252 3360; x_wconf 87' lang='lat' dir='ltr'><strong>inter</strong></span> <span class='ocrx_word' id='word_1_273' title='bbox 1273 3313 1309 3360; x_wconf 90' lang='lat' dir='ltr'><strong>se</strong></span> <span class='ocrx_word' id='word_1_274' title='bbox 1325 3295 1511 3381; x_wconf 84' lang='lat' dir='ltr'><strong>cohaerent,</strong></span> <span class='ocrx_word' id='word_1_275' title='bbox 1532 3297 1579 3362; x_wconf 85' lang='lat' dir='ltr'><strong>ita</strong></span> <span class='ocrx_word' id='word_1_276' title='bbox 1598 3304 1710 3364; x_wconf 89' lang='lat' dir='ltr'><strong>tamen</strong></span> 
     </span>
     <span class='ocr_line' id='line_1_30' title="bbox 346 3395 1710 3483; baseline 0.001 -21"><span class='ocrx_word' id='word_1_277' title='bbox 346 3405 381 3463; x_wconf 93' lang='lat' dir='ltr'><strong>ut</strong></span> <span class='ocrx_word' id='word_1_278' title='bbox 403 3397 429 3463; x_wconf 80' lang='lat' dir='ltr'><strong>G</strong></span> <span class='ocrx_word' id='word_1_279' title='bbox 451 3398 561 3483; x_wconf 90' lang='lat' dir='ltr'><strong>stirpis</strong></span> <span class='ocrx_word' id='word_1_280' title='bbox 581 3399 668 3465; x_wconf 89' lang='lat' dir='ltr'><strong>illius</strong></span> <span class='ocrx_word' id='word_1_281' title='bbox 690 3405 723 3465; x_wconf 91' lang='lat' dir='ltr'><strong>et</strong></span> <span class='ocrx_word' id='word_1_282' title='bbox 744 3399 848 3464; x_wconf 86' lang='lat' dir='ltr'><strong>maior</strong></span> <span class='ocrx_word' id='word_1_283' title='bbox 868 3403 948 3464; x_wconf 87' lang='lat' dir='ltr'><strong>natu</strong></span> <span class='ocrx_word' id='word_1_284' title='bbox 970 3403 1003 3462; x_wconf 89' lang='lat' dir='ltr'><strong>et</strong></span> <span class='ocrx_word' id='word_1_285' title='bbox 1021 3395 1239 3482; x_wconf 73' lang='lat' dir='ltr'><strong>praestantior</strong></span> <span class='ocrx_word' id='word_1_286' title='bbox 1254 3395 1295 3462; x_wconf 93' lang='lat' dir='ltr'><strong>sit</strong></span> <span class='ocrx_word' id='word_1_287' title='bbox 1310 3397 1492 3480; x_wconf 83' lang='lat' dir='ltr'><strong>progenies.</strong></span> <span class='ocrx_word' id='word_1_288' title='bbox 1516 3397 1630 3464; x_wconf 87' lang='lat' dir='ltr'><strong>horum</strong></span> <span class='ocrx_word' id='word_1_289' title='bbox 1647 3400 1710 3465; x_wconf 87' lang='lat' dir='ltr'><strong>vir·</strong></span> 
     </span>
     <span class='ocr_line' id='line_1_31' title="bbox 346 3497 1431 3586; baseline 0 -22"><span class='ocrx_word' id='word_1_290' title='bbox 346 3500 424 3565; x_wconf 89' lang='lat' dir='ltr'><strong>tutis</strong></span> <span class='ocrx_word' id='word_1_291' title='bbox 444 3500 630 3567; x_wconf 88' lang='lat' dir='ltr'><strong>testimonia</strong></span> <span class='ocrx_word' id='word_1_292' title='bbox 650 3507 780 3586; x_wconf 88' lang='lat' dir='ltr'><strong>praeter</strong></span> <span class='ocrx_word' id='word_1_293' title='bbox 800 3500 969 3585; x_wconf 86' lang='lat' dir='ltr'><strong>superiora</strong></span> <span class='ocrx_word' id='word_1_294' title='bbox 991 3519 1031 3565; x_wconf 83' lang='lat' dir='ltr'><strong>ex</strong></span> <span class='ocrx_word' id='word_1_295' title='bbox 1054 3498 1187 3564; x_wconf 90' lang='lat' dir='ltr'><strong>Placitis</strong></span> <span class='ocrx_word' id='word_1_296' title='bbox 1209 3498 1326 3581; x_wconf 84' lang='lat' dir='ltr'><strong>collegi</strong></span> <span class='ocrx_word' id='word_1_297' title='bbox 1348 3497 1431 3564; x_wconf 88' lang='lat' dir='ltr'><strong>haee</strong></span> 
     </span>
    </p>

    <p class='ocr_par' dir='ltr' id='par_1_9' title="bbox 387 3597 1711 3690">
     <span class='ocr_line' id='line_1_32' title="bbox 387 3597 1711 3690; baseline 0.002 -23"><span class='ocrx_word' id='word_1_298' title='bbox 387 3603 422 3668; x_wconf 89' lang='lat' dir='ltr'><strong>in</strong></span> <span class='ocrx_word' id='word_1_299' title='bbox 440 3602 533 3668; x_wconf 81' lang='lat' dir='ltr'><strong>titulo</strong></span> <span class='ocrx_word' id='word_1_300' title='bbox 557 3600 643 3690; x_wconf 74' lang='lat' dir='ltr'><strong>[Eun.</strong></span> <span class='ocrx_word' id='word_1_301' title='bbox 666 3605 744 3670; x_wconf 87' lang='lat' dir='ltr'><strong>XIV</strong></span> <span class='ocrx_word' id='word_1_302' title='bbox 760 3605 800 3670; x_wconf 85' lang='lat'><strong>13</strong></span> <span class='ocrx_word' id='word_1_303' title='bbox 820 3605 849 3688; x_wconf 85' lang='lat'><strong>9]</strong></span> <span class='ocrx_word' id='word_1_304' title='bbox 870 3607 930 3673; x_wconf 86' lang='grc' dir='ltr'>τοῖς</span> <span class='ocrx_word' id='word_1_305' title='bbox 952 3607 1028 3668; x_wconf 77' lang='lat' dir='ltr'><strong>ante</strong></span> <span class='ocrx_word' id='word_1_306' title='bbox 1050 3601 1220 3687; x_wconf 81' lang='grc' dir='ltr'>φιλοσόφοις</span> <span class='ocrx_word' id='word_1_307' title='bbox 1241 3621 1302 3665; x_wconf 90' lang='lat' dir='ltr'><strong>om.</strong></span> <span class='ocrx_word' id='word_1_308' title='bbox 1320 3597 1414 3665; x_wconf 77' lang='lat' dir='ltr'><strong>OFG</strong></span> <span class='ocrx_word' id='word_1_309' title='bbox 1436 3619 1507 3665; x_wconf 82' lang='lat' dir='ltr'><strong>cum</strong></span> <span class='ocrx_word' id='word_1_310' title='bbox 1530 3604 1711 3689; x_wconf 82' lang='lat' dir='ltr'><strong>Lampriae</strong></span> 
     </span>
    </p>

    <p class='ocr_par' dir='ltr' id='par_1_10' title="bbox 699 3702 1664 3788">
     <span class='ocr_line' id='line_1_33' title="bbox 699 3702 1664 3788; baseline -0.003 -17"><span class='ocrx_word' id='word_1_311' title='bbox 699 3706 848 3788; x_wconf 84' lang='lat' dir='ltr'><strong>catalogo</strong></span> <span class='ocrx_word' id='word_1_312' title='bbox 871 3711 905 3771; x_wconf 89' lang='lat' dir='ltr'><strong>ot</strong></span> <span class='ocrx_word' id='word_1_313' title='bbox 926 3704 1010 3770; x_wconf 85' lang='lat' dir='ltr'><strong>Plut</strong></span> <span class='ocrx_word' id='word_1_314' title='bbox 1034 3702 1126 3768; x_wconf 90' lang='lat' dir='ltr'><strong>codd.</strong></span> <span class='ocrx_word' id='word_1_315' title='bbox 1150 3703 1211 3768; x_wconf 86' lang='lat' dir='ltr'><strong>AB</strong></span> <span class='ocrx_word' id='word_1_316' title='bbox 1224 3705 1337 3772; x_wconf 84' lang='grc' dir='ltr'>-τοῖς</span> <span class='ocrx_word' id='word_1_317' title='bbox 1358 3704 1528 3788; x_wconf 79' lang='grc' dir='ltr'>φιλοσόφοις</span> <span class='ocrx_word' id='word_1_318' title='bbox 1555 3708 1664 3774; x_wconf 83' lang='lat' dir='ltr'><strong>ceteri.</strong></span> 
     </span>
    </p>

    <p class='ocr_par' dir='ltr' id='par_1_11' title="bbox 393 3804 1398 3898">
     <span class='ocr_line' id='line_1_34' title="bbox 393 3804 1398 3898; baseline -0.003 -28"><span class='ocrx_word' id='word_1_319' title='bbox 393 3807 409 3870; x_wconf 95' lang='grc' dir='ltr'>Ι</span> <span class='ocrx_word' id='word_1_320' title='bbox 430 3808 452 3870; x_wconf 90' lang='grc'>4</span> <span class='ocrx_word' id='word_1_321' title='bbox 473 3806 521 3871; x_wconf 83' lang='lat' dir='ltr'><strong>tit.</strong></span> <span class='ocrx_word' id='word_1_322' title='bbox 545 3807 758 3892; x_wconf 79' lang='grc' dir='ltr'>συνέστηκεν</span> <span class='ocrx_word' id='word_1_323' title='bbox 781 3807 915 3873; x_wconf 75' lang='lat' dir='ltr'><strong>ODFG</strong></span> <span class='ocrx_word' id='word_1_324' title='bbox 940 3842 977 3853; x_wconf 95' lang='lat'><em>-</em></span> <span class='ocrx_word' id='word_1_325' title='bbox 1002 3804 1123 3888; x_wconf 78' lang='grc' dir='ltr'>συνέστη</span> <span class='ocrx_word' id='word_1_326' title='bbox 1146 3805 1245 3870; x_wconf 81' lang='lat' dir='ltr'><strong>ceteri</strong></span> <span class='ocrx_word' id='word_1_327' title='bbox 1394 3889 1398 3898; x_wconf 25' lang='lat'><strong><em>³</em></strong></span> 
     </span>
    </p>

    <p class='ocr_par' dir='ltr' id='par_1_12' title="bbox 392 3905 1260 3994">
     <span class='ocr_line' id='line_1_35' title="bbox 392 3905 1260 3994; baseline -0.002 -22"><span class='ocrx_word' id='word_1_328' title='bbox 392 3907 609 3994; x_wconf 70' lang='grc' dir='ltr'>Ιὲνίείηὰρ</span> <span class='ocrx_word' id='word_1_329' title='bbox 632 3911 648 3974; x_wconf 87' lang='grc' dir='ltr'><strong>ὁ</strong></span> <span class='ocrx_word' id='word_1_330' title='bbox 672 3911 723 3992; x_wconf 77' lang='grc' dir='ltr'><strong>μὲν</strong></span> <span class='ocrx_word' id='word_1_331' title='bbox 747 3909 878 3976; x_wconf 75' lang='lat' dir='ltr'>ODFG</span> <span class='ocrx_word' id='word_1_332' title='bbox 901 3947 941 3956; x_wconf 93' lang='lat'>-</span> <span class='ocrx_word' id='word_1_333' title='bbox 964 3908 989 3972; x_wconf 81' lang='grc' dir='ltr'><strong>εἰ</strong></span> <span class='ocrx_word' id='word_1_334' title='bbox 1012 3907 1140 3991; x_wconf 78' lang='grc' dir='ltr'>μὲνγὰρ</span> <span class='ocrx_word' id='word_1_335' title='bbox 1163 3905 1260 3972; x_wconf 85' lang='lat' dir='ltr'><strong>ceteri</strong></span> 
     </span>
    </p>

    <p class='ocr_par' dir='ltr' id='par_1_13' title="bbox 392 4009 1186 4096">
     <span class='ocr_line' id='line_1_36' title="bbox 392 4009 1186 4096; baseline 0 -23"><span class='ocrx_word' id='word_1_336' title='bbox 392 4010 407 4073; x_wconf 95' lang='lat' dir='ltr'>I</span> <span class='ocrx_word' id='word_1_337' title='bbox 429 4010 449 4074; x_wconf 89' lang='lat'>9</span> <span class='ocrx_word' id='word_1_338' title='bbox 469 4021 485 4073; x_wconf 83' lang='lat'>6</span> <span class='ocrx_word' id='word_1_339' title='bbox 507 4010 638 4096; x_wconf 79' lang='grc' dir='ltr'>ἄμορφον</span> <span class='ocrx_word' id='word_1_340' title='bbox 662 4009 799 4078; x_wconf 80' lang='lat' dir='ltr'><strong>ODFG</strong></span> <span class='ocrx_word' id='word_1_341' title='bbox 821 4047 864 4058; x_wconf 89' lang='grc'>-</span> <span class='ocrx_word' id='word_1_342' title='bbox 886 4010 1030 4096; x_wconf 80' lang='grc' dir='ltr'>εὔμορφον</span> <span class='ocrx_word' id='word_1_343' title='bbox 1053 4009 1186 4090; x_wconf 76' lang='lat' dir='ltr'><strong>vulgata</strong></span> 
     </span>
    </p>

    <p class='ocr_par' dir='ltr' id='par_1_14' title="bbox 373 4109 1201 4200">
     <span class='ocr_line' id='line_1_37' title="bbox 373 4109 1201 4200; baseline -0.001 -26"><span class='ocrx_word' id='word_1_344' title='bbox 373 4110 406 4174; x_wconf 92' lang='lat' dir='ltr'><strong>Il</strong></span> <span class='ocrx_word' id='word_1_345' title='bbox 429 4111 470 4176; x_wconf 89' lang='grc'><strong>13</strong></span> <span class='ocrx_word' id='word_1_346' title='bbox 489 4120 505 4172; x_wconf 80' lang='lat'><strong>2</strong></span> <span class='ocrx_word' id='word_1_347' title='bbox 528 4114 618 4198; x_wconf 81' lang='grc' dir='ltr'><strong>ὁάήρ</strong></span> <span class='ocrx_word' id='word_1_348' title='bbox 640 4112 735 4180; x_wconf 81' lang='lat' dir='ltr'><strong>OFG</strong></span> <span class='ocrx_word' id='word_1_349' title='bbox 758 4111 808 4200; x_wconf 85' lang='lat' dir='ltr'><strong>[cf.</strong></span> <span class='ocrx_word' id='word_1_350' title='bbox 833 4110 935 4200; x_wconf 76' lang='lat' dir='ltr'><strong>stoc]</strong></span> <span class='ocrx_word' id='word_1_351' title='bbox 957 4147 999 4159; x_wconf 92' lang='lat'>-</span> <span class='ocrx_word' id='word_1_352' title='bbox 1022 4113 1080 4195; x_wconf 80' lang='grc' dir='ltr'><strong>ἀήρ</strong></span> <span class='ocrx_word' id='word_1_353' title='bbox 1102 4109 1201 4175; x_wconf 90' lang='lat' dir='ltr'><strong>ceteri</strong></span> 
     </span>
    </p>

    <p class='ocr_par' dir='ltr' id='par_1_15' title="bbox 373 4211 1569 4302">
     <span class='ocr_line' id='line_1_38' title="bbox 373 4211 1569 4302; baseline 0.006 -26"><span class='ocrx_word' id='word_1_354' title='bbox 373 4211 405 4276; x_wconf 91' lang='grc' dir='ltr'>Π</span> <span class='ocrx_word' id='word_1_355' title='bbox 428 4213 503 4277; x_wconf 85' lang='grc'><strong>133</strong></span> <span class='ocrx_word' id='word_1_356' title='bbox 526 4216 731 4300; x_wconf 81' lang='grc' dir='ltr'>ἀναρπάσαντα</span> <span class='ocrx_word' id='word_1_357' title='bbox 753 4217 874 4302; x_wconf 90' lang='grc' dir='ltr'>πέτρους</span> <span class='ocrx_word' id='word_1_358' title='bbox 893 4212 1029 4280; x_wconf 76' lang='lat' dir='ltr'><strong>ODFG</strong></span> <span class='ocrx_word' id='word_1_359' title='bbox 1052 4247 1091 4256; x_wconf 92' lang='grc'>-</span> <span class='ocrx_word' id='word_1_360' title='bbox 1115 4213 1321 4279; x_wconf 82' lang='grc' dir='ltr'>ἀνασπάσαντα</span> <span class='ocrx_word' id='word_1_361' title='bbox 1342 4218 1448 4300; x_wconf 84' lang='grc' dir='ltr'>πέτρας</span> <span class='ocrx_word' id='word_1_362' title='bbox 1471 4219 1569 4284; x_wconf 80' lang='lat' dir='ltr'><strong>ceteri</strong></span> 
     </span>
    </p>

    <p class='ocr_par' dir='ltr' id='par_1_16' title="bbox 373 4315 1205 4404">
     <span class='ocr_line' id='line_1_39' title="bbox 373 4315 1205 4404; baseline 0 -26"><span class='ocrx_word' id='word_1_363' title='bbox 373 4315 405 4378; x_wconf 93' lang='lat' dir='ltr'><strong>Il</strong></span> <span class='ocrx_word' id='word_1_364' title='bbox 429 4315 470 4378; x_wconf 87' lang='lat'><strong>14</strong></span> <span class='ocrx_word' id='word_1_365' title='bbox 492 4315 539 4382; x_wconf 84' lang='lat' dir='ltr'><strong>tit.</strong></span> <span class='ocrx_word' id='word_1_366' title='bbox 563 4320 724 4404; x_wconf 83' lang='grc' dir='ltr'>σχημάτων</span> <span class='ocrx_word' id='word_1_367' title='bbox 748 4316 845 4384; x_wconf 77' lang='lat' dir='ltr'><strong>CFG</strong></span> <span class='ocrx_word' id='word_1_368' title='bbox 868 4353 906 4363; x_wconf 88' lang='lat'>-</span> <span class='ocrx_word' id='word_1_369' title='bbox 931 4317 1083 4401; x_wconf 81' lang='grc' dir='ltr'>σχήματος</span> <span class='ocrx_word' id='word_1_370' title='bbox 1106 4315 1205 4379; x_wconf 81' lang='lat' dir='ltr'><strong>ceteri</strong></span> 
     </span>
    </p>
   </div>
   <div class='ocr_carea' id='block_1_9' title="bbox 239 4415 1321 4508">
    <p class='ocr_par' dir='ltr' id='par_1_17' title="bbox 239 4415 1321 4508">
     <span class='ocr_line' id='line_1_40' title="bbox 239 4415 1321 4508; baseline 0.002 -26"><span class='ocrx_word' id='word_1_371' title='bbox 239 4477 241 4482; x_wconf 81' lang='grc'>,</span> <span class='ocrx_word' id='word_1_372' title='bbox 345 4416 404 4481; x_wconf 77' lang='lat'><strong>*11</strong></span> <span class='ocrx_word' id='word_1_373' title='bbox 427 4417 503 4480; x_wconf 81' lang='lat'><strong>154</strong></span> <span class='ocrx_word' id='word_1_374' title='bbox 525 4420 681 4504; x_wconf 78' lang='grc' dir='ltr'>φαίνωνα</span> <span class='ocrx_word' id='word_1_375' title='bbox 703 4420 765 4486; x_wconf 80' lang='lat' dir='ltr'><strong>FG</strong></span> <span class='ocrx_word' id='word_1_376' title='bbox 788 4418 827 4508; x_wconf 85' lang='grc' dir='ltr'><strong>[Ε</strong></span> <span class='ocrx_word' id='word_1_377' title='bbox 848 4415 974 4505; x_wconf 83' lang='grc' dir='ltr'>φαίωνα]</span> <span class='ocrx_word' id='word_1_378' title='bbox 998 4453 1039 4462; x_wconf 90' lang='grc'>-</span> <span class='ocrx_word' id='word_1_379' title='bbox 1061 4415 1199 4500; x_wconf 83' lang='grc' dir='ltr'>φαίνοντα</span> <span class='ocrx_word' id='word_1_380' title='bbox 1222 4420 1321 4486; x_wconf 78' lang='lat' dir='ltr'><strong>ceteri</strong></span> 
     </span>
    </p>
   </div>
   <div class='ocr_carea' id='block_1_10' title="bbox 259 4516 1431 4998">
    <p class='ocr_par' dir='ltr' id='par_1_18' title="bbox 259 4516 1431 4998">
     <span class='ocr_line' id='line_1_41' title="bbox 345 4516 1165 4607; baseline -0.002 -24"><span class='ocrx_word' id='word_1_381' title='bbox 345 4519 402 4583; x_wconf 77' lang='grc' dir='ltr'><strong>*ΙΙ</strong></span> <span class='ocrx_word' id='word_1_382' title='bbox 425 4519 466 4584; x_wconf 81' lang='grc'><strong>16</strong></span> <span class='ocrx_word' id='word_1_383' title='bbox 485 4529 500 4582; x_wconf 91' lang='grc'><strong>7</strong></span> <span class='ocrx_word' id='word_1_384' title='bbox 524 4522 683 4607; x_wconf 87' lang='grc' dir='ltr'>στίλβωνα</span> <span class='ocrx_word' id='word_1_385' title='bbox 706 4520 806 4587; x_wconf 84' lang='lat' dir='ltr'><strong>DFG</strong></span> <span class='ocrx_word' id='word_1_386' title='bbox 828 4559 870 4568; x_wconf 96' lang='lat'>-</span> <span class='ocrx_word' id='word_1_387' title='bbox 893 4520 1045 4604; x_wconf 76' lang='grc' dir='ltr'>στίλβοντα</span> <span class='ocrx_word' id='word_1_388' title='bbox 1066 4516 1165 4582; x_wconf 79' lang='lat' dir='ltr'><strong>ceteri</strong></span> 
     </span>
     <span class='ocr_line' id='line_1_42' title="bbox 345 4617 1431 4708; baseline 0.004 -22"><span class='ocrx_word' id='word_1_389' title='bbox 345 4621 402 4686; x_wconf 74' lang='grc' dir='ltr'><strong>*ΙΙ</strong></span> <span class='ocrx_word' id='word_1_390' title='bbox 426 4623 466 4686; x_wconf 90' lang='grc'><strong>16</strong></span> <span class='ocrx_word' id='word_1_391' title='bbox 485 4630 501 4683; x_wconf 81' lang='lat'><strong>2</strong></span> <span class='ocrx_word' id='word_1_392' title='bbox 524 4644 591 4688; x_wconf 88' lang='lat' dir='ltr'><strong>om.</strong></span> <span class='ocrx_word' id='word_1_393' title='bbox 615 4623 759 4694; x_wconf 80' lang='grc' dir='ltr'>ἐναντίους</span> <span class='ocrx_word' id='word_1_394' title='bbox 781 4631 814 4689; x_wconf 86' lang='lat' dir='ltr'><strong>et</strong></span> <span class='ocrx_word' id='word_1_395' title='bbox 836 4624 889 4708; x_wconf 75' lang='grc' dir='ltr'><strong>γὰρ</strong></span> <span class='ocrx_word' id='word_1_396' title='bbox 912 4620 1008 4686; x_wconf 77' lang='lat' dir='ltr'><strong>OFG</strong></span> <span class='ocrx_word' id='word_1_397' title='bbox 1031 4657 1072 4667; x_wconf 95' lang='lat'>-</span> <span class='ocrx_word' id='word_1_398' title='bbox 1094 4617 1310 4708; x_wconf 80' lang='lat' dir='ltr'><strong>interpolatur</strong></span> <span class='ocrx_word' id='word_1_399' title='bbox 1334 4625 1431 4708; x_wconf 81' lang='lat' dir='ltr'><strong>vulgo</strong></span> 
     </span>
     <span class='ocr_line' id='line_1_43' title="bbox 368 4723 1227 4808; baseline -0.003 -16"><span class='ocrx_word' id='word_1_400' title='bbox 368 4727 401 4792; x_wconf 93' lang='lat' dir='ltr'><strong>II</strong></span> <span class='ocrx_word' id='word_1_401' title='bbox 423 4727 499 4792; x_wconf 77' lang='lat'><strong>242</strong></span> <span class='ocrx_word' id='word_1_402' title='bbox 522 4730 582 4808; x_wconf 82' lang='grc' dir='ltr'>τῆς</span> <span class='ocrx_word' id='word_1_403' title='bbox 604 4731 655 4789; x_wconf 83' lang='grc' dir='ltr'>τοῦ</span> <span class='ocrx_word' id='word_1_404' title='bbox 678 4727 767 4808; x_wconf 82' lang='grc' dir='ltr'>πυρός</span> <span class='ocrx_word' id='word_1_405' title='bbox 790 4723 883 4789; x_wconf 80' lang='lat' dir='ltr'><strong>CFG</strong></span> <span class='ocrx_word' id='word_1_406' title='bbox 905 4759 948 4768; x_wconf 93' lang='lat'><em>-</em></span> <span class='ocrx_word' id='word_1_407' title='bbox 970 4728 1022 4806; x_wconf 79' lang='grc' dir='ltr'>τῆς</span> <span class='ocrx_word' id='word_1_408' title='bbox 1045 4741 1106 4786; x_wconf 87' lang='lat' dir='ltr'><strong>om.</strong></span> <span class='ocrx_word' id='word_1_409' title='bbox 1130 4727 1227 4808; x_wconf 77' lang='lat' dir='ltr'><strong>vulgo</strong></span> 
     </span>
     <span class='ocr_line' id='line_1_44' title="bbox 259 4824 1196 4912; baseline -0.012 -16"><span class='ocrx_word' id='word_1_410' title='bbox 259 4859 264 4870; x_wconf 94' lang='lat'><strong>·</strong></span> <span class='ocrx_word' id='word_1_411' title='bbox 369 4831 402 4895; x_wconf 90' lang='lat' dir='ltr'><strong>II</strong></span> <span class='ocrx_word' id='word_1_412' title='bbox 425 4831 467 4894; x_wconf 86' lang='lat'><strong>30</strong></span> <span class='ocrx_word' id='word_1_413' title='bbox 485 4837 501 4890; x_wconf 75' lang='lat'>2</span> <span class='ocrx_word' id='word_1_414' title='bbox 523 4827 747 4912; x_wconf 73' lang='grc' dir='ltr'>παραμεμίχθαι</span> <span class='ocrx_word' id='word_1_415' title='bbox 771 4824 921 4890; x_wconf 68' lang='grc'><strong>(1111-</strong></span> <span class='ocrx_word' id='word_1_416' title='bbox 938 4826 1081 4911; x_wconf 75' lang='grc' dir='ltr'>μεμίχθαι</span> <span class='ocrx_word' id='word_1_417' title='bbox 1097 4829 1196 4911; x_wconf 84' lang='lat' dir='ltr'><strong>vulgo</strong></span> 
     </span>
     <span class='ocr_line' id='line_1_45' title="bbox 344 4927 1168 4998; baseline -0.006 0"><span class='ocrx_word' id='word_1_418' title='bbox 344 4934 471 4998; x_wconf 86' lang='lat' dir='ltr'><strong>falsae</strong></span> <span class='ocrx_word' id='word_1_419' title='bbox 494 4930 651 4997; x_wconf 86' lang='lat' dir='ltr'><strong>lectiones</strong></span> <span class='ocrx_word' id='word_1_420' title='bbox 673 4928 880 4995; x_wconf 88' lang='lat' dir='ltr'><strong>inveniuntur</strong></span> <span class='ocrx_word' id='word_1_421' title='bbox 902 4927 966 4994; x_wconf 86' lang='lat' dir='ltr'><strong>hae</strong></span> <span class='ocrx_word' id='word_1_422' title='bbox 1155 4943 1168 4962; x_wconf 67' lang='grc'>”</span> 
     </span>
    </p>
   </div>
   <div class='ocr_carea' id='block_1_11' title="bbox 0 0 1858 5732">
    <p class='ocr_par' dir='ltr' id='par_1_19' title="bbox 0 0 1858 5732">
     <span class='ocr_line' id='line_1_46' title="bbox 0 0 1858 5732; baseline 0 1"><span class='ocrx_word' id='word_1_423' title='bbox 0 0 1858 5732; x_wconf 95' lang='lat' dir='ltr'><strong> </strong></span> 
     </span>
    </p>
   </div>
  </div>
 </body>
</html>
