3708 5738
357 381 421 445 526
741 385 997 434 unuopunus'n
1016 383 1154 436 nunno.
1175 383 1335 434 crunon

408 553 466 636 οὐχ
502 553 642 622 ὡσαύτως
678 553 837 618 ἀπέδωκεν.
887 551 976 616 ἔπειτ’
1007 552 1032 615 εί
1067 553 1197 634 μαλακδν
1231 553 1263 614 τὸ
1298 553 1433 628 ὑπεῖκον,
1474 553 1601 637 φανερὸν
1635 553 1676 616 ότι

410 656 443 717 τὸ
467 655 545 740 ὕδωρ
567 656 615 719 καὶ
639 657 654 718 ὁ
677 656 735 740 ἀὴρ
757 655 805 718 καί
827 656 860 718 τὸ
884 659 941 738 πῦρ
962 653 1023 717 ἐστι
1040 656 1174 736 μαλακά·
1196 655 1268 739 φησὶ
1289 653 1344 738 γὰρ
1367 655 1491 718 ὑπείκειν
1513 657 1547 719 τὸ
1573 655 1676 738 μικρὰν

410 754 480 842 ἔχον
510 759 607 842 βάσιν,
634 758 710 820 ῶστε
735 759 768 820 τὸ
797 762 854 841 πῦρ
882 757 916 820 ἂν
943 755 988 839 εἴη
1016 760 1235 838 μαλακώτατον.
1280 759 1362 821 δοκεῖ
1386 757 1419 820 δὲ
1445 757 1555 822 τούτων
1590 757 1676 822 οὐθὲν

412 857 473 921 οὐδ’
502 860 578 927 όλως
608 857 640 920 τδ
671 859 711 942 μὴ
740 859 1014 942 ἀντιμεθιστάμενον
1041 858 1113 922 εἶναι
1137 860 1283 941 μαλακόν,
1311 860 1388 923 ἀλλὰ
1409 859 1443 923 τδ
1465 860 1507 930 είς
1528 860 1562 922 τὸ
1589 860 1678 945 βάθος

362 971 396 1024 88
415 961 532 1024 ὑπεῖκον
565 961 633 1025 ἄνευ
670 963 882 1044 μεταστάσεως.
1057 959 1099 1024 ἔτι
1137 963 1169 1024 δὲ
1204 963 1238 1025 τδ
1276 961 1349 1047 βαρδ
1387 963 1434 1025 καὶ
1472 966 1584 1047 κοῦφον
1621 962 1704 1046 υὸχε

412 1065 528 1142 ἁπλῶς,
566 1062 630 1128 ἀλλ’
673 1063 720 1126 ἐπὶ
758 1069 816 1128 τῶν
853 1065 972 1147 γεωδῶν
1008 1065 1154 1148 άφῶρικε·
1197 1065 1307 1127 τούτων
1342 1064 1398 1148 γὰρ
1434 1065 1516 1127 δοκεῖ
1552 1065 1589 1128 τὸ
1628 1065 1679 1146 μὲν

414 1168 487 1253 βαρὺ
511 1170 663 1252 χαλεπῶς,
686 1170 719 1230 τὸ
742 1169 775 1230 δὲ
796 1172 905 1252 κοῦφον
932 1167 1002 1250 ῥᾷον
1025 1165 1147 1248 ἄγεσθαι
1176 1168 1249 1252 πρὸς
1270 1165 1420 1250 ἀλλότριον
1447 1167 1552 1230 τόπον·
1584 1167 1620 1228 τὸ
1647 1167 1679 1228 δὲ

417 1275 474 1354 πῦρ
502 1271 550 1332 καὶ
573 1272 589 1334 ὁ
613 1271 670 1354 ἀὴρ
699 1273 761 1338 ταῖς
790 1271 831 1338 είς
857 1271 924 1338 τοῦς
952 1269 1074 1339 οἰκείους
1101 1270 1207 1338 τόπους
1229 1272 1332 1354 φοραῖς
1355 1273 1451 1354 κοῦφα
1472 1269 1521 1332 καὶ
1543 1265 1609 1332 ἔστι
1631 1267 1678 1330 καὶ

416 1375 505 1436 δοκεῖ.
552 1371 651 1456 διόπερ
674 1373 727 1436 οὐκ
750 1369 830 1436 ἔσται
851 1373 884 1435 rh
914 1371 965 1455 μὲν
988 1368 1105 1434 ἔλαττον
1127 1376 1186 1434 τῶν
1209 1374 1355 1454 ὁμογενῶν
1378 1368 1447 1454 ἔχον
1470 1371 1560 1454 βαρύ,
1590 1372 1625 1434 cd
1648 1371 1679 1433 δὲ

415 1479 514 1540 πλεῖον
538 1481 662 1561 κοῦφον·
694 1475 727 1537 τὸ
751 1476 803 1558 μὲν
831 1475 885 1559 γὰρ
912 1479 970 1558 πῦρ
993 1474 1055 1558 ὁσφ
1078 1473 1112 1536 ἂν
1135 1471 1156 1555 ᾖ
1179 1477 1288 1552 πλεῖον,
1310 1473 1495 1558 κουφότερον,
1514 1471 1582 1536 ἀλλ’
1619 1471 1679 1536 ἄνω
1696 1499 1716 1538 ιο

415 1581 467 1663 μὲν
489 1579 642 1661 τιθεμένου
657 1581 708 1641 τοῦ
731 1578 821 1662 πυρὸς
836 1577 1048 1662 ἐφαρμόσουσιν
1063 1577 1090 1638 οἱ
1113 1576 1193 1659 λόγοι
1216 1580 1264 1640 καὶ
1287 1576 1370 1645 οῦτος
1387 1577 1528 1654 κάκεῖνος,
1550 1574 1680 1638 ἐνταῦθα

414 1681 440 1746 δ’
468 1682 632 1766 οὐδέτερος.
676 1680 816 1750 ῶσαότως
843 1680 876 1742 δὲ
906 1679 954 1742 καὶ
983 1679 1030 1742 ἐπὶ
1059 1683 1112 1762 τῆς
1138 1683 1205 1762 γῆς·
1236 1678 1350 1742 ἄνωθεν
1376 1678 1430 1762 γὰρ
1458 1679 1543 1762 δεῦρο
1571 1677 1678 1740 θᾶττον

414 1785 583 1869 οἰσθήσεται
598 1784 632 1846 τδ
650 1782 747 1846 πλέον.
785 1783 862 1846 ὥστε
884 1783 941 1867 οὐχ
964 1781 1065 1850 ἁπλῶς
1087 1782 1107 1863 ἡ
1129 1785 1166 1864 γῆ
1191 1781 1238 1843 καί
1254 1782 1287 1844 τδ
1309 1785 1367 1865 πῦρ
1389 1781 1450 1844 ἐστι
1471 1781 1504 1842 τδ
1528 1781 1582 1864 μὲν
1606 1779 1679 1866 βαρθ

413 1888 446 1950 τδ
481 1889 514 1950 δὲ
547 1891 671 1970 κοῦφον,
704 1883 768 1948 ἀλλ’
806 1885 941 1968 ἑκάτερον
974 1884 1046 1968 πρὸς
1076 1883 1126 1946 τδν
1159 1883 1262 1946 τόπον·
1299 1880 1364 1946 οὐδ’
1404 1883 1513 1964 ὁμοίως
1546 1882 1675 1948 ἐνταῦθα

413 1991 461 2054 καλ
490 1991 523 2053 τὸ
553 1991 674 2072 γεῶδες,
711 1983 776 2050 ἀλλ’
811 1987 964 2050 ἀνάπαλιν·
1001 1986 1128 2050 ἐνταῦθα
1164 1985 1216 2068 μὲν
1253 1986 1286 2047 τὸ
1320 1983 1453 2064 ἔλαττον,
1487 1985 1549 2049 ἐκεῖ
1581 1986 1616 2050 δὲ
1641 1986 1674 2049 τδ
1692 2011 1711 2048 u

364 2103 397 2156 89
422 2093 510 2156 πλέον
536 2089 606 2178 ἔχον
633 2095 692 2154 τῶν
720 2091 867 2171 ὁμογενῶν
895 2088 1081 2174 κουφότερον.
1231 2093 1322 2152 ταῦτα
1349 2089 1382 2152 δὲ
1410 2090 1503 2152 πάντα
1525 2088 1676 2174 συμβαίνει

415 2197 462 2260 διὰ
491 2197 524 2257 τδ
548 2196 589 2278 μὴ
613 2195 714 2262 ἁπλῶς
736 2192 800 2276 περὶ
823 2191 934 2275 κοῦφου
956 2192 1004 2254 καὶ
1028 2191 1148 2277 βαρέος,
1171 2191 1246 2255 ἀλλὰ
1268 2191 1406 2276 περὶτοῦ
1428 2193 1555 2274 γεώδους
1578 2191 1677 2278 ἀφορί-

414 2303 481 2372 ζειν.
515 2301 573 2361 τῶν
595 2298 627 2360 δὲ
649 2298 749 2382 χυλῶν
772 2293 824 2364 τὰς
847 2294 898 2375 μὲν
920 2294 1020 2378 φάσεις
1042 2294 1076 2358 οδ
1099 2295 1174 2377 λέγει
1196 2295 1238 2364 τίς
1261 2295 1391 2372 ἕκαστος,
1414 2294 1440 2358 εί
1461 2293 1519 2378 άρα
1539 2295 1678 2379 τέσσαρες

418 2403 449 2465 αἱ
472 2405 563 2464 πᾶσαι
584 2397 729 2485 διαφοραί,
751 2397 787 2459 τὰ
813 2397 846 2458 δὲ
875 2397 958 2480 πάθη
985 2397 1021 2460 τὸι
1044 2397 1237 2482 συμβαίνοντα
1259 2395 1309 2461 ἀπ’
1337 2398 1433 2462 αὐτῶν
1456 2400 1550 2481 δηλοῖ.
1596 2397 1677 2461 συνά-

305 2495 312 2500 ’
414 2527 472 2586 γειν
495 2503 549 2587 γὰρ
572 2502 638 2570 τοὺς
666 2499 773 2584 πόρους
800 2500 833 2562 τδ
856 2501 996 2586 στρυφνὸν
1019 2500 1038 2584 ἢ
1062 2502 1214 2566 στυπτικὸν
1237 2501 1286 2564 καὶ
1308 2499 1457 2584 καθαίρειν
1480 2501 1513 2562 τὸ
1536 2499 1676 2584 ἁλμυρόν,
1692 2525 1714 2563 ει

416 2607 488 2689 όπερ
516 2604 612 2672 πάθος
639 2602 714 2666 ἐστὶν
742 2603 899 2686 ἡμέτερον·
933 2603 1041 2686 ὁμοίως
1067 2604 1100 2666 δὲ
1127 2603 1175 2666 καὶ
1206 2602 1243 2664 τὰ
1269 2601 1354 2664 ἄλλα.
1400 2606 1542 2686 ζητοῦμεν
1566 2603 1601 2666 δὲ
1626 2602 1677 2685 τὴν

416 2707 515 2772 οὐσίαν
539 2709 648 2790 μᾶλλον
671 2707 720 2768 καὶ
743 2705 791 2768 διδ
812 2703 840 2768 τί
860 2709 952 2768 ταῦτα
973 2707 1089 2790 δρῶσιν,
1111 2705 1174 2768 ἐπεὶ
1196 2707 1233 2768 τά
1253 2727 1286 2787 γε
1306 2703 1389 2788 πάθη
1406 2703 1586 2789 θεωροῦμεν.

364 2822 398 2877 90
467 2811 625 2894 ἀπορήσειε
647 2806 675 2872 δ’
703 2807 738 2872 άν
760 2831 802 2877 τις
823 2807 871 2870 καὶ
893 2808 958 2892 περὶ
980 2812 1038 2871 τῶν
1061 2809 1198 2892 ὁσμητῶν
1220 2808 1246 2870 εί
1268 2805 1344 2872 ἔστιν
1367 2805 1448 2890 εἴδη·
1471 2808 1519 2872 καὶ
1541 2807 1598 2891 γὰρ
1620 2810 1678 2876 τοῖς

414 2913 522 2978 πάθεσι
544 2913 594 2976 καὶ
616 2915 678 2981 ταῖς
699 2913 818 2994 ἡδοναῖς
840 2910 1033 2995 διαφέρουσιν,
1057 2911 1156 2996 ῶσπερ
1178 2913 1205 2976 οί
1228 2911 1323 2997 χυλοί.
1367 2911 1415 2974 καί
1438 2908 1501 2994 ἅμα
1522 2909 1630 2979 δόξειεν
1645 2909 1678 2972 δν

414 3016 523 3100 ὁμοίως
546 3013 624 3100 ἔχειν
647 3015 695 3078 ἐπὶ
719 3015 844 3077 πάντων.
888 3015 954 3098 περὶ
977 3014 1010 3076 δὲ
1035 3017 1088 3098 τῆς
1114 3015 1208 3097 ὀσμῆς
1235 3014 1279 3078 ὁτι
1307 3013 1360 3096 μὲν
1388 3014 1518 3098 ἀπορροή
1546 3014 1590 3084 τίς
1617 3014 1677 3077 ἐστι
1694 3037 1716 3076 ιε

414 3121 463 3184 καί
485 3119 655 3187 ἀνάπνευσις
683 3121 735 3180 τοῦ
765 3116 865 3200 ἀέρος,
893 3118 998 3202 σχεδὸν
1027 3119 1220 3200 ὁμολογεῖται.
1262 3118 1295 3180 τὸ
1324 3116 1357 3180 δὲ
1384 3118 1544 3202 ἀφομοιοῦν
1574 3121 1677 3202 καπνῷ

415 3224 463 3287 καὶ
486 3222 598 3306 ὁμίχλγγ
620 3219 713 3284 ταῦτά
734 3243 765 3282 τε
786 3219 878 3302 λέγειν
901 3219 955 3283 οὐκ
977 3219 1096 3302 ἀληθές.
1141 3220 1211 3283 οῦδὲ
1231 3221 1285 3304 γὸρ
1308 3219 1396 3289 αὐτὸς
1417 3219 1548 3305 φαίνεται
1572 3223 1677 3286 ποιεῖν·

365 3331 528 3420 λοῦσαῶῶς
546 3359 618 3428 μεθ’
638 3355 651 3426 ll
672 3354 745 3410 ἔπειτ’
767 3355 788 3408 εί
806 3361 909 3423 εοτίρείι
928 3356 981 3410 ίπεί
998 3373 1023 3408 τι
1073 3327 1357 3424 υ-εοᾟι-Ιθ-θῖρυεαι
1380 3362 1466 3411 locum
1488 3363 1596 3412 omnino
1618 3361 1724 3426 respexit

365 3454 418 3505 Pii.
437 3450 490 3503 dcci
508 3449 534 3502 δὲ
553 3448 695 3502 Schneider
714 3442 727 3514 ίΙ
748 3443 836 3497 ὁπείκ”
862 3447 888 3509 (i.
907 3462 930 3497 e.
953 3442 1021 3496 θπιί-
1073 3449 1268 3512 Theophrastus
1292 3443 1305 3515 ΙΙ
1333 3447 1367 3500 10
1385 3444 1442 3500 ὅσον
1461 3443 1490 3498 δν
1513 3442 1654 3517 ᾖπλησίον
1671 3446 1722 3499 PF:

365 3541 428 3602 κειν)
441 3541 499 3592 PF:
519 3553 585 3588 corr.
599 3535 741 3588 Schneider
756 3530 770 3602 ΙΙ
789 3531 869 3584 θέστι
882 3535 1023 3586 Schneider
1074 3551 1139 3586 corr.
1158 3537 1312 3602 Phiiippcon
1331 3553 1364 3587 ex
1383 3539 1463 3588 Ariet-
1479 3537 1496 3589 i.
1509 3553 1531 3588 ο.
1550 3534 1694 3602 p.308b18
1710 3530 1722 3600 h

365 3644 452 3680 errore
480 3629 566 3677 omisit
590 3619 603 3692 ΙΙ
628 3621 645 3673 8
669 3618 846 3689 μαλακότατον
862 3639 899 3688 pr.
922 3621 944 3672 12
969 3617 983 3689 ΙΙ
1007 3621 1024 3672 4
1076 3622 1108 3673 11
1127 3621 1171 3674 καί
1189 3619 1261 3681 οὗτος
1279 3622 1394 3682 κάκεῖνος
1415 3627 1468 3675 ccii.
1490 3627 1536 3675 τοῦ
1557 3621 1670 3682 πλείονος
1686 3620 1724 3672 καί

367 3711 420 3768 οὔθ’
437 3711 503 3772 όλως
515 3714 573 3766 PF:
587 3711 688 3762 correxi
709 3705 723 3776 ΙΙ
742 3711 863 3774 vulgetur
875 3709 1024 3761 Schneideri
1075 3708 1205 3768 ἐλάττονος
1223 3713 1254 3762 ei.
1266 3729 1292 3763 ν.
1306 3711 1321 3765 8
1342 3711 1355 3779 ΙΙ
1376 3707 1483 3764 ίνταῦθα
1495 3727 1530 3762 ευ.
1542 3707 1674 3779 τιθεμένου
1685 3709 1724 3759 τοῦ

368 3807 515 3857 conieehne
537 3797 566 3852 τὸ
595 3795 631 3866 μὴ
656 3795 728 3862 μόνον
751 3794 815 3848 ἀλλὰ
837 3791 1024 3864 μεθιστάμενον.
1075 3797 1159 3868 πυρός.
1178 3793 1291 3850 ἐντεῦθεν
1307 3803 1338 3851 ci.
1351 3798 1504 3866 Philippcon
1525 3795 1539 3867 Η
1563 3799 1594 3852 lt
1608 3795 1724 3853 ῶσαὸτυς

367 3903 394 3944 ut
428 3891 516 3942 subest
544 3885 703 3937 Aristotelen
730 3885 846 3936 definitio
874 3883 1024 3947 [Metecroi.
1074 3889 1241 3954 negationem
1271 3888 1433 3939 desiderabat
1458 3889 1619 3954 Phiiippson.
1656 3887 1722 3938 endi:

366 3980 437 4032 Ivt
456 3997 480 4044 p.
494 3971 615 4036 382211]
635 3967 743 4039 σκληρὸν
761 3971 806 4040 μὲν
819 3969 847 4022 τὸ
866 3971 902 4041 μὴ
922 3969 1024 4024 ὑπεῖκον
1075 3973 1256 4045 ἐφαρμόσουσιν
1272 3971 1295 4025 οί
1311 3971 1387 4042 λόγοι.
1405 3990 1466 4026 nem
1484 3977 1574 4026 endem
1592 3985 1633 4027 eet
1649 3985 1723 4027 terme

368 4065 402 4123 είς
425 4060 486 4116 αθτὸ
510 4059 577 4113 κατὰ
605 4057 634 4111 τὸ
657 4055 783 4122 ἐπίπεδον,
811 4057 923 4126 μαλακὸν
946 4057 972 4109 δὲ
994 4055 1024 4110 τὸ
1074 4067 1159 4115 ratio
1187 4079 1313 4114 converse
1340 4063 1517 4114 tantummodo
1544 4063 1685 4114 directione
1710 4055 1723 4126 ΙΙ

369 4152 471 4206 ὁπεῖιιον
489 4141 826 4219 τῷμὴὸντιπερτίστασθαι,
844 4145 936 4216 τὸγὰρ
955 4141 1023 4216 ὕδωρ
1077 4149 1109 4202 13
1131 4145 1274 4219 οἰσθήσεται
1294 4152 1331 4202 cic
1354 4152 1399 4203 PF
1422 4147 1435 4218 11
1459 4151 1491 4203 14
1509 4147 1603 4218 ὁμοίως
1625 4167 1660 4202 ee
1678 4145 1724 4215 ἔχει

369 4239 398 4293 οδ
417 4235 540 4308 μαλακόν·
559 4233 588 4287 οδ
606 4235 653 4305 γὰρ
672 4231 767 4286 ὁπείκει
780 4239 812 4302 τῇ
824 4229 907 4302 θλίψει
924 4231 954 4286 τὸ
972 4232 1023 4284 έπί-
1076 4241 1107 4290 ef.
1124 4239 1227 4290 Vahlen
1246 4239 1327 4304 rymb.
1350 4240 1384 4289 ad
1405 4239 1485 4289 Arist.
1503 4247 1572 4304 poet
1590 4239 1631 4289 1v
1644 4235 1691 4290 411
1711 4227 1723 4296 ΙΙ

367 4325 441 4380 πεδον
469 4324 503 4384 τίς
532 4319 608 4393 βάθος
631 4317 688 4374 ἀλλ’
710 4320 922 4391 ἀντιπεριίσταται.
946 4337 1023 4388 syno-
1074 4321 1311 4378 torneamenta
1333 4323 1409 4376 κάκεῖ
1428 4322 1457 4376 τὸ
1474 4340 1497 4394 γ.
1518 4321 1531 4394 ΙΙ
1552 4324 1585 4378 16
1605 4319 1723 4394 συμβαίνει

367 4431 445 4482 nyma
472 4421 532 4464 eunt
559 4405 782 4480 όντιπεριίστασθαι
805 4418 830 4461 et
853 4404 1022 4478 ἀντιμεθίστα-
1073 4415 1109 4464 P:
1135 4425 1185 4480 συμ
1198 4450 1204 4463 .
1218 4429 1285 4464 αι..
1305 4413 1478 4464 oblitteratum
1495 4413 1517 4464 F
1537 4409 1552 4480 ΙΙ
1573 4411 1605 4466 lt
1624 4409 1724 4482 γιῶδους

367 4499 425 4556 σθαι
453 4503 484 4553 cf.
512 4501 559 4552 Ar.
586 4518 611 4566 p.
629 4495 738 4552 888⁸24
763 4493 777 4564 ΙΙ
806 4495 822 4550 5
845 4493 946 4548 ὁπιῖκον
972 4513 1023 4548 sec.
1074 4503 1164 4568 supple
1178 4495 1329 4568 ποὸφουκαὶ
1343 4497 1431 4569 βαρέος
1450 4501 1481 4551 ei.
1499 4501 1554 4554 ue
1574 4497 1588 4568 ΙΙ
1611 4499 1643 4554 19
1661 4497 1725 4568 δηλοῖ

367 4593 389 4644 Ρ
411 4607 461 4642 sec.
480 4591 514 4640 n:
541 4585 651 4639 ὁπιίκων
675 4603 713 4652 pr.
735 4587 758 4637 P
781 4587 859 4652 μαλ’
884 4583 896 4652 Η
922 4583 974 4636 ἔστι
997 4581 1023 4636 δὲ
1074 4587 1121 4658 γάρ
1133 4588 1243 4657 συνάγειν
1255 4585 1299 4639 καί
1310 4585 1368 4645 τοῦς
1379 4588 1436 4639 PF:
1453 4592 1613 4653 transposuit
1623 4589 1722 4641 Schnei-

366 4680 424 4732 PF:
453 4695 518 4730 corr.
556 4675 697 4728 Schneider
727 4669 740 4740 Ιί
769 4673 785 4725 7
808 4670 869 4742 πρὸς
896 4669 1023 4741 ἀλλότριον
1075 4677 1121 4727 der
1141 4673 1154 4743 ΙΙ
1178 4675 1211 4729 25
1230 4673 1275 4744 μὲν
1297 4677 1319 4726 F
1345 4683 1371 4726 et
1393 4691 1470 4741 super
1491 4691 1593 4726 versum
1617 4695 1654 4744 pr.
1672 4668 1721 4740 ΡΗ

367 4771 402 4821 Ρι
425 4763 486 4836 πρὸς
507 4761 549 4816 τὸν
572 4759 700 4831 ἀλλότριον
718 4762 739 4811 1¹¹
764 4757 777 4826 Ιί
805 4761 820 4813 9
844 4757 947 4812 ἔλαττον
964 4771 1024 4828 port
1075 4761 1109 4818 26
1127 4760 1282 4833 ὁμολογεῖται
1300 4763 1357 4816 Pii:
1377 4759 1539 4831 ὁμολογοῦσιν
1556 4767 1643 4816 nescio
1661 4761 1722 4814 uude

366 4851 396 4906 τδ
418 4852 444 4905 δὲ
467 4853 511 4906 PF
530 4861 557 4903 et
574 4847 657 4902 πλεῖον
675 4855 734 4915 poet
756 4845 785 4897 τὸ
804 4846 849 4915 μὲν
867 4851 1025 4914 transposuit
1074 4850 1224 4903 Schneider.
1247 4849 1408 4920 ὡμολόγηται
1421 4853 1565 4903 vossianus
1578 4845 1593 4919 ΙΙ
1607 4850 1642 4905 27
1652 4851 1722 4902 ταῦτα

366 4943 529 5008 Philippeon.
562 4947 589 4990 at
610 4940 677 5003 ignis
699 4937 819 5002 exemplo
841 4941 917 4989 istum
940 4939 1023 5004 legem
1075 4935 1101 4989 δὲ
1122 4939 1179 4992 Pii:
1200 4955 1265 4991 corr.
1285 4940 1372 5005 Goray

367 5047 420 5082 non
440 5041 625 5095 usquequaque
643 5027 730 5078 valere
748 5025 825 5076 docet
847 5029 879 5078 ci.
898 5028 979 5077 Arist.
998 5027 1023 5076 d.
