3710 5730
310 374 352 438 55
772 377 811 425 ιν
847 376 897 424 nn
917 375 1018 424 iarn
1037 373 1203 425 ruscmrs

311 544 453 628 positum
475 544 517 610 sit
538 543 670 610 Attiani
692 543 765 608 libri
786 541 962 626 imaginem
990 562 1031 608 en
1054 542 1197 609 Stobaeo
1219 541 1459 626 Plutarchoqne
1481 541 1674 626 instaurare,

311 647 353 713 de
377 646 502 712 ratione
525 645 698 712 dicendum
721 653 771 711 est
794 665 858 730 qna
879 651 1013 726 uterque
1030 643 1163 710 Placitis
1185 665 1262 710 usus
1283 643 1334 710 sit.
1368 664 1408 710 ac
1430 644 1585 709 librorum
1608 643 1676 726 qui·

311 749 386 814 dem
403 747 518 814 divisio
534 747 568 813 in
583 746 736 829 Stobaeo,
760 747 810 812 oui
826 747 1010 830 eclogarum
1032 745 1142 812 aliena
1162 746 1245 812 ratio
1262 745 1423 830 obstabat,
1445 747 1595 829 neglecta
1614 752 1674 812 est.

315 850 373 916 sed
395 870 468 916 oum
490 849 616 916 indiciis
636 848 827 932 quibusdam
843 849 851 882 ¹
875 849 1012 916 similem
1026 849 1059 912 in
1075 847 1169 912 Aetio
1184 846 1284 914 fuisse
1299 847 1454 914 librorum
1468 848 1675 932 partitionem

312 954 454 1037 eluceat,
482 951 676 1018 Plutaroheo
700 951 813 1018 ordine
836 951 881 1016 uti
905 951 1028 1035 litabit,
1055 950 1130 1015 dum
1153 951 1354 1016 accuratiora
1376 950 1417 1017 de
1439 950 1580 1016 auctoris
1602 969 1677 1015 con-

312 1055 384 1120 silio
408 1055 552 1121 doeeam.
597 1054 631 1119 in
654 1055 795 1138 capitum
816 1074 951 1119 numero
974 1071 1080 1136 paene
1102 1053 1308 1119 consentiunt
1329 1052 1523 1120 Plutarchus
1545 1072 1585 1118 ac
1606 1051 1677 1118 Sto-

313 1158 425 1223 baeus.
468 1155 535 1220 illic
562 1155 589 1221 si
616 1157 784 1239 prooemia
811 1155 955 1239 excipias
977 1153 1101 1218 CXXX
1127 1160 1201 1220 sunt
1227 1156 1345 1240 capita.
1389 1157 1444 1222 vix
1465 1154 1677 1220 duodecime

314 1265 406 1325 tanta
435 1258 639 1325 multitudine
665 1259 699 1324 in
721 1258 863 1325 Stobaeo
891 1257 1132 1340 desiderantur,
1162 1256 1188 1321 si
1214 1257 1324 1324 Photii
1345 1257 1604 1340 Damascenique
1631 1256 1678 1320 in-

316 1359 404 1427 dices
427 1361 460 1426 in
482 1361 642 1426 calculum
665 1381 773 1428 voces.
816 1358 985 1426 omittendi
1007 1365 1116 1425 autem
1139 1379 1222 1442 quae
1243 1359 1340 1426 luerit
1360 1361 1479 1446 ubique
1501 1379 1609 1444 causa,
1632 1359 1679 1424 di-

314 1463 453 1545 ligenter
475 1462 540 1530 iam
563 1463 751 1546 singillatim
778 1462 1009 1548 perquiramus.
1054 1462 1226 1528 coniuncta
1252 1469 1302 1529 est
1327 1464 1410 1530 haec
1431 1465 1576 1548 quaestio
1605 1485 1677 1528 oum

316 1565 553 1650 prooemiorum
576 1585 726 1648 censura,
757 1584 841 1648 quae
862 1571 898 1630 ut
920 1571 970 1630 est
999 1562 1158 1630 difficilior
1180 1564 1323 1632 Stohaeo
1346 1567 1476 1632 omnino
1499 1565 1679 1650 deficiente,

314 1669 360 1733 ita
388 1668 431 1731 ad
458 1667 717 1750 cognoscendum
746 1667 847 1752 ipsius
865 1665 951 1732 Aelii
977 1666 1141 1749 ingenium
1168 1667 1370 1749 gravissima.
1414 1687 1453 1734 ac
1481 1669 1541 1734 luit
1563 1689 1635 1734 cum
1657 1688 1680 1733 a

314 1768 490 1835 Plutarcho
514 1769 643 1834 demum
666 1769 778 1834 addita
800 1787 841 1834 ea
864 1768 1024 1852 opinarer.
1061 1769 1213 1835 movebat
1235 1791 1287 1836 me
1309 1769 1446 1854 primum
1469 1771 1555 1854 quod
1578 1769 1680 1854 epito-

315 1891 390 1938 men
413 1891 449 1936 se
470 1869 587 1937 fecisse
610 1871 730 1938 fatetur
752 1870 805 1954 qui
828 1871 922 1936 tertio
946 1871 1027 1937 libro
1045 1871 1224 1956 praefatur:
1251 1874 1454 1957 περιωδευιιὼς
1476 1873 1506 1938 ἐν
1528 1878 1588 1942 τοῖς
1611 1895 1678 1956 πρυ·

314 1975 406 2059 τέροις
429 1975 459 2038 ἐν
488 1976 644 2058 ἐπιτομῇ
673 1977 722 2038 τὸν
749 1975 814 2058 περὶ
836 1978 895 2036 τῶν
918 1973 1058 2058 οὐρανίων
1080 1975 1174 2056 λόγον.
1208 1975 1296 2058 quod
1320 1981 1468 2041 neutram
1496 1973 1678 2058 inparium

319 2078 421 2144 valet.
455 2097 531 2142 nam
546 2076 741 2160 epitomator
759 2082 830 2142 crat
852 2083 885 2142 et
898 2076 927 2141 is
950 2075 1004 2159 qui
1018 2075 1103 2142 Astii
1119 2075 1230 2158 copias
1245 2083 1407 2143 coartaret
1427 2083 1460 2143 et
1481 2077 1553 2162 ipse
1566 2075 1681 2142 Aetius

317 2176 436 2261 quippe
465 2177 520 2262 qui
542 2179 711 2244 materiam
735 2178 931 2245 Placitorum
959 2177 1101 2260 undique
1128 2179 1297 2242 collectam
1324 2179 1415 2246 brevi
1444 2197 1570 2244 summa
1596 2197 1681 2243 com-

316 2278 542 2362 prehenderet.
580 2299 641 2346 nec
662 2282 762 2346 multo
785 2281 917 2363 gravius
939 2287 990 2346 est
1012 2279 1098 2362 quod
1120 2279 1154 2343 in
1177 2281 1310 2346 alterius
1331 2281 1438 2346 fronte
1460 2284 1509 2346 τὸν
1531 2281 1596 2364 περὶ
1618 2283 1678 2342 τῶν

316 2383 560 2462 ἀποτελεσμάτων
582 2383 667 2466 λόγον
689 2383 847 2467 promittit
869 2383 1104 2465 astrologorum
1127 2403 1208 2448 voce
1222 2383 1343 2449 abusus
1366 2403 1438 2450 cum
1458 2383 1592 2450 deberet
1613 2383 1679 2466 περὶ

318 2486 482 2568 μετεώρων.
518 2483 576 2549 sed
595 2504 638 2551 ne
653 2485 765 2550 Attius
785 2484 914 2568 quidem
931 2484 1169 2550 Chaldaeorum
1192 2491 1296 2551 artem
1318 2485 1504 2569 repudiavit
1526 2483 1566 2572 [V
1582 2485 1622 2550 18
1642 2480 1680 2570 ⁶]-

316 2605 429 2651 verum
459 2585 597 2652 ferenda
625 2607 690 2652 non
719 2586 891 2652 videbatur
918 2587 1023 2670 quarti
1053 2586 1126 2651 libri
1156 2585 1413 2671 praefatiuncula
1441 2587 1681 2673 περιωδευμένων

317 2689 351 2752 δὲ
379 2693 437 2752 τῶν
467 2693 518 2753 τοῦ
547 2691 658 2774 κόσμου
687 2694 783 2774 μερῶν
815 2691 990 2775 διαβήσομαι
1018 2693 1106 2776 πρὸς
1135 2693 1175 2754 τὰ
1202 2693 1290 2756 κατὰ
1323 2693 1426 2776 μέρος
1453 2695 1566 2774 utpote
1597 2707 1683 2771 quae

316 2791 553 2875 ineptissimum
576 2791 717 2877 capitum
740 2791 885 2858 ordinem
913 2793 1082 2878 perspicue
1105 2792 1279 2858 confirmet.
1325 2800 1459 2877 quartus
1486 2791 1571 2857 enim
1598 2789 1681 2856 liber

316 2893 351 2958 in
378 2893 593 2979 psychologia
621 2901 778 2960 versatur.
822 2902 983 2978 repugnat
1008 2915 1106 2961 unum
1133 2901 1230 2979 caput
1253 2898 1269 2960 1
1299 2895 1341 2961 de
1364 2895 1431 2960 Nili
1458 2893 1680 2977 inundatione,

317 2996 405 3080 quod
432 3003 467 3062 ut
497 2995 684 3078 longissime
714 2996 813 3062 distat
839 2997 881 3062 ab
915 2997 1044 3062 animae
1070 2997 1306 3084 disceptatione
1339 2998 1386 3062 ita
1412 2996 1500 3064 tertii
1526 2993 1680 3062 extremis

318 3097 477 3182 capitibus
505 3097 742 3182 quodammodo
773 3097 977 3164 coniunctum
1006 3106 1065 3165 est.
1108 3101 1198 3185 atqui
1220 3099 1439 3185 prooemiator
1459 3099 1531 3183 ipse
1551 3097 1613 3162 fuit
1634 3095 1682 3160 in-

319 3197 477 3284 eptiarum
499 3199 658 3266 conscius.
691 3219 797 3283 neque
820 3201 904 3266 enim
928 3201 1056 3284 scripsit
1078 3202 1165 3286 quod
1186 3203 1328 3269 debebat
1349 3205 1420 3286 πρὸς
1441 3203 1478 3265 τὰ
1500 3200 1681 3284 ἀνθρώπινα,

318 3301 377 3368 sed
403 3301 511 3367 alieno
535 3301 634 3384 capiti
657 3304 860 3367 consulturus
888 3303 984 3368 latius
1012 3310 1044 3370 et
1071 3305 1238 3389 aliquanto
1267 3305 1409 3390 ineptius
1438 3303 1574 3388 πρὸστὰ
1607 3301 1683 3364 κατὰ

319 3405 415 3489 μέρος.
448 3403 525 3488 quid
547 3403 644 3486 igitur
658 3403 819 3469 dubitanti
834 3405 1014 3490 promptius
1030 3414 1100 3472 erat
1120 3429 1216 3492 quam
1232 3405 1398 3473 Plutarchi
1414 3403 1575 3470 inscitiam
1589 3421 1682 3468 accu-

319 3525 393 3572 sare
413 3526 484 3570 cum
504 3506 695 3590 praesertim
715 3505 814 3571 etiam
829 3507 975 3572 ultimum
991 3508 1040 3572 Ill
1056 3509 1077 3574 l.
1093 3516 1191 3593 caput
1213 3510 1254 3574 de
1269 3509 1390 3576 halone
1405 3504 1562 3574 consimili
1585 3504 1681 3570 turba

320 3628 360 3674 ex
382 3607 524 3691 priorum
547 3609 688 3694 capitum
711 3605 774 3693 (HI
791 3609 887 3691 1-6)
909 3609 1028 3675 vicinia
1043 3611 1251 3678 transiectum
1275 3611 1384 3678 esset?
1413 3609 1484 3692 quis
1506 3606 1591 3672 enim
1607 3626 1683 3672 eun·

320 3707 393 3773 dem
417 3709 471 3792 qui
492 3710 618 3794 reliqua
639 3709 722 3775 bene
751 3710 888 3794 partitus
911 3711 967 3796 sit,
995 3711 1029 3776 in
1051 3713 1176 3780 duobus
1205 3714 1363 3798 capitibus
1391 3709 1527 3794 turpiter
1554 3709 1682 3792 lapsum

320 3810 415 3877 facile
437 3811 572 3877 credat?
595 3811 724 3876 omnino
748 3813 923 3898 prudenter
944 3813 1076 3900 factum,
1098 3818 1185 3900 quod
1201 3815 1361 3901 principia
1375 3813 1506 3899 primus,
1530 3811 1684 3877 caelestia

319 3914 412 3996 alter,
435 3913 550 3978 tertius
573 3912 738 3998 sublimia,
761 3921 894 3997 quartus
916 3915 1048 3982 humani
1071 3919 1185 4002 animi,
1214 3918 1344 4001 quintus
1367 3913 1511 3999 eorporis
1532 3918 1682 3976 naturam

320 4014 574 4100 comprehendit.
606 4015 707 4082 nihilo
729 4017 834 4082 minus
849 4017 1041 4084 Plutarchus
1064 4026 1150 4085 certe
1172 4019 1290 4084 iniuria
1311 4023 1491 4084 accusatur.
1525 4020 1682 4098 quotquot

319 4117 405 4183 enim
420 4117 586 4202 prooemia
600 4117 634 4184 in
648 4117 802 4184 librorum
817 4125 947 4202 praeter
961 4120 1107 4203 quintum
1123 4122 1232 4207 initiis,
1248 4121 1298 4188 bis
1312 4121 1399 4185 intra
1415 4117 1442 4205 [l
1457 4119 1477 4184 8
1504 4129 1527 4203 1,
1550 4117 1634 4182 1118
1654 4113 1682 4201 a]

319 4221 485 4304 leguntur,
512 4239 552 4284 ea
579 4219 620 4284 ab
643 4241 707 4286 uno
730 4228 804 4287 sunt
826 4227 959 4287 auctore
981 4221 1136 4306 prolecta.
1180 4244 1220 4290 ac
1241 4228 1335 4289 unta
1357 4227 1408 4287 est
1432 4220 1622 4303 similitudo,
1648 4225 1685 4284 ut

320 4342 386 4386 non
413 4323 516 4386 solum
543 4321 749 4406 periodorum
777 4324 882 4390 forma
910 4323 1024 4390 eadem
1047 4345 1175 4410 semper
1196 4331 1322 4408 utatur,
1350 4323 1408 4388 sed
1434 4323 1532 4390 etiam
1558 4322 1608 4387 bis
1633 4341 1686 4386 eo-

321 4423 395 4490 dem
422 4423 522 4490 verbo
550 4425 724 4510 περιοδεύειν
752 4425 910 4513 [prooem.
936 4426 1075 4514 11.111].
1114 4428 1254 4511 insignia
1281 4446 1359 4492 vero
1387 4424 1590 4494 inexercitati
1619 4421 1685 4490 stili

394 4613 539 4680 ¹qnartmn
564 4625 632 4668 certe
655 4624 682 4666 st
706 4619 823 4680 quintum
852 4618 929 4667 simili
952 4618 1076 4668 librorum
1104 4617 1201 4667 ambitu
1228 4617 1362 4682 discriptos
1385 4617 1464 4667 finisse
1492 4617 1552 4667 indo
1580 4616 1685 4674 efficias,

322 4705 391 4770 qnod
405 4703 522 4754 ordinem
541 4705 666 4754 librorum
685 4706 843 4769 transposuit
855 4703 990 4766 Stobaeus,
1011 4707 1123 4770 capitum
1141 4707 1254 4754 servavit
1271 4706 1389 4754 similem.
1416 4705 1461 4753 aed
1479 4704 1566 4754 titulos
1585 4703 1685 4764 aliquot

322 4809 354 4844 ex
374 4793 466 4842 alienis
484 4793 630 4842 inculcavit.
658 4791 726 4841 unde
745 4790 774 4840 fit
792 4799 820 4840 ut
838 4808 859 4840 c.
879 4789 933 4857 cepi
945 4793 991 4858 τῆς
1004 4789 1122 4858 γενέσεως
1134 4795 1186 4842 τῶν
1199 4788 1272 4859 ζῴων
1285 4800 1311 4840 et
1323 4789 1348 4840 ἐν
1366 4787 1436 4857 πόσῳ
1455 4787 1537 4858 χρόνῳ
1556 4783 1685 4855 διαρθροῦ-

321 4895 361 4928 ται
383 4877 412 4928 τὸ
435 4875 543 4946 ἔμβρυον
566 4887 592 4928 et
614 4875 663 4928 ἀπὸ
685 4875 756 4927 ποίου
775 4873 878 4946 ἄρχεται
901 4877 988 4948 μορίου
1006 4875 1163 4946 μορφοῦσθαι
1181 4875 1210 4928 τὸ
1230 4875 1338 4948 ἔμβρυον
1356 4876 1389 4940 [c.
1403 4876 1446 4939 421
1466 4893 1499 4928 ex
1518 4879 1595 4927 Aeco
1614 4876 1685 4926 simi·

323 4967 380 5020 litar
398 4967 443 5016 sed
462 4967 514 5015 alio
534 4967 625 5020 ordine
644 4967 776 5017 iterentur.
