3708 5732
661 413 936 464 reoeeeomerm
1441 417 1481 480 97

120 581 268 664 βάνουσιν,
293 583 343 668 ῶς
374 583 389 644 δ
418 581 631 658 ὀκτωκαίδεκα,
660 585 719 644 τῶν
745 582 778 644 δὲ
801 581 804 720 Ξ
829 603 893 666 σης.
928 585 944 645 ό
971 581 1003 644 δὲ
1029 581 1127 666 ἄρτιος
1148 583 1215 648 ούτε
1236 590 1319 669 γεννᾷ
1342 609 1413 649 ποτε
1434 587 1482 649 τόν

119 687 266 766 περισσῶν
288 682 329 750 εἰς
344 682 458 766 ἀρτίους
480 682 594 752 οὐθείς·
617 682 778 768 ἀδιαίρετον
801 727 804 774 l
829 687 963 769 περισσὸν
986 684 1187 767 συντιθέμενος
1210 688 1306 772 ἑαυτῷ
1326 687 1393 750 ούτε
1407 689 1483 751 ἐστὶν

119 785 173 866 γὰρ
188 785 208 868 ἡ
225 785 306 870 ἀρχὴ
329 785 432 847 καὶτὸ
455 789 599 871 στοιχεῖον
622 785 662 855 είς
678 786 776 870 ἕτερα·
801 781 803 869 Ξ
829 787 998 872 ἀδιαίρετος.

118 891 180 954 τοῖς
213 886 246 948 δὲ
278 885 375 956 ἄλλοις
405 887 447 956 είς
472 888 509 950 τά
534 887 609 952 αὐτὰ
635 891 720 952 παλιν
747 891 777 952 αί
801 874 804 974 Ξ

121 989 275 1058 διαλύσεις·
297 986 339 1052 ἔτι
362 989 395 1052 δὲ
415 995 453 1072 τῇ
477 990 578 1071 μονάδι
593 997 652 1054 τῶν
674 990 778 1077 ἐφεξῆς
802 979 804 1113 Ξ

120 1095 266 1175 περισσῶν
295 1091 452 1174 γνωμόνων
485 1093 726 1176 περιτιθεμένων,
762 1096 778 1157 ὁ
802 1142 805 1201 Ξ

120 1195 268 1276 γινόμενος
286 1193 342 1258 αἰεὶ
364 1195 542 1279 τετράγωνός
564 1196 638 1259 ἐστι·
665 1201 723 1259 τῶν
746 1197 779 1260 δὲ
802 1204 805 1328 Ξ

121 1296 229 1380 ἀρτίων
251 1298 361 1380 δμοίως
383 1297 621 1382 περιτιθεμένων,
643 1299 779 1383 ἑτερομή-

121 1421 181 1467 κεις
214 1399 263 1462 καὶ
298 1399 390 1464 ἄνισοι
428 1401 532 1470 πάντες
565 1400 778 1486 ἀποβαίνουσιν.
803 1341 806 1430 Ξ

122 1499 183 1564 ἴσον
206 1501 239 1563 δὲ
262 1501 355 1572 ἰσάκις
376 1502 480 1572 οὐδείς.
513 1507 561 1567 καὶ
586 1505 643 1588 μὴν
665 1504 706 1574 εἰς
728 1504 779 1567 δύο

122 1605 330 1687 διαιρουμένων
345 1603 411 1684 ἴσα,
435 1609 487 1670 τοῦ
510 1607 562 1689 μέν
577 1610 715 1690 περισσοῦ
731 1631 780 1689 μυ·
804 1643 807 1727 Ξ

121 1707 173 1776 νὰς
200 1707 231 1770 έν
259 1707 341 1792 μέσῳ
368 1709 509 1793 περίεστι,
540 1714 591 1772 τού
623 1710 656 1772 δὲ
681 1710 780 1794 ἀρτίου
804 1730 807 1772 ι

120 1811 192 1893 κενὴ
215 1810 343 1873 λείπεται
371 1814 457 1896 χώρα
480 1812 528 1875 καὶ
551 1813 710 1881 ἀδέσποτος
731 1813 779 1876 καὶ
804 1800 806 1829 ⁴

119 1911 283 1995 ἀνάριθμος
311 1916 352 1982 ῶς
379 1912 413 1976 ἀν
441 1915 556 1984 ἐνδεοῦς
585 1917 633 1978 καὶ
660 1917 781 1985 ἀτελοῦς

120 2013 215 2083 ὄντος·
251 2016 317 2099 περὶ
347 2017 379 2079 δὲ
408 2023 460 2080 τοῦ
487 2023 583 2082 κοινοῦ
609 2018 694 2094 λόγου
720 2022 779 2080 τῶν

120 2118 259 2201 ἀριθμῶν
280 2121 381 2182 τοῦτον
402 2119 514 2189 διέξεισι
537 2121 586 2183 τδν
607 2121 724 2204 τρόπον.

210 2220 396 2286 Plutarohei
422 2222 523 2288 libelli
551 2221 794 2289 similitudinem
822 2224 874 2288 vel
897 2223 1075 2290 Heereniue
1099 2222 1275 2306 perspexit.
1320 2221 1379 2288 sed
1401 2221 1487 2304 quod

120 2323 170 2387 ait
192 2329 316 2388 eertum
344 2343 418 2390 esee
445 2331 609 2390 auetorem
636 2323 670 2411 (i.
695 2345 722 2390 e.
746 2324 938 2411 stobaeum)
960 2331 1037 2392 ante
1060 2325 1171 2390 oeulos
1194 2323 1347 2390 habuisse
1379 2323 1487 2388 Vitam

120 2423 273 2508 Homeri,
305 2423 340 2488 id
370 2444 435 2490 non
463 2425 569 2508 poluit
595 2425 736 2493 seribere
765 2427 827 2493 nisi
859 2427 991 2511 ropitus.
1029 2447 1106 2492 nam
1138 2427 1280 2509 genuina
1308 2424 1411 2508 magis
1439 2432 1489 2490 eet

120 2525 257 2594 Stobaei
281 2527 407 2609 ecloga,
431 2525 597 2593 Plutarchi
621 2527 817 2612 amplifieata
840 2537 872 2595 et
887 2530 1024 2596 variata.
1058 2529 1184 2614 primae
1207 2528 1391 2595 sententiae
1414 2548 1488 2592 eon-

121 2628 269 2693 eordant.
298 2635 365 2692 tum
396 2627 558 2696 Stobaeue
586 2630 627 2696 de
653 2630 787 2697 deorum
814 2631 997 2698 nominibus
1023 2631 1165 2715 loquitur
1195 2630 1248 2714 [el.
1276 2629 1487 2712 Theologum.

118 2729 251 2796 arithm.
274 2731 325 2796 33.
347 2731 400 2796 44.
424 2731 476 2796 53.
500 2733 551 2798 55.
575 2729 647 2819 63],
681 2733 738 2799 ille
768 2733 812 2799 ad
843 2734 991 2799 monadis
1023 2741 1056 2799 el
1088 2732 1205 2818 dyadis
1241 2731 1488 2816 explieationem

120 2839 280 2916 properat
308 2833 461 2898 omissam
488 2833 670 2901 fortassee
692 2835 846 2902 Stobaeo.
879 2841 947 2900 lum
974 2836 1089 2902 iterum
1113 2833 1295 2920 eoncordia,
1318 2833 1380 2900 niei
1402 2834 1488 2916 quod

120 2935 221 3000 huius
246 2935 348 3002 rerba
377 2935 481 3018 magle
502 2937 547 3002 ad
568 2944 672 3002 artem
694 2939 866 3004 enucleata
888 2943 972 3003 euna
1017 2937 1125 3021 plaeet
1146 2937 1258 3002 ultimo
1280 2937 1352 3002 loeo
1375 2934 1490 3000 florile

120 3037 214 3120 glum
236 3057 309 3104 oum
330 3037 407 3104 Vita
428 3037 561 3105 Homeri
583 3038 730 3107 eonferre

279 3139 369 3208 Slob.
392 3139 461 3206 flor.
483 3147 505 3206 ί.
529 3141 571 3209 33
596 3152 627 3205 17
969 3142 1053 3208 Plut.
1076 3141 1116 3208 V.
1138 3142 1231 3207 Hom.
1254 3162 1282 3207 e.
1299 3140 1361 3206 149

169 3243 411 3328 Πλουτάρχου.
488 3305 490 3311 ,
835 3245 897 3308 ἐπεὶ
920 3245 953 3308 δὲ
974 3245 1004 3309 ἐν
1019 3246 1130 3315 τούτοις
1146 3246 1194 3308 καὶ
1209 3243 1384 3331 Πυθαγόρου
1404 3247 1490 3329 ἐμνη·

168 3345 240 3431 Περὶ
262 3350 314 3430 τῆς
337 3346 404 3410 καθ’
417 3342 545 3430 Ὅμηρον
560 3347 721 3433 ἐχεμυθίας
736 3349 784 3412 διὰ
836 3348 1014 3432 μονεύσαμεν
1042 3349 1067 3432 ᾧ
1092 3349 1215 3430 μάλιστα
1241 3345 1362 3431 ἤρεσκεν
1384 3350 1404 3432 ἡ
1428 3349 1492 3433 ἐχε-

120 3451 230 3514 τούτου
252 3453 354 3534 σαφῶς
379 3447 531 3512 δείκνυται.
563 3451 639 3533 λέγει
661 3454 714 3536 γὰρ
837 3451 928 3534 μυθία
955 3452 1003 3514 καὶ
1029 3452 1063 3513 τδ
1091 3453 1171 3532 σιγάν
1198 3449 1218 3512 ἂ
1244 3451 1284 3533 μὴ
1311 3453 1370 3535 χρὴ
1400 3451 1491 3535 λέγειν

169 3551 284 3636 Θερσῖτ’
317 3550 505 3634 ἀκριτόμυθε,
537 3553 616 3636 λιγύς
646 3577 699 3640 περ
727 3555 784 3618 ἐὼν
837 3553 1017 3634 θεασώμεθα
1039 3552 1065 3615 εἴ
1087 3547 1272 3636 καὶΌμηρος
1293 3553 1401 3637 ταύτην
1421 3552 1493 3639 ἔσχε

631 3657 785 3741 ἀγορητής,
836 3655 889 3738 τὴν
911 3657 1039 3737 γνώμην.
1062 3653 1111 3716 ἐπί
1132 3676 1164 3715 τε
1184 3654 1238 3738 γὰρ
1253 3659 1312 3718 τῶν
1327 3656 1492 3739 παροινούν·

163 3755 249 3842 ἴσχεο
257 3755 324 3839 μηδ’
335 3752 412 3818 ἔθελ’
421 3752 481 3824 οἶος
489 3755 648 3840 ἐριζέμεναι
659 3758 786 3842 βασιλῆι.
837 3779 895 3820 των
918 3755 975 3842 ἔφη

123 3860 180 3924 καὶ
202 3863 254 3922 τοῦ
277 3855 454 3942 Τηλεμάχου
476 3857 605 3930 εἰπόντος
881 3859 932 3922 καί
952 3881 978 3921 τι
1001 3855 1070 3928 έπος
1085 3857 1227 3943 προέηκεν
1243 3858 1315 3943 ὅπερ
1330 3857 1353 3920 τ’
1369 3857 1493 3942 ἄρρητον

171 3961 192 4046 ἦ
221 3963 300 4044 μάλα
328 3982 371 4028 τις
393 3959 472 4025 θεῶν
500 3959 581 4025 ἔνδον
609 3963 636 4026 οἳ
666 3963 786 4047 οὐρανόν
812 3968 814 4048 Ξ
1378 3958 1494 4041 ἄμεινον

562 4064 647 4150 εὐρύν
669 4063 787 4150 ἔχουσιν
840 4063 890 4126 καί
910 4068 952 4148 τῷ
976 4061 1102 4146 Θερσίτῃ
1126 4063 1292 4146 ἐπιπλήττει

127 4165 398 4250 έτπλαμβανόμενος
420 4168 437 4230 ὁ
458 4165 554 4250 πατὴρ
577 4163 635 4251 ἔφη
884 4163 968 4250 ἴσχεο

195 4266 263 4349 σι’γα
284 4268 333 4332 καὶ
355 4269 430 4332 κατὰ
452 4269 503 4332 σδν
523 4267 588 4332 νόον
604 4267 706 4354 ἴσχανε
722 4269 788 4354 μηδ’
884 4267 1001 4352 Θερσῖτ’
1034 4265 1212 4350 ἀκριτόμυθε
1243 4267 1322 4350 λιγύς
1340 4269 1405 4350 ’περ
1440 4265 1498 4330 ἐῶν

608 4419 609 4424 1
672 4371 789 4456 ἐρέεινε.
1349 4370 1496 4454 ἀγορητής

173 4471 251 4556 αύτη
273 4495 317 4536 τοι
339 4471 405 4556 δίκη
427 4471 489 4537 ἐστὶ
511 4471 590 4537 θεῶν
611 4472 638 4535 οἳ
661 4471 790 4558 ὄλυμπον
885 4472 933 4536 καὶ
965 4477 1016 4534 τοῦ
1044 4469 1206 4552 Ἰδομενέως
1236 4469 1456 4552 καθαπτόμενος
1483 4471 1498 4533 ὁ

678 4572 789 4660 έχουσι.
843 4573 917 4644 Αἴας
938 4574 1015 4656 λέγει
1037 4576 1100 4636 κτλ.
1124 4615 1182 4635 ...

128 4669 220 4740 τοῦτο
246 4675 379 4760 ἐξήγησιν
402 4675 446 4762 (θ)
474 4677 501 4740 oi
525 4675 720 4760 Πυθαγορικοὶ
742 4699 791 4740 κα·
884 4679 932 4740 καὶ
943 4679 993 4740 τὸν
1001 4674 1140 4739 Ὀδυσσέα
1148 4679 1191 4759 τῷ
1201 4675 1256 4758 υἱῷ
1265 4674 1500 4754 διακελευόμενον

128 4781 251 4845 λυδντες
285 4778 370 4842 οὐδέν
407 4779 593 4864 ἀπεκρίνοντο
631 4784 691 4848 τοῖς
728 4779 792 4862 περὶ
818 4764 820 4787 ’
889 4825 897 4841 .
922 4821 930 4838 .
953 4821 961 4836 .
984 4779 1031 4840 καὶ
1055 4780 1139 4840 παλιν
1162 4769 1242 4861 αὐτῷ
1267 4781 1401 4860 παραινεῖ

130 4881 215 4943 θεῶν
244 4877 287 4942 ότι
315 4881 430 4965 τύχοιεν
457 4881 568 4964 ἰταμῶς
594 4879 641 4944 καὶ
664 4879 794 4964 εὐχερῶς
890 4880 955 4963 σίγα
977 4881 1024 4942 καὶ
1048 4879 1122 4942 κατὰ
1145 4879 1195 4941 σδν
1218 4878 1283 4940 νόον
1307 4875 1408 4961 ἴσχανε
1435 4874 1502 4958 μηδ’

129 4985 279 5068 ἐρωτῶσι.
1386 4977 1502 5063 ἐρέεινε·

188 5111 279 5162 ulula,
299 5113 443 5162 noxogrnpm
467 5112 548 5160 macl.
1285 5081 1301 5144 ἴ
