3750 5746
705 368 806 416 κωτιι
826 369 954 418 mest
974 369 1076 422 68-10
1505 369 1568 434 295

357 431 1252 524 phuwAacfiiW‘Wffi
1269 474 1347 524 τοι.

250 605 298 668 ἀεί
318 627 349 666 τε
371 605 426 688 γὰρ
448 605 530 688 ἥλιος
552 606 601 668 καὶ
624 609 732 692 σελήνη
755 609 803 671 καί
825 610 862 672 τὰ

249 705 337 770 λοιπὰ
351 708 410 770 τῶν
425 705 538 790 ἄστρων
553 708 606 792 τὴν
622 709 754 790 ὑπόγειον
769 710 861 794 φορόν

249 807 409 892 ἐνεχθέντα
436 808 524 890 ὅμοια
552 809 604 891 μὲν
631 810 780 874 ἀνατέλλει
801 815 861 881 τοῖς

27 933 29 942 ·
132 961 139 976 ,
249 911 413 993 χρώμασιν,
436 907 485 973 ἴσα
507 911 540 974 δὲ
562 915 622 981 τοῖς
644 911 790 995 μεγέθεσι,
812 913 861 977 καὶ

227 1011 325 1075 ικατὰ
351 1011 457 1081 τόπους
483 1013 532 1074 καὶ
554 1013 629 1076 κατὰ
651 1014 773 1098 χρόνους
793 1015 861 1084 τοὺς

247 1112 362 1183 αὐτούς.
387 1113 487 1198 διόπερ
510 1116 537 1178 οί
559 1116 608 1178 τόν
627 1116 691 1200 περί
706 1119 764 1179 τῶν
779 1115 857 1179 θεῶν
876 1129 892 1182 9

247 1217 422 1300 παραδόντες
438 1217 584 1300 σεβασμὸν
600 1218 647 1281 διὰ
661 1219 748 1300 τριῶν
760 1215 858 1301 ἐξέθη-

247 1341 300 1381 καν
323 1319 392 1402 ἡμῖν
414 1317 511 1398 εἰδῶν,
532 1323 647 1404 πρῶτον
670 1319 722 1402 μὲν
741 1321 792 1381 τοῦ
807 1338 858 1404 φυ-

247 1423 340 1496 σικοῦ,
355 1419 486 1504 δεύτερον
502 1422 536 1484 δὲ
545 1426 598 1485 τοῦ
614 1421 750 1504 μυθικοῦ,
765 1421 857 1505 τρίτον

213 1521 282 1584 ιοδδ
303 1525 354 1583 τοῦ
376 1522 429 1606 τὴν
453 1523 609 1608 μαρτυρίαν
632 1523 665 1587 ἐκ
687 1527 745 1586 τῶν
760 1523 857 1605 νόμων

246 1623 408 1709 εἰληφότος.
421 1619 613 1711 [διοικεῖσθαι]
619 1626 781 1689 διδάσκεται
788 1625 857 1688 δὲτὸ

247 1726 300 1808 μὲν
311 1728 431 1810 φυσικδν
444 1727 501 1790 ὑπὸ
512 1730 571 1790 τῶν
585 1728 764 1812 φιλοσόφων,
779 1728 812 1790 τό
824 1728 857 1790 δὲ

247 1828 369 1910 μυθικὸν
378 1829 435 1892 ὑπό
443 1833 647 1913 τῶνποιητῶν,
657 1831 690 1892 τό
699 1829 732 1893 δὲ
740 1829 857 1912 νομικὸν

246 1929 291 2016 ὑφ’
319 1931 443 2016 ἑκάστῃς
463 1932 508 1995 ἀεὶ
531 1929 644 2000 πόλεως
666 1930 840 1994 συνίσταται.

210 2053 235 2090 ιι
288 2035 445 2119 Διαιρεῖται
474 2033 495 2097 δ’
523 2036 543 2118 ἡ
572 2037 652 2098 πᾶσα
678 2035 785 2119 διδαχὴ
813 2033 854 2103 εἰς
867 2053 898 2105 10

245 2135 309 2219 εἴδη
334 2137 420 2200 ἑπτά·
455 2138 504 2200 καὶ
533 2141 648 2222 πρῶτον
678 2137 729 2219 μὲν
760 2138 794 2199 τὸ
821 2137 855 2200 ἐκ

245 2243 304 2302 τῶν
318 2240 500 2324 φαινομένων
516 2241 564 2306 καὶ
585 2242 749 2324 μετεώρων·
783 2239 854 2303 θεοῦ

244 2342 298 2425 γὰρ
327 2339 436 2406 ἔννοιαν
465 2340 553 2428 ἔσχον
581 2344 640 2407 ἀπὸ
672 2345 730 2405 τῶν
758 2365 854 2426 φαινο-

244 2443 338 2526 μένων
360 2444 489 2529 ἀστέρων
516 2447 639 2529 δρῶντες
665 2445 783 2514 τούτους
806 2468 853 2526 με·

208 2548 334 2630 ιογαλης
356 2549 524 2633 συμφωνίας
547 2545 630 2616 ὄντας
656 2547 779 2626 αἰτίους,
805 2548 852 2610 καὶ

242 2650 421 2732 τεταγμένως
443 2651 555 2736 ἡμέραν
569 2673 601 2713 τε
623 2651 670 2713 καί
692 2651 780 2713 νύκτα
795 2674 853 2736 χει-

244 2754 327 2834 μῶνά
348 2775 380 2814 τε
406 2753 454 2817 καὶ
477 2753 563 2839 θέρος
590 2754 731 2822 ἀνατολάς
750 2777 782 2816 τε
804 2755 852 2817 καί

238 2901 249 2952 l
269 2897 283 2950 ό
301 2897 404 2968 ἥλιοςῦ
422 2903 453 2952 cf.
472 2902 496 2952 G
514 2897 528 2968 11
549 2899 565 2952 2
583 2899 600 2969 ἡ
619 2898 709 2970 σελήνη
729 2903 853 2953 Duebner

200 2991 231 3040 ef.
252 2989 275 3042 G
295 2985 308 3054 ΙΙ
328 2985 344 3038 θ
363 2987 442 3057 φορὰν
461 2988 603 3050 G(A)BC:
623 3006 673 3038 om.
692 2989 781 3054 cyrill.
802 2985 815 3056 ίί
836 2989 852 3042 6

198 3079 250 3126 τῶν
263 3075 324 3126 Ae:
344 3077 430 3126 om.B
452 3070 465 3141 Η
485 3073 543 3132 τοὺς
560 3071 632 3132 θεοὺς
645 3079 713 3127 coni.
726 3079 820 3128 Reiske
837 3073 850 3142 [Ι

199 3161 215 3214 θ
233 3161 292 3230 ἡμῖν
310 3170 369 3226 ροσε
382 3161 398 3212 7
411 3165 486 3230 τριῶν
500 3161 534 3212 C:
554 3167 698 3228 transposui
711 3166 851 3214 secundum

197 3251 245 3299 AB
260 3247 274 3316 γΙ
290 3248 321 3301 ll
336 3245 480 3300 διοικεῖσθαι
492 3250 572 3300 deleri
585 3252 660 3300 iussit
672 3251 775 3302 Reiske.
793 3249 851 3302 διοι-

199 3340 277 3386 κεῖται
305 3338 366 3386 olim
394 3339 514 3402 scriptum
541 3345 568 3387 et
594 3340 692 3388 variam
715 3340 851 3389 lectionem

198 3427 357 3488 insequentis
376 3427 448 3474 vocis
461 3439 516 3474 οεεε
529 3427 670 3489 suspicatus
683 3432 722 3475 est
734 3428 850 3490 Wytten·

198 3513 271 3562 bach.
294 3516 371 3562 immo
391 3515 461 3562 vocis
480 3507 627 3562 συνίσταται.
656 3515 774 3563 lacunam
793 3521 852 3563 ante

198 3594 341 3648 διοικεῖσθαι
363 3601 475 3664 signavit
496 3599 619 3648 Duebner
639 3597 653 3666 ΙΙ
676 3598 707 3651 15
729 3596 760 3666 δὴ
784 3603 852 3649 πᾶσα

198 3686 233 3736 B:
258 3683 284 3736 δὲ
302 3690 370 3737 πᾶσα
389 3689 426 3736 Δι
455 3685 506 3753 μὴν
524 3689 591 3736 πᾶσα
609 3687 643 3738 O:
663 3689 763 3737 correxi
784 3683 796 3752 1}
817 3683 849 3737 21

197 3773 353 3840 τεταγμένως
372 3775 409 3824 A:
428 3771 592 3840 τεταγμένους
610 3774 632 3824 Β
656 3782 683 3823 ει
703 3774 787 3824 Beck:
812 3790 850 3823 τε·

196 3859 319 3927 ταγμίνας
335 3861 357 3912 C
371 3856 384 3927 ΙΙ
404 3859 499 3928 ἡμέρας
511 3876 538 3910 τε
551 3859 594 3911 καὶ
606 3855 730 3916 νθκταςίλ
745 3856 759 3927 ΙΙ
774 3857 852 3911 νίνκτα

197 3948 240 3998 ιιαὶ
252 3952 364 4016 χειμῶνα
376 3947 420 3998 καὶ
433 3943 506 4015 θέρος
519 3949 543 3997 Α
557 3944 572 4015 Η
587 3945 620 3998 θθ
638 3943 758 4004 ἀνατολάς
769 3963 797 3996 τε
809 3946 852 3997 καὶ

198 4033 290 4103 δυσμὰς
307 4039 385 4101 vulgo
399 4044 458 4087 ante
471 4033 567 4104 ἡμέραν
581 4037 718 4086 collocant
737 4035 782 4084 sed
800 4035 852 4084 for-

199 4129 264 4172 ιεεεο
283 4125 412 4186 glossema
430 4132 480 4183 est,
499 4137 550 4186 quo
569 4121 658 4171 addito
678 4121 755 4172 credo
774 4118 852 4188 γιγνό-

197 4225 258 4274 μενα
276 4211 401 4260 excidisse
420 4215 479 4274 post
496 4203 569 4275 θίρος

204 4297 339 4304 --—
786 4293 850 4302 ...—

198 4333 425 4384 TESTIMONIA
443 4330 654 4382 PLUTARcffl

199 4415 548 4486 ὢνᾶγανόίίλοίιταργος
566 4416 598 4468 ἐν
615 4423 657 4485 τῷ
676 4415 788 4486 πρόιτιρ
808 4413 852 4483 βι-

199 4503 273 4575 βλίῳ
297 4510 436 4575 φυσικῶν
465 4504 628 4574 δογμάτων
654 4505 850 4572 συναγωγῆς·

193 4589 295 4662 Ἓλαβον
314 4591 340 4644 δέ
358 4592 388 4644 ἐκ
406 4589 496 4644 τοίιτου
514 4591 608 4645 ίννοιαν
621 4589 689 4645 θεοῦ·
712 4591 749 4643 όιί
766 4607 793 4642 τι
805 4589 851 4659 γὰρ

196 4677 266 4748 ἥλιος
289 4681 332 4732 καὶ
355 4677 446 4748 σελήνη
472 4680 516 4732 καὶ
537 4681 570 4733 τὰ
591 4677 666 4732 λοιπά
682 4683 734 4730 τῶν
753 4677 852 4746 ἄστρων

197 4767 243 4838 τὴν
266 4766 378 4838 ὑπόγειον
401 4766 534 4838 ίνιχθίντα
556 4767 630 4837 ὅμοια
657 4769 701 4838 μέν
726 4766 852 4821 ἀνατέλλει

197 4861 248 4914 τοῖς
265 4855 405 4926 χρώμασιν,
423 4855 463 4910 ίσα
481 4855 507 4909 δὲ
525 4861 577 4915 τοῖς
589 4855 711 4925 μεγέθεσι,
727 4857 769 4909 καὶ
786 4857 853 4909 κατὰ

196 4944 287 5005 τόπους
304 4945 348 4997 καὶ
366 4944 432 4996 κατὰ
449 4943 552 5016 χρόνους
570 4945 627 5004 τοὺς
645 4941 751 5004 αὐτοὺς.
