3710 5730
335 402 375 468 16
621 405 634 455 Ι
669 405 719 454 DE
739 405 1003 457 PLUTARCHEAE
1022 405 1207 458 ramuoldus
1226 407 1399 458 MEMORIA

266 575 269 581 '
334 591 442 639 corum
469 570 661 638 lectionibus
687 591 773 638 nova
800 573 961 640 sententia
989 571 1128 640 conflata
1155 579 1214 640 est.
1258 594 1319 640 nec
1345 574 1448 658 magis
1476 575 1579 660 probo
1608 597 1693 660 quae

334 694 361 740 c.
377 675 419 738 96
440 673 603 740 adduntur
624 673 737 756 ignota
760 693 800 740 ea
822 675 996 740 Plutarcho
1020 682 1053 742 et
1075 675 1217 742 Stobaeo
1239 679 1273 742 τὸ
1296 678 1348 761 μὲν
1371 677 1473 748 σκότος
1496 679 1609 760 συνάγει
1631 703 1694 748 πως

334 778 381 842 καὶ
405 777 545 862 συγκρίνει
567 777 620 860 τὴν
643 777 741 860 ὅρασιν
756 777 804 838 καὶ
827 777 975 861 ἀμβλύνει,
997 779 1030 842 τὸ
1053 779 1086 842 δὲ
1100 784 1164 864 φῶς
1179 779 1313 864 διακρίνει
1329 780 1377 844 καὶ
1392 781 1514 863 ποδηγσῖ
1527 781 1579 864 τἠν
1595 780 1694 865 ὅρασιν

333 881 418 963 ἡμῶν
441 881 488 943 ἐπὶ
510 879 546 942 τὰ
569 879 659 962 ὁρατὰ
682 877 728 940 διὰ
749 881 800 940 τοῦ
826 878 930 960 μεταξὺ
953 881 1048 964 ἀέρος.
1070 881 1117 944 διὰ
1139 885 1223 944 τοῦτο
1247 881 1288 966 μὴ
1312 885 1381 968 ὁρᾶν
1401 885 1479 967 ἡμᾶς
1492 883 1525 948 έν
1539 889 1581 969 τῷ
1598 885 1693 948 σκότει

333 982 392 1047 ἀλλ’
420 982 491 1044 αὐτὸ
515 981 601 1062 μόνον
623 983 657 1044 τὸ
679 980 790 1049 σκότος.
828 981 925 1063 paulo
948 982 1052 1064 magis
1073 981 1201 1048 adridet
1222 984 1337 1067 capitis
1359 985 1401 1050 62
1422 984 1693 1050 additamentum:

327 1084 551 1171 Ἡράκλειτος
567 1085 722 1166 ἀνάμματα
738 1079 765 1168 [i
776 1080 906 1168 ἄναμμα]
918 1083 948 1147 ἐν
961 1085 1013 1166 μὲν
1025 1091 1086 1156 ταῖς
1101 1087 1254 1156 ἀνατολαῖς
1267 1088 1320 1171 τὴν
1332 1085 1430 1172 ἔξαψιν
1445 1084 1551 1171 ἔχοντα
1563 1083 1591 1172 [l
1602 1085 1694 1173 ἔχονλ,

333 1191 385 1272 τὴν
408 1187 441 1250 δὲ
463 1185 559 1270 σβέσιν
582 1186 612 1249 ἐν
634 1191 696 1255 ταῖς
712 1187 842 1266 δυσμαῖς.
876 1205 950 1250 nam
967 1186 1048 1252 haec
1063 1187 1158 1253 facile
1173 1194 1317 1254 extremo
1333 1187 1439 1272 eapite
1455 1189 1644 1254 exciderunt
1661 1199 1694 1256 et

331 1294 483 1374 leguntur
508 1307 622 1354 revera
648 1287 736 1370 apud
760 1285 935 1352 stobaeum
956 1288 1074 1354 similia
1095 1291 1127 1355 II
1149 1291 1192 1355 ab
1216 1299 1247 1353 16
1268 1289 1451 1374 Ἡράκλειτος
1478 1291 1526 1354 καλ
1544 1289 1694 1362 Ἑκαταῖος

331 1397 450 1478 ἄναμμα
466 1392 563 1476 νοερὸν
577 1389 656 1453 τὸέκ
672 1390 818 1471 θαλάττης
833 1387 903 1452 εἶναι
918 1391 967 1454 τὸν
979 1393 1070 1476 ἥλιον.
1101 1413 1206 1474 neque
1219 1392 1422 1459 incredibilia
1435 1391 1595 1476 videntur,
1610 1413 1694 1476 quae

332 1499 477 1564 Galenus
496 1493 643 1559 auctiora
658 1489 799 1573 exhibet,
821 1490 847 1554 si
863 1490 992 1572 quidem
1008 1493 1222 1578 Xenophauis
1236 1496 1400 1565 decretum
1416 1495 1447 1558 11
1464 1495 1504 1560 13
1523 1504 1554 1556 14
1573 1497 1625 1566 τὰς
1639 1497 1693 1580 γὰρ

332 1582 473 1666 Ιοἰνατολολς
488 1596 536 1659 καὶ
552 1595 602 1664 τὰς
615 1593 709 1662 δύσεις
720 1592 833 1678 ἐξάψεις
845 1592 916 1656 εἶναι
929 1595 976 1657 καλ
989 1595 1101 1680 σβέσεις
1116 1605 1151 1661 ut
1163 1618 1197 1663 re
1213 1597 1259 1664 ita
1273 1597 1382 1664 verbis
1397 1597 1485 1662 haud
1500 1597 1547 1662 ita
1558 1598 1691 1662 multum

331 1699 464 1768 distat¹
510 1697 568 1763 ssd
595 1703 704 1760 tamon
732 1694 874 1760 Stobaeo
901 1694 1003 1760 inrito
1032 1697 1206 1764 Plutarcho
1237 1699 1298 1765 hoc
1327 1701 1493 1766 decretum
1522 1699 1693 1765 restituere

332 1825 398 1870 non
420 1800 490 1868 ausi
513 1819 633 1865 sumus.
671 1795 810 1879 genuino
833 1798 972 1879 quodam
995 1800 1104 1866 colore
1125 1801 1207 1867 nitet
1221 1802 1395 1868 Democriti
1418 1802 1459 1868 de
1481 1801 1691 1866 animantium

332 1905 457 1988 origiue
484 1903 637 1987 placitum
666 1899 771 1964 c.123
798 1899 977 1985 Δημόκριτος
1003 1903 1177 1986 γεγενημένα
1199 1903 1270 1968 εἶναι
1292 1907 1328 1968 τὰ
1352 1909 1416 1990 ζῷα
1437 1905 1571 1968 συστάσει
1600 1904 1629 1966 el
1655 1905 1692 1967 δὲ

332 2011 367 2072 ἓν
390 2007 517 2090 ἄστρον
540 2009 654 2089 πρῶτον
676 2007 726 2064 τοῦ
751 2003 837 2085 ὑγροῦ
861 2006 1056 2086 (coporeum
1079 2002 1111 2090 [l.
1130 2005 1359 2093 ξιμογονοῦντοςλ
1382 2007 1468 2089 quod
1485 2005 1512 2071 si
1528 2005 1605 2070 mihi
1619 2025 1692 2072 cun-

331 2110 456 2193 tigisset
471 2125 647 2191 persanare
662 2103 683 2187 ²,
706 2103 793 2168 haud
808 2103 1005 2170 dubitassem
1019 2105 1182 2172 Plutarchi
1199 2107 1296 2191 capiti
1313 2109 1340 2173 V
1359 2110 1398 2174 19
1414 2127 1591 2192 apponere.
1616 2126 1691 2172 nam

332 2212 472 2297 pertinet
499 2209 550 2274 hio
576 2210 667 2273 loeus
694 2206 737 2270 ad
759 2203 838 2270 lolia
860 2205 894 2270 in
915 2206 1094 2293 archetypo
1118 2227 1249 2274 corrosa
1276 2217 1309 2276 et
1337 2209 1506 2292 contiguus
1529 2216 1579 2276 est
1600 2209 1691 2274 initio

332 2337 358 2379 c.
375 2316 418 2380 λθ
438 2313 480 2377 de
508 2331 571 2393 quo
599 2309 666 2374 dixi
690 2329 719 2392 p.
741 2311 790 2373 14.
835 2328 935 2390 quare
962 2329 1173 2392 quaecunque
1199 2312 1265 2376 alia
1287 2311 1320 2376 iu
1342 2311 1404 2376 hac
1433 2319 1526 2395 parte
1552 2311 1624 2376 libri
1650 2332 1691 2376 err

331 2417 457 2482 Galeno
472 2413 677 2494 affluxerunt,
692 2410 850 2476 ambabus
865 2411 999 2494 arripui:
1015 2413 1124 2496 itaque
1138 2413 1279 2496 genuina
1294 2414 1364 2479 sine
1380 2413 1478 2478 dubio
1493 2413 1691 2483 incrementa

331 2523 486 2602 ceperunt
508 2513 674 2580 Plutarchi
697 2513 792 2578 V2‘2.
815 2513 865 2578 23.
889 2515 939 2579 29.

416 2617 526 2683 Eluxit
547 2615 625 2680 mihi
647 2615 821 2696 aliquando
845 2634 920 2698 spes
942 2613 1115 2680 Galeriaui
1139 2615 1278 2699 exempli
1307 2615 1461 2698 singulari
1489 2617 1690 2701 praestantia

333 2727 503 2806 perspecta
524 2718 594 2783 fore
616 2723 650 2781 nt
673 2717 714 2783 de
738 2723 847 2783 aetate
870 2716 970 2802 ipsius
993 2718 1211 2802 compilatoris
1232 2717 1407 2800 aliquando
1423 2717 1541 2784 certius
1555 2720 1688 2786 iudicari

333 2831 454 2908 posset.
499 2828 531 2887 et
553 2820 633 2885 illud
655 2820 783 2902 quidem
807 2819 887 2885 citra
909 2819 1141 2886 dubitationem
1165 2818 1314 2903 positum,
1337 2819 1525 2904 scriptorem
1548 2823 1600 2904 qui
1623 2829 1689 2886 tam

331 2927 538 3008 incorruptae
562 2922 737 2988 memoriae
759 2927 875 2987 testem
898 2940 933 2986 se
955 2927 1114 3005 praestet,
1142 2941 1214 2986 eum
1237 2941 1302 2986 nou
1330 2920 1581 3005 Byzantinorum
1604 2923 1693 3006 gregi

331 3027 563 3111 assignandum
590 3045 672 3091 esse.
703 3031 816 3090 conca
838 3024 892 3106 qui
915 3021 1029 3108 Cyrilli
1043 3021 1238 3106 Eusebiique
1253 3022 1341 3089 vices
1356 3025 1553 3108 spectaverit
1567 3024 1694 3091 cavebit

332 3149 374 3196 rre
397 3149 437 3196 ex
458 3128 680 3214 praest-antiae
703 3147 768 3192 una
790 3133 869 3192 uota
890 3132 1018 3192 aetates
1040 3125 1179 3192 rimetur.
1214 3145 1320 3210 neque
1341 3126 1502 3192 inferioris
1520 3127 1640 3192 aetatis
1660 3127 1693 3191 in

331 3231 457 3297 Galeno
487 3231 607 3296 indicia
630 3228 850 3295 dissimulabo.
894 3235 968 3294 suut
995 3229 1080 3294 euim
1109 3229 1174 3294 duo
1197 3229 1362 3314 exempla,
1396 3228 1450 3294 ubi
1483 3249 1617 3295 consors
1637 3229 1693 3294 ille

330 3339 469 3417 apparet
490 3333 744 3418 Byzantiuarum
766 3331 1062 3415 interpolationum,
1085 3349 1169 3414 quae
1191 3330 1310 3396 absunt
1331 3331 1504 3397 aratustis
1526 3332 1692 3414 exemplis.

416 3436 524 3504 1134
548 3435 747 3520 Ἀριστοτέλης
781 3431 955 3520 [mundum]
989 3432 1046 3497 οὔτ’
1084 3431 1216 3518 ἔμψυχον
1245 3433 1311 3496 ὅλον
1342 3430 1374 3495 δι’
1411 3433 1480 3496 ὅλου
1513 3431 1594 3496 οὔτε
1627 3435 1692 3517 μὴν

330 3538 563 3621 αἰσθητικόν,
589 3537 800 3620 alterspach.
846 3536 962 3601 omittit
983 3535 1050 3600 οὔτε
1072 3537 1129 3619 μὴν
1151 3535 1321 3619 αἰσθητικόν
1344 3533 1521 3617 StobaeuS,
1543 3535 1694 3614 ignorant

331 3639 490 3705 Eusebius
512 3647 544 3706 et
561 3640 712 3724 Cyrillus,
735 3647 770 3704 at
791 3645 929 3704 testatur·
949 3638 1014 3703 iam
1031 3637 1186 3721 Galenus,
1208 3643 1273 3701 tum
1296 3637 1397 3702 nostri
1421 3636 1557 3703 codices.
1592 3637 1693 3700 multo

330 3741 569 3807 memorabilius
597 3747 646 3806 ast
669 3741 743 3805 hoe:
777 3739 908 3805 11254
935 3740 1102 3824 Ξενοφάνης
1123 3738 1208 3824 νέφος
1230 3737 1301 3802 εἶναι
1330 3739 1576 3822 πεπιλημένον.
1621 3757 1694 3802 cou-

329 3844 419 3910 renit
441 3843 502 3908 hoo
525 3844 609 3909 iuter·
631 3842 806 3908 Stobaeum
828 3841 1003 3907 Eusebium
1025 3841 1175 3923 vulgatos
1201 3839 1346 3924 codices,
1376 3847 1412 3904 ut
1439 3839 1631 3924 suspicionis
1652 3859 1693 3904 ue

330 3945 518 4011 tenuissima
539 3945 669 4027 quidem
691 3943 804 4008 umbra
827 3943 1036 4026 relinquatur.
1080 3942 1225 4008 Galenus
1246 3947 1355 4006 tamen
1378 3940 1456 4023 legit
1477 3942 1694 4026 πεπυρωμένον,

329 4067 414 4130 quae
442 4047 649 4132 interpolatio
676 4065 716 4110 ex
747 4045 902 4112 memoria
929 4045 1060 4109 11203
1092 4045 1259 4130 Ξενοφάνης
1286 4041 1399 4129 [solem
1427 4041 1513 4129 oriri]
1541 4046 1574 4108 ἐκ
1599 4051 1693 4130 νεφῶν

330 4150 545 4234 πεπυρωμένων
559 4147 640 4236 [sive
656 4145 742 4229 quod
756 4146 925 4212 inferiores
939 4145 1011 4210 libri
1031 4145 1151 4212 habent
1172 4147 1257 4231 νέφος
1272 4143 1489 4232 πεπυρωμένον]
1504 4145 1691 4211 insinuavit.

328 4259 497 4336 utramque
518 4252 689 4319 lectionem
710 4250 849 4332 quodam
865 4248 962 4314 modo
978 4248 1123 4388 εοννηηρη
1135 4249 1239 4314 codex
1254 4247 1394 4332 optimus
1409 4248 1612 4330 Musquensis
1628 4245 1690 4332 [Ab

329 4391 419 4456 cuius
448 4389 620 4457 lectionem
649 4371 910 4469 πευπυρωλημένσν
942 4404 984 4450 ox
1012 4385 1218 4470 πεπυρωμένον
1250 4383 1383 4450 ridicule
1413 4381 1584 4449 conflatam
1617 4402 1691 4448 esse

403 4631 408 4660 ¹
430 4632 460 4682 ci.
480 4629 649 4682 Schusteri
667 4628 758 4692 fragm.
778 4629 899 4678 Heraclit.
920 4645 944 4692 p.
961 4626 1037 4680 119¹.

403 4715 414 4747 ²
431 4720 583 4769 seutentiam
596 4717 679 4781 praeit
691 4715 849 4765 Censorinus
866 4713 881 4767 4
897 4715 922 4766 9.
951 4717 1137 4766 Democrito
1152 4731 1226 4766 rere
1245 4715 1425 4767 Abderitae
1444 4733 1480 4766 err
1499 4732 1581 4780 aqua
1601 4717 1691 4766 limu-

330 4821 388 4870 que
408 4808 541 4870 primurn
560 4807 663 4854 uisum
682 4818 750 4852 esse
770 4803 914 4852 homiues
933 4813 1120 4866 procreatos
1139 4841 1144 4852 .
1160 4839 1166 4852 .
1181 4840 1186 4851 .
1204 4805 1365 4868 Epicurus
1455 4804 1594 4854 credidit
1614 4804 1692 4852 limo

329 4895 490 4943 calefacto
519 4903 624 4942 uteros
653 4892 761 4940 nescio
787 4907 867 4952 quos
890 4927 896 4940 .
917 4927 949 4940 ..
976 4893 1107 4954 priunum
1140 4893 1327 4940 increvisse.
1366 4891 1424 4940 binc
1454 4893 1551 4941 tentavi
1581 4891 1693 4940 συστάσει

329 4978 442 5030 λλυωδῶν
461 4979 546 5030 ἀσιτῶν
564 4996 590 5028 π.
611 4982 654 5028 τοῦ
674 4975 752 5045 ὺγροὶι
767 4976 946 5045 ζωογονοῦντος
966 4980 995 5028 ci.
1016 4981 1116 5028 Lucret.
1139 4979 1161 5025 λ’
1180 4975 1231 5027 803
1244 4993 1282 5039 sq.
1302 4977 1417 5027 sednon
1437 4979 1499 5027 mihi
1522 4979 1660 5027 satisfacio.
