3756 5736
672 437 772 487 ιοιιι
792 438 920 488 mm
937 439 973 490 ιι
991 438 1064 490 ιιι
1485 445 1549 511 275

831 508 924 536 l&

335 503 828 592 PLUTARGW
925 509 1305 598 *ῑτῖῐιοῖἒόεοαι
1323 546 1353 598 ιο
1367 556 1389 594 ιι

227 678 301 758 ζῷα,
325 672 366 737 ἔτι
389 677 421 738 δὲ
443 681 534 742 ταῦτα
555 679 592 742 τὰ
614 680 766 763 γινόμενα,
790 677 840 762 ύμ-

225 776 289 861 βροι
331 779 458 862 χάλαζαι
501 783 633 866 κεραυνοὶ
676 787 841 868 πρηστῆρες

225 879 342 962 ἄνεμοι·
370 885 461 945 ταῦτα
482 883 538 968 γὰρ
561 881 623 969 ἔχει
646 885 741 970 ἀρχήν
764 908 838 948 τινα·

226 981 261 1045 ού
273 981 328 1066 γὰρ
339 981 368 1052 ἐξ
380 985 486 1056 αἰῶνος
498 985 620 1051 ἕκαστον
632 987 741 1051 τούτων
753 987 840 1064 ἐστίν,

201 1083 291 1148 τᾶλλ’
325 1087 383 1150 ἀπύ
413 1111 488 1159 τινος
518 1091 613 1176 ἀρχῆς
641 1091 759 1174 γίνεται·
791 1090 839 1154 καὶ

225 1191 317 1252 ταῦτα
340 1189 436 1271 μέντοι
462 1191 522 1256 οίον
549 1197 614 1278 ζῷα
642 1193 717 1277 φυτὰ
743 1193 839 1278 ἀρχὴν

225 1291 365 1374 γενέσεως
387 1291 465 1379 ἔχει·
488 1294 519 1358 έν
541 1293 578 1378 δὴ
593 1293 705 1364 τούτοις
720 1291 739 1378 ἡ
755 1295 839 1379 φύσις

226 1394 304 1480 ἀρχὴ
334 1397 369 1458 τὸ
395 1395 511 1481 πρῶτύν
539 1397 600 1461 ἐστι
623 1397 671 1460 καὶ
694 1395 728 1460 οὐ
752 1397 839 1479 μόνον

225 1499 376 1582 κινήσεως,
400 1499 475 1562 ἀλλὰ
490 1500 538 1564 καὶ
553 1499 690 1584 ἠρεμίας·
715 1497 770 1563 ὅσα
785 1497 839 1583 γὰρ

191 1621 215 1658 ιο
227 1601 322 1686 ἀρχὴν
341 1603 482 1686 κινήσεως
497 1600 594 1688 ἔλαβε,
616 1605 708 1666 ταῦτα
723 1600 840 1666 δύναται

225 1705 322 1789 λαβεῖν
346 1705 394 1768 καὶ
416 1707 563 1790 τελευτήν.
590 1705 638 1768 διὰ
652 1707 738 1768 τοῦτο
754 1702 839 1788 ούνὴ

226 1807 311 1892 φύσις
326 1807 405 1892 ἀρχὴ
418 1808 561 1892 κινήσεώς
572 1807 632 1871 ἐστι
645 1806 693 1871 καὶ
705 1806 837 1892 ἠρεμίας.

286 1941 314 2030 β.
358 1941 433 2008 Τίνι
456 1944 615 2028 διαφέρει
641 1945 734 2030 ἀρχὴ
954 1941 1039 2027 Περὶ
1063 1939 1184 2026 ἀρχῶν
1207 1945 1263 2007 καλ
1287 1944 1481 2032 στοιχείων.

337 2047 394 2111 καί
418 2050 587 2132 στοιχεῖα.
617 2053 686 2108 (321

192 2186 215 2225 ιο
263 2163 300 2231 Οί
315 2165 368 2248 μὲν
383 2163 433 2229 ούν
448 2165 513 2250 περὶ
532 2162 771 2250 Ἀριστοτέλην
788 2167 837 2232 καὶ
858 2171 871 2224 1
935 2163 972 2231 Οἱ
989 2165 1041 2248 μὲν
1056 2163 1107 2228 οῦν
1121 2165 1185 2250 περὶ
1197 2163 1437 2252 Ἀριστοτέλην
1452 2168 1501 2232 καί

227 2267 400 2334 Πλάτωνα
422 2266 567 2353 διαφέρειν
589 2268 726 2351 ἡγοῦνται
741 2269 837 2355 ἀρχὴν
890 2265 1059 2332 Πλάτωνα
1082 2266 1227 2354 διαφέρειν
1249 2269 1386 2353 ἡγοῦνται
1407 2269 1501 2354 ἀρχὴν

226 2371 273 2436 καὶ
295 2373 436 2458 στοιχεῖα.
889 2370 938 2436 καὶ
961 2373 1103 2456 στοιχεῖα.

262 2471 381 2556 Θαλῆς
402 2471 435 2535 δὲ
457 2471 474 2535 ὁ
497 2468 641 2554 Μιλήσιος
666 2471 770 2538 ταύτὸν
793 2474 871 2536 νοθ
933 2470 1049 2556 Θαλῆς
1077 2468 1098 2536 θ’
1128 2472 1144 2535 ὁ
1167 2467 1311 2558 Μιλήσιος
1332 2472 1435 2538 ταύτὸν
1458 2493 1500 2535 νο·
1525 2489 1537 2527 ο

227 2573 303 2657 μίξει
317 2573 413 2658 ἀρχὴν
428 2574 476 2638 καί
492 2577 633 2658 στοιχεῖα.
655 2576 788 2638 πλεῖστον
805 2576 838 2638 δὲ
891 2573 965 2656 μίξει
993 2574 1088 2660 ἀρχὴν
1116 2573 1164 2636 καὶ
1193 2579 1324 2660 στοιχεῖα
1376 2619 1384 2635 .
1434 2616 1442 2632 ·
1493 2619 1500 2636 .

193 2675 837 2762 τούσονδιαφέρειάλλήλιον·τὰμὲνγὰρ
890 2721 898 2738 .
949 2717 956 2736 .
1002 2719 1009 2735 .
1058 2719 1066 2738 .
1113 2717 1121 2733 .
1167 2717 1175 2733 .
1220 2717 1228 2734 .
1273 2719 1281 2736 .
1326 2719 1334 2736 .
1378 2719 1386 2736 .
1436 2719 1444 2734 .
1494 2718 1502 2734 .

228 2779 360 2864 στοιχεῖά
380 2778 440 2846 ἐστι
464 2777 597 2842 σύνθετα·
621 2778 673 2849 τὰς
695 2779 728 2842 δὲ
742 2779 837 2864 ἀρχοίς
891 2820 898 2835 .
927 2819 935 2835 ·
963 2820 970 2835 ·
1000 2778 1060 2842 ἐστι
1093 2776 1233 2858 σύνθετα,
1265 2779 1316 2850 τὰς
1345 2779 1378 2844 δὲ
1407 2777 1501 2862 ἀρχάς

226 2902 322 2966 φαμεν
344 2878 416 2944 εἶναι
433 2877 500 2942 ούτε
514 2879 670 2950 συνθέτους
685 2879 753 2944 οὔτε
767 2881 836 2946 ἀπο-
888 2902 984 2966 φαμεν
998 2877 1071 2942 εἶναι
1093 2878 1160 2943 ούτε
1182 2879 1336 2950 συνθέτους
1351 2879 1419 2944 οὔτε
1433 2881 1502 2944 ἀπο-

225 2983 397 3065 τελέσματα·
413 2981 473 3044 οἷον
485 2984 616 3066 στοιχεῖα
629 2983 681 3064 μὲν
692 2985 837 3065 καλοῦμεν
888 2981 1059 3064 τελέσματα·
1076 2981 1137 3046 οἷον
1148 2987 1278 3067 στοιχεῖα
1292 2983 1343 3066 μὲν
1357 2985 1500 3064 καλοῦμεν
1514 3001 1536 3039 1⁰

227 3089 280 3169 γῆν
304 3085 381 3168 ῦδωρ
404 3082 477 3168 ἀέρα
498 3087 566 3170 πῦρ,
589 3085 684 3170 ἀρχὰς
706 3083 739 3148 δὲ
759 3085 838 3169 λέγο-
888 3087 942 3167 γῆν
965 3083 1043 3168 ύδιιιρ
1066 3084 1139 3169 ἀέρα
1160 3089 1229 3169 πῦρ,
1251 3085 1345 3170 ἀρχὰς
1367 3085 1400 3148 δὲ
1421 3083 1498 3168 λέγο-
1557 3101 1559 3106 ·

191 3205 215 3244 νο
228 3210 280 3270 μεν
302 3185 350 3250 διὰ
371 3189 472 3265 τοῦτο,
495 3185 538 3250 ὅτι
561 3185 615 3250 οῦκ
637 3185 700 3274 ἔχει
722 3211 748 3252 τι
770 3187 837 3273 πρύ-
890 3209 942 3268 μεν
969 3185 1017 3250 διὰ
1042 3187 1076 3250 τὸ
1098 3187 1182 3251 οὐδὲν
1206 3184 1284 3274 ἔχειν
1310 3188 1448 3272 πρότερον
1471 3185 1501 3256 ἐξ

225 3311 307 3372 τερον
330 3286 360 3356 ἐξ
383 3287 417 3351 οῦ
439 3291 581 3371 γεννᾶται,
604 3289 666 3352 ἐπεὶ
685 3289 738 3353 οῦκ
756 3287 837 3354 ἔσται
889 3286 924 3352 οὔ
954 3289 1101 3370 γεννᾶται,
1134 3288 1197 3351 ἐπεὶ
1227 3287 1281 3352 ούιι
1309 3286 1390 3352 ἔσται
1421 3289 1500 3375 ἀρχὴ

226 3391 306 3476 ἀρχὴ
328 3393 425 3467 τοῦτο,
447 3389 522 3454 ἀλλὰ
536 3391 629 3454 έκεῖνο
652 3391 682 3461 ἐξ
704 3391 739 3456 οῦ
757 3392 837 3475 γεγέ-
889 3389 1015 3476 (τοῦτο),
1042 3388 1105 3454 ἀλλ’
1133 3389 1226 3455 έκεῖνο
1252 3390 1282 3461 ἐξ
1304 3390 1338 3454 οῦ
1360 3394 1501 3473 γεννᾶται.

225 3516 318 3577 ντγται.
338 3497 391 3576 τῆς
406 3493 438 3555 δὲ
452 3495 506 3576 γῆς
528 3493 576 3556 καὶ
591 3497 644 3556 τοῦ
659 3494 762 3565 θθατύς
776 3495 839 3558 έστί
889 3497 942 3577 τῆς
964 3494 998 3556 δὲ
1018 3498 1073 3577 γῆς
1095 3493 1144 3556 καὶ
1165 3496 1217 3556 τοῦ
1240 3492 1344 3563 ύδατύς
1362 3493 1425 3556 έστί
1438 3516 1500 3557 τινα
1513 3513 1537 3550 ιο

225 3618 288 3657 τινα
312 3593 438 3678 πρότερα
464 3593 495 3663 έί
521 3595 562 3658 ὧν
584 3589 711 3681 γέγονεν,
739 3599 758 3681 ἡ
783 3597 837 3681 ῦλη
890 3595 1028 3680 πρότερον
1051 3594 1080 3664 ἐξ
1096 3595 1137 3658 ὦν
1154 3595 1278 3678 γέγονεν,
1300 3597 1354 3678 ύλη
1370 3595 1501 3680 ἄμορφος

191 3697 358 3781 οοοίμορφος
372 3695 446 3760 οῦσα
460 3695 508 3759 καὶ
525 3696 624 3782 ἀειδὴς
639 3699 687 3762 καί
702 3699 735 3762 τθ
751 3697 838 3777 εἶδος,
888 3697 937 3761 καὶ
960 3696 1096 3767 ἀνείδεος.
1140 3745 1148 3762 .
1194 3744 1202 3760 .
1249 3745 1268 3764 ..
1300 3745 1309 3762 .
1355 3746 1363 3762 .
1399 3745 1407 3763 .
1446 3745 1454 3762 .
1492 3746 1500 3764 .

225 3799 241 3862 θ
264 3801 409 3880 καλοῦμεν
424 3797 614 3884 ἐντελέχειαν,
636 3802 684 3865 καὶ
700 3802 720 3884 ἡ
738 3801 837 3886 στέρη-

218 3986 234 4038 θ
258 3984 309 4072 ‘12¹
336 3983 417 4054 ἀρχήν
442 3987 503 4038 ΑΒι
532 3989 622 4038 ordine
645 3991 749 4040 inverso
776 3991 797 4042 Ο
822 3989 834 4059 Η
924 3991 1047 4044 ltitulus
1065 4000 1154 4042 auctus
1167 3999 1206 4042 εει
1223 3993 1317 4044 additis
1335 3989 1379 4042 καὶ
1396 3991 1441 4042 τοῦ
1453 3990 1544 4048 παντός

182 4075 198 4126 7
221 4073 339 4142 γενέσεως
360 4075 396 4124 B:
423 4073 555 4140 γιννέσιιιις
577 4075 616 4125 Δι
640 4073 776 4144 γεννήσεως
802 4079 836 4128 C:
925 4081 1088 4132 ssintercidit
1105 4075 1218 4129 πλεῖστον
1236 4075 1263 4128 δέ
1278 4072 1334 4129 ύσον
1348 4075 1456 4147 διαφέρει
1468 4077 1543 4148 ἀλλή-

182 4159 304 4229 ιιινλσιιος
323 4162 390 4210 coni.
410 4160 533 4212 Cominus
557 4156 570 4228 Η
594 4159 625 4230 δὴ
645 4163 711 4214 AB:
733 4163 760 4215 δὲ
780 4165 801 4215 C
822 4161 834 4232 ΙΙ
888 4165 949 4218 λων.
967 4165 999 4218 τὰ
1017 4164 1062 4234 μὲν
1080 4163 1126 4236 γὰρ
1145 4165 1253 4234 στοιχεῖά

182 4249 199 4302 8
226 4246 292 4318 ἀργὴ
318 4245 344 4298 δὲ
365 4244 487 4316 κινήσεως
512 4247 564 4300 ίστὶ
588 4257 647 4313 post
670 4249 722 4302 έσπι
749 4269 836 4303 erroro
927 4253 959 4306 14
976 4254 1051 4304 τοῦτο
1072 4263 1132 4318 μοστ
1155 4249 1221 4320 ἀρχὴ
1243 4251 1340 4316 addidi,
1365 4254 1467 4304 Heeren
1485 4263 1544 4319 post

182 4355 214 4390 ex
232 4355 256 4388 ι.
275 4333 306 4387 12
324 4338 434 4400 repetita
451 4336 546 4387 habent
563 4337 624 4387 AB:
643 4347 712 4390 caret
730 4340 801 4390 οἱοῦ
822 4335 834 4406 λλ
889 4337 957 4392 ἔσται

185 4425 217 4478 10
229 4418 403 4490 θύνανταιΒγί
421 4420 452 4474 λθ
464 4421 515 4474 έστι
527 4423 588 4474 Ae:
603 4421 712 4492 οοι.ΒΙΙ
726 4425 758 4478 14
772 4441 836 4478 στοι-
927 4429 957 4482 16
981 4429 1099 4481 Platonis
1128 4427 1213 4476 locum
1235 4428 1302 4476 Tim.
1324 4443 1350 4492 ρ.
1362 4427 1421 4482 3οΛ
1450 4429 1544 4479 adiecit

183 4517 238 4582 χιῖα
251 4513 323 4565 GAB
339 4508 414 4572 [ind.,
432 4513 459 4561 in
469 4519 592 4562 contextu
604 4513 791 4578 oblitteratum]
805 4515 836 4564 ot
888 4516 1016 4568 Stobaeus

183 4620 207 4652 v.
219 4601 263 4652 17:
281 4597 433 4666 στοιχιῖονῦ
448 4600 526 4662 vulgo
543 4607 569 4648 et
584 4600 685 4650 ΡιιοΙΙοε
702 4599 734 4649 de
748 4599 836 4649 omnis.

182 4689 264 4748 doctr.
281 4703 303 4737 c.
315 4684 349 4739 59
369 4681 381 4752 Η
400 4682 434 4736 22
446 4682 635 4753 ἀποτελέσματα
645 4687 727 4750 (AB):
746 4685 835 4738 ἀποτέ·

180 4773 260 4840 λεσμα
270 4774 291 4825 G
303 4801 334 4810 -
346 4775 378 4824 cf.
389 4775 461 4825 Prol.
473 4791 498 4839 p.
507 4772 557 4825 100
572 4769 585 4840 λλ
600 4772 633 4826 26
643 4777 755 4841 γεννᾶται
765 4801 798 4810 -
809 4769 834 4831 ἐξ

182 4857 211 4911 οῦ
230 4861 316 4912 οιο.Β
337 4856 350 4926 Η
375 4857 408 4912 27
427 4859 555 4930 γεγένηται
567 4860 674 4923 (A)BG:
693 4859 835 4928 γεγέννηται

180 4949 304 4998 Cominus
329 4942 342 5014 λλ
367 4945 401 5000 29
425 4945 531 5016 πρότερα
555 4947 615 4998 Ae:
639 4945 757 5016 πρότερον
775 4948 798 4998 Β
819 4944 830 5012 {l

181 5032 213 5084 31
234 5029 247 5084 ὃ
265 5033 328 5085 BC:
348 5029 378 5100 ἣν
397 5037 421 5084 Α
497 5071 506 5076 -
