3710 5730
344 376 387 442 4⁸2
595 379 622 427 lI
658 377 707 427 bn
727 374 995 427 Pn'U'r'aRcflnsn
1014 371 1200 425 nrlnonns
1219 368 1454 420 EDITIONIBUS

345 548 554 613 Plutarchum
563 545 800 613 emendandum
808 543 978 608 contulerit
988 541 1082 624 homo
1095 541 1127 606 in
1140 539 1341 626 philosophis
1353 535 1484 604 minime
1497 536 1703 620 exercitatus,

345 649 413 716 fieri
435 670 501 716 non
529 657 637 734 potest
664 647 741 731 quin
767 645 868 713 divini
897 644 984 710 illius
1009 641 1131 725 ingenii
1154 639 1341 713 felicitatem
1365 657 1431 717 no11
1453 644 1623 712 audemus
1645 641 1704 706 sed

345 752 548 818 admiremur.
584 751 726 818 concedo
742 768 893 832 magnam
909 753 1034 832 partem
1051 745 1304 814 coniecturarum
1323 757 1445 820 temere
1467 751 1584 826 susam,
1607 748 1706 812 maio-

345 874 413 921 rem
434 873 456 919 a
477 854 638 938 prioribus
659 859 880 938 praereptam,
904 849 1058 934 plurimas
1080 867 1101 913 a
1122 849 1310 916 melioribus
1332 837 1422 920 libris
1445 855 1494 940 (ut
1515 857 1549 922 in
1571 859 1705 926 Placitis

344 955 584 1041 aMosquensi)
607 953 812 1020 confirmatas
839 973 927 1037 esse,
958 957 1082 1018 restant
1111 957 1159 1016 tot
1189 957 1222 1017 et
1248 953 1346 1039 tales,
1375 963 1410 1022 ut
1440 965 1474 1024 ot
1500 961 1706 1028 multitudine

345 1065 377 1124 ct
404 1059 582 1142 sagacitate
611 1057 786 1140 quemlibet
815 1055 910 1120 facile
945 1054 1127 1120 antecellat.
1162 1053 1249 1136 quod
1277 1077 1319 1123 ne
1347 1065 1469 1128 amere
1496 1081 1549 1128 me
1578 1063 1705 1146 opinari

345 1169 448 1246 putes,
472 1161 633 1246 perlustra
655 1158 811 1224 Hercheri
840 1155 1081 1222 luculentissimi
1111 1156 1342 1226 existimatoris
1371 1163 1524 1229 volumen
1553 1166 1705 1248 primum:

344 1263 465 1332 centies
480 1263 612 1329 Reiskei
634 1269 744 1326 notam
766 1259 920 1342 invenies,
944 1257 1093 1340 sexagies
1116 1257 1184 1324 iere
1199 1279 1318 1327 nomen
1340 1263 1409 1330 eius
1431 1265 1502 1350 riri,
1525 1267 1579 1350 qui
1603 1274 1705 1334 totam

346 1367 445 1432 vitam
467 1364 643 1432 Plutarcho
667 1361 870 1430 emendando
900 1368 933 1427 et
959 1361 1152 1426 illustrando
1175 1361 1406 1432 dedicaverat·
1439 1369 1496 1434 sed
1519 1370 1706 1454 priusquam

345 1467 676 1552 Wyttenbaohianam
703 1463 890 1546 aggrediar,
921 1462 1087 1528 laudanda
1113 1469 1163 1528 est
1194 1462 1268 1529 Chr.
1292 1465 1419 1534 Daniel.
1448 1470 1585 1537 Beckii
1613 1473 1707 1539 sadu-

344 1569 429 1634 litas.
463 1568 516 1652 qui
547 1567 738 1633 Corsiniana
767 1565 907 1630 maxime
937 1571 969 1629 et
991 1563 1177 1630 Reiskeana
1205 1587 1282 1631 usus
1304 1567 1477 1636 editionem
1501 1576 1708 1658 compendia·

343 1673 424 1736 dam
460 1671 537 1736 lecit
566 1669 656 1734 brevi
686 1667 899 1734 adnotatione
931 1666 1060 1732 adiecta
1090 1667 1179 1752 Lips.
1203 1669 1295 1734 1787.
1330 1670 1402 1753 quis
1428 1675 1540 1741 credat
1567 1678 1705 1744 eundern

346 1773 401 1856 qui
426 1772 581 1856 optimum
603 1770 745 1836 codicem
761 1772 789 1834 A
805 1790 871 1834 non
886 1770 990 1834 solum
1013 1770 1227 1854 excerpsisset
1249 1773 1306 1838 sed
1329 1772 1427 1839 otiam
1451 1785 1537 1844 reete
1559 1779 1710 1846 aestima-

344 1877 461 1959 visset,
489 1875 622 1956 vulgata
644 1872 849 1956 acquiescere
871 1871 1044 1940 maluisse?
1066 1893 1130 1938 non
1153 1874 1243 1940 nulla
1265 1881 1374 1942 tamen
1396 1877 1465 1943 eius
1487 1879 1616 1962 ingenio
1639 1884 1707 1948 lau-

342 1979 492 2044 dabiliter
514 1975 700 2058 excogitata
722 1981 807 2058 sunt,
836 1993 920 2058 quae
935 1975 1100 2058 pueriliter
1122 1996 1221 2060 saepe
1244 1979 1395 2061 peccarit,
1419 1985 1528 2048 tacere
1549 1993 1705 2066 praestat.

416 2082 485 2166 lam
501 2099 578 2146 vero
593 2079 713 2144 Daniel
728 2077 1060 2163 wyttenbachius
1076 2085 1151 2162 post
1164 2079 1362 2148 indefessum
1379 2083 1519 2166 quinque
1534 2086 1707 2152 lustrorum

343 2183 489 2250 laborem
505 2181 713 2248 Plutarchum
728 2181 784 2246 diu
801 2187 1025 2264 exspectatum
1040 2177 1152 2264 edidit,
1176 2182 1267 2248 cuius
1290 2191 1312 2248 t.
1327 2183 1372 2248 IV
1388 2185 1516 2251 Placita
1537 2190 1707 2258 continens

343 2287 461 2370 prodiit
484 2285 579 2350 1797.
607 2290 738 2367 praeter
761 2284 943 2350 versionem
965 2283 1098 2348 latinam
1123 2291 1280 2368 quotquot
1301 2292 1368 2352 tum
1390 2293 1469 2353 nota
1493 2297 1587 2356 crant
1607 2311 1705 2358 manu

342 2389 462 2473 scripta
476 2387 648 2454 versiones
664 2386 823 2452 editiones
839 2385 1083 2452 emendationes
1099 2393 1253 2470 excerpta
1264 2387 1408 2454 subiecit.
1432 2389 1542 2456 nescio
1558 2392 1635 2474 quid
1649 2394 1706 2460 alii

344 2491 496 2576 sentiant,
518 2529 562 2540 -
585 2512 690 2576 neque
712 2491 753 2557 de
775 2489 891 2556 ceteris
913 2487 1064 2552 iudicium
1087 2487 1156 2554 iero
1172 2525 1213 2536 ·—
1229 2490 1262 2554 in
1284 2490 1463 2558 subditiciis
1484 2500 1593 2560 autem
1615 2495 1707 2562 libris

342 2595 533 2680 praesertim
560 2596 594 2660 in
624 2593 758 2660 Placitis
786 2592 885 2658 multo
914 2590 1020 2656 minus
1049 2591 1225 2674 praestitit,
1261 2612 1358 2674 quam
1391 2601 1425 2659 et
1451 2595 1564 2662 debuit
1587 2598 1643 2664 ills
1671 2607 1706 2665 et

343 2698 455 2782 potuit.
487 2699 533 2764 nil
555 2697 628 2763 dico
651 2697 692 2764 de
713 2695 835 2778 ingenii
856 2692 1031 2776 felicitate,
1058 2713 1142 2778 quae
1169 2712 1275 2776 neque
1302 2695 1380 2760 data
1407 2703 1457 2762 est
1484 2698 1615 2768 cuilibet
1641 2723 1704 2770 nec

343 2808 501 2885 perpetua
522 2819 595 2867 esse
617 2801 716 2884 solet,
739 2805 773 2864 at
795 2795 947 2862 iudicium
969 2795 1129 2880 desidero,
1152 2797 1239 2880 quod
1260 2795 1293 2862 in
1315 2796 1457 2864 lloiskeo
1477 2819 1544 2866 non
1566 2803 1702 2872 infuisse

343 2903 414 2986 ipse
436 2905 679 2986 vituperaverat
693 2903 709 2968 I
731 2923 762 2984 p.
779 2919 887 2962 orxrx.
911 2917 954 2962 an
969 2897 1049 2963 illud
1064 2906 1114 2965 est
1127 2897 1290 2983 iudicium,
1312 2899 1398 2981 quod
1413 2920 1485 2966 curn
1500 2902 1703 2989 illosquensis

342 3006 533 3088 scripturam
556 3005 653 3071 toties
674 3001 882 3083 adscriberet,
905 3000 1055 3066 eximiam
1078 3001 1148 3066 eius
1162 3000 1396 3084 praestantiam
1416 3009 1571 3087 tanquam
1594 3007 1702 3092 lippus

342 3109 431 3172 nullo
464 3109 559 3174 modo
590 3105 780 3192 perspexit?
812 3109 984 3186 praeterea
1014 3103 1206 3169 selectarum
1241 3101 1416 3168 lectionum
1450 3103 1700 3192 haudquaquam

342 3218 432 3275 certa
454 3217 504 3276 cst
527 3210 617 3294 fides,
641 3207 727 3291 quod
750 3207 792 3272 de
806 3205 962 3271 Parisinis
982 3205 1179 3272 codicibusa
1195 3206 1311 3272 'lhevio
1328 3206 1349 3270 l.
1365 3225 1391 3270 c
1415 3208 1571 3274 monihrm
1594 3212 1700 3278 rideo.

341 3319 594 3378 consentaneum
617 3319 666 3377 est
688 3309 937 3375 eruditissimum
953 3307 1116 3374 hominem
1131 3306 1219 3372 haud
1233 3327 1339 3391 pauca
1354 3309 1483 3392 egregie
1500 3313 1700 3382 emendasse.
1742 3335 1744 3337 ·

341 3413 399 3478 sed
414 3433 519 3496 neque
534 3420 660 3481 tantum
682 3411 829 3496 proiecit,
851 3415 1006 3492 quantum
1022 3408 1203 3491 exspectari
1219 3417 1348 3493 poterat
1370 3419 1403 3477 et
1425 3413 1482 3478 tali
1506 3417 1702 3482 verecundia

341 3522 440 3598 atque
462 3517 546 3582 adeo
570 3515 742 3581 timiditate
764 3513 925 3598 proponit,
948 3518 983 3577 ut
1005 3511 1066 3594 ipsi
1089 3510 1213 3578 diffisus
1236 3532 1308 3578 esse
1330 3531 1429 3596 saepe
1451 3513 1611 3583 videatur.

432 3620 511 3684 Post
525 3617 811 3682 Tauchnitzianam
827 3613 992 3699 perpetuis
1008 3612 1095 3697 typis
1110 3633 1129 3679 e
1144 3612 1441 3699 Wyttenbaohiana
1464 3636 1529 3682 non
1551 3618 1700 3703 imperite

339 3739 526 3802 expressam
549 3720 661 3784 ultimo
685 3720 756 3784 loco
779 3717 956 3784 Didotiana
978 3715 1178 3782 nominanda
1200 3723 1257 3782 cst.
1289 3716 1458 3784 Moralium
1482 3725 1504 3784 t.
1526 3719 1559 3784 ll
1581 3722 1701 3805 prodiit

340 3822 472 3888 Parisiis
489 3823 581 3888 1856.
615 3821 807 3886 Duebnerus
822 3817 1119 3904 Wyttenbachiana
1134 3838 1210 3884 usus
1227 3825 1286 3902 est,
1313 3839 1410 3902 quam
1425 3821 1468 3886 sd
1484 3820 1580 3888 Conti
1600 3843 1699 3908 appa

339 3929 443 3988 ratum
465 3924 638 4007 praecipue
660 3923 703 3988 ad
726 3921 750 3988 O
774 3922 890 4004 [Paris.
910 3922 951 4004 E]
974 3921 1115 3988 correxit
1136 3922 1221 3986 ultra
1243 3921 1388 3988 codicum
1411 3921 1603 4006 scripturam
1626 3947 1699 3993 raro

339 4043 538 4106 progressus.
577 4045 616 4091 ea
639 4025 763 4090 ratione
786 4025 888 4089 multa
911 4023 1093 4106 castigavit,
1117 4024 1212 4106 plura
1234 4023 1436 4108 proiecturus
1458 4019 1520 4091 nisi
1543 4029 1698 4094 stolium

338 4124 494 4190 defuisset
515 4135 548 4192 et
570 4128 719 4194 editionis
741 4126 921 4191 institutum
944 4125 1172 4209 prohibuisset.

415 4229 494 4293 Post
511 4231 595 4296 tales
607 4237 741 4296 conatus
754 4227 781 4294 si
794 4227 872 4292 mihi
886 4247 992 4310 neque
1003 4227 1133 4308 ingenio
1145 4249 1250 4310 neque
1262 4229 1443 4296 eruditione
1455 4250 1527 4296 cum
1539 4231 1604 4296 illis
1617 4253 1701 4298 oom-

338 4331 486 4412 parando
502 4330 669 4413 aliquanto
685 4331 779 4414 plura
794 4330 969 4395 emendare
984 4329 1129 4414 contigit,
1151 4331 1255 4396 omnis
1270 4331 1343 4396 laus
1359 4331 1419 4397 erit
1433 4333 1467 4396 in
1483 4331 1698 4400 subsidiorum

338 4439 427 4497 recto
449 4452 519 4522 usn,
543 4433 596 4516 qui
620 4451 659 4498 ex
685 4433 745 4498 hac
768 4432 810 4496 de
832 4432 997 4498 Plutarchi
1019 4431 1174 4496 memoria
1195 4431 1419 4516 disquisitione
1442 4434 1630 4501 utilissimus
1653 4459 1699 4503 rc-

337 4533 494 4600 dundavit
526 4533 658 4600 fructus.
709 4535 774 4600 duo
816 4539 923 4600 autem
957 4541 1032 4599 sunt
1064 4533 1253 4600 recensendi
1287 4533 1453 4600 Plutarchi
1486 4535 1701 4604 instrumenta

337 4637 380 4681 -'-
395 4643 524 4719 practer
540 4637 690 4702 similium
710 4636 863 4702 librorum
879 4645 914 4702 ut
930 4635 1063 4703 Stobaei
1079 4636 1279 4720 aliorumque
1294 4637 1568 4721 comparationem
1584 4639 1700 4722 quihus

337 4739 485 4806 dextram
508 4739 662 4822 cuiusque
685 4739 827 4823 paginae
849 4746 975 4824 partem
997 4738 1159 4804 destinavi
1181 4775 1224 4784 —
1247 4759 1345 4804 unum
1368 4739 1529 4806 recentius
1551 4761 1592 4806 ex
1614 4742 1701 4808 codi-

338 4841 428 4904 cibus
450 4841 636 4925 petendum,
660 4841 745 4906 inter
761 4862 842 4922 quos
856 4841 939 4906 ABC
956 4841 1134 4925 archetypo
1153 4841 1317 4923 proximos
1339 4860 1379 4906 ex
1403 4847 1582 4907 ceterorum
1605 4845 1701 4909 turba

337 4944 506 5026 segregari
540 4951 572 5007 et
606 4953 757 5007 accurate
784 4943 868 5007 infra
901 4944 1032 5010 enotavi
1065 4943 1191 5007 omissis
1221 4947 1409 5028 plerumque
1442 4944 1700 5031 orthographicis
