<?xml version="1.0" encoding="UTF-8"?>
<!DOCTYPE html PUBLIC "-//W3C//DTD XHTML 1.0 Transitional//EN"
    "http://www.w3.org/TR/xhtml1/DTD/xhtml1-transitional.dtd">
<html xmlns="http://www.w3.org/1999/xhtml" xml:lang="en" lang="en">
 <head>
  <title>
</title>
<meta http-equiv="Content-Type" content="text/html;charset=utf-8" />
  <meta name='ocr-system' content='tesseract 3.04.00' />
  <meta name='ocr-capabilities' content='ocr_page ocr_carea ocr_par ocr_line ocrx_word'/>
</head>
<body>
  <div class='ocr_page' id='page_1' title='image "./doxographigraec01dielgoog/doxographigraec01dielgoog_0056.png"; bbox 0 0 3710 5730; ppageno 0'>
   <div class='ocr_carea' id='block_1_1' title="bbox 680 409 957 461">
    <p class='ocr_par' dir='ltr' id='par_1_1' title="bbox 680 409 957 461">
     <span class='ocr_line' id='line_1_1' title="bbox 680 409 957 461; baseline -0.011 0"><span class='ocrx_word' id='word_1_1' title='bbox 680 409 957 461; x_wconf 80' lang='lat' dir='ltr'><strong>PROLEGOMENA</strong></span> 
     </span>
    </p>
   </div>
   <div class='ocr_carea' id='block_1_2' title="bbox 384 645 1245 707">
    <p class='ocr_par' dir='ltr' id='par_1_2' title="bbox 384 645 1245 707">
     <span class='ocr_line' id='line_1_2' title="bbox 384 645 1245 707; baseline -0.006 0"><span class='ocrx_word' id='word_1_2' title='bbox 384 653 415 707; x_wconf 94' lang='grc' dir='ltr'>Π</span> <span class='ocrx_word' id='word_1_3' title='bbox 450 651 499 707; x_wconf 84' lang='lat' dir='ltr'><strong>BE</strong></span> <span class='ocrx_word' id='word_1_4' title='bbox 516 647 780 707; x_wconf 64' lang='lat' dir='ltr'><strong>hemnacum</strong></span> <span class='ocrx_word' id='word_1_5' title='bbox 797 648 981 706; x_wconf 72' lang='lat' dir='ltr'><strong>armenas</strong></span> <span class='ocrx_word' id='word_1_6' title='bbox 998 645 1245 704; x_wconf 72' lang='lat' dir='ltr'><strong>emmanuelis</strong></span> 
     </span>
    </p>
   </div>
   <div class='ocr_carea' id='block_1_3' title="bbox 135 787 1499 4046">
    <p class='ocr_par' dir='ltr' id='par_1_3' title="bbox 135 787 1498 1675">
     <span class='ocr_line' id='line_1_3' title="bbox 219 787 1496 875; baseline -0.007 -17"><span class='ocrx_word' id='word_1_7' title='bbox 219 793 392 860; x_wconf 82' lang='lat' dir='ltr'><strong>Moralium</strong></span> <span class='ocrx_word' id='word_1_8' title='bbox 421 790 572 875; x_wconf 86' lang='lat' dir='ltr'><strong>princeps</strong></span> <span class='ocrx_word' id='word_1_9' title='bbox 594 790 693 857; x_wconf 91' lang='lat' dir='ltr'><strong>editio</strong></span> <span class='ocrx_word' id='word_1_10' title='bbox 716 809 802 855; x_wconf 88' lang='lat' dir='ltr'><strong>anno</strong></span> <span class='ocrx_word' id='word_1_11' title='bbox 826 791 909 856; x_wconf 85' lang='grc'><strong>1509</strong></span> <span class='ocrx_word' id='word_1_12' title='bbox 930 790 1050 874; x_wconf 90' lang='lat' dir='ltr'><strong>prodiit</strong></span> <span class='ocrx_word' id='word_1_13' title='bbox 1077 790 1165 875; x_wconf 84' lang='lat' dir='ltr'><strong>typis</strong></span> <span class='ocrx_word' id='word_1_14' title='bbox 1186 787 1343 852; x_wconf 86' lang='lat' dir='ltr'><strong>Aldinis</strong></span> <span class='ocrx_word' id='word_1_15' title='bbox 1366 807 1406 852; x_wconf 82' lang='lat' dir='ltr'><strong>ox</strong></span> <span class='ocrx_word' id='word_1_16' title='bbox 1428 788 1496 850; x_wconf 92' lang='lat' dir='ltr'><strong>vul·</strong></span> 
     </span>
     <span class='ocr_line' id='line_1_4' title="bbox 135 886 1496 980; baseline -0.007 -18"><span class='ocrx_word' id='word_1_17' title='bbox 135 896 221 980; x_wconf 89' lang='lat' dir='ltr'><strong>gatis</strong></span> <span class='ocrx_word' id='word_1_18' title='bbox 252 893 417 960; x_wconf 86' lang='lat' dir='ltr'><strong>codicibus</strong></span> <span class='ocrx_word' id='word_1_19' title='bbox 445 893 579 959; x_wconf 88' lang='lat' dir='ltr'><strong>Venetis</strong></span> <span class='ocrx_word' id='word_1_20' title='bbox 607 899 642 956; x_wconf 89' lang='lat' dir='ltr'><strong>ut</strong></span> <span class='ocrx_word' id='word_1_21' title='bbox 669 892 797 958; x_wconf 87' lang='lat' dir='ltr'><strong>videtur</strong></span> <span class='ocrx_word' id='word_1_22' title='bbox 823 891 893 979; x_wconf 87' lang='lat' dir='ltr'><strong>[sed</strong></span> <span class='ocrx_word' id='word_1_23' title='bbox 916 891 954 958; x_wconf 87' lang='lat' dir='ltr'><strong>cf.</strong></span> <span class='ocrx_word' id='word_1_24' title='bbox 979 893 1064 957; x_wconf 81' lang='lat' dir='ltr'><strong>&#39;lheu</strong></span> <span class='ocrx_word' id='word_1_25' title='bbox 1087 912 1142 956; x_wconf 85' lang='lat' dir='ltr'><strong>nur</strong></span> <span class='ocrx_word' id='word_1_26' title='bbox 1164 889 1272 974; x_wconf 88' lang='lat' dir='ltr'><strong>gesoh.</strong></span> <span class='ocrx_word' id='word_1_27' title='bbox 1295 911 1325 973; x_wconf 89' lang='lat' dir='ltr'><strong>p.</strong></span> <span class='ocrx_word' id='word_1_28' title='bbox 1342 886 1421 975; x_wconf 84' lang='lat' dir='ltr'><strong>xvir]</strong></span> <span class='ocrx_word' id='word_1_29' title='bbox 1444 907 1496 954; x_wconf 83' lang='lat' dir='ltr'><strong>ex-</strong></span> 
     </span>
     <span class='ocr_line' id='line_1_5' title="bbox 136 989 1496 1082; baseline -0.005 -20"><span class='ocrx_word' id='word_1_30' title='bbox 136 1017 259 1082; x_wconf 90' lang='lat' dir='ltr'><strong>pressa.</strong></span> <span class='ocrx_word' id='word_1_31' title='bbox 298 1016 363 1079; x_wconf 89' lang='lat' dir='ltr'><strong>qua</strong></span> <span class='ocrx_word' id='word_1_32' title='bbox 384 995 591 1061; x_wconf 71' lang='lat' dir='ltr'><strong>accuratione</strong></span> <span class='ocrx_word' id='word_1_33' title='bbox 612 995 798 1061; x_wconf 86' lang='lat' dir='ltr'><strong>Demetrius</strong></span> <span class='ocrx_word' id='word_1_34' title='bbox 820 994 985 1062; x_wconf 78' lang='lat' dir='ltr'><strong>Cretensis</strong></span> <span class='ocrx_word' id='word_1_35' title='bbox 1006 993 1082 1059; x_wconf 83' lang='lat' dir='ltr'><strong>Aldi</strong></span> <span class='ocrx_word' id='word_1_36' title='bbox 1097 992 1233 1057; x_wconf 84' lang='lat' dir='ltr'><strong>Manutii</strong></span> <span class='ocrx_word' id='word_1_37' title='bbox 1254 989 1394 1056; x_wconf 83' lang='lat' dir='ltr'><strong>famulus</strong></span> <span class='ocrx_word' id='word_1_38' title='bbox 1416 991 1496 1055; x_wconf 91' lang='lat' dir='ltr'><strong>illud</strong></span> 
     </span>
     <span class='ocr_line' id='line_1_6' title="bbox 136 1092 1497 1182; baseline -0.008 -15"><span class='ocrx_word' id='word_1_39' title='bbox 136 1098 301 1182; x_wconf 86' lang='lat' dir='ltr'><strong>negotium</strong></span> <span class='ocrx_word' id='word_1_40' title='bbox 322 1097 461 1181; x_wconf 78' lang='lat' dir='ltr'>gesserit</span> <span class='ocrx_word' id='word_1_41' title='bbox 483 1096 752 1182; x_wconf 78' lang='lat' dir='ltr'><strong>wyttenbachius</strong></span> <span class='ocrx_word' id='word_1_42' title='bbox 773 1099 789 1162; x_wconf 96' lang='grc' dir='ltr'>Ι</span> <span class='ocrx_word' id='word_1_43' title='bbox 812 1119 841 1182; x_wconf 88' lang='lat' dir='ltr'><strong>p.</strong></span> <span class='ocrx_word' id='word_1_44' title='bbox 858 1119 964 1160; x_wconf 84' lang='lat' dir='ltr'><strong>nxxuv</strong></span> <span class='ocrx_word' id='word_1_45' title='bbox 987 1117 1101 1181; x_wconf 91' lang='lat' dir='ltr'><strong>parum</strong></span> <span class='ocrx_word' id='word_1_46' title='bbox 1123 1095 1240 1162; x_wconf 91' lang='lat' dir='ltr'><strong>acriter</strong></span> <span class='ocrx_word' id='word_1_47' title='bbox 1265 1093 1427 1159; x_wconf 88' lang='lat' dir='ltr'><strong>iudicasse</strong></span> <span class='ocrx_word' id='word_1_48' title='bbox 1452 1092 1497 1158; x_wconf 92' lang='lat' dir='ltr'><strong>vi-</strong></span> 
     </span>
     <span class='ocr_line' id='line_1_7' title="bbox 137 1196 1497 1284; baseline -0.004 -18"><span class='ocrx_word' id='word_1_49' title='bbox 137 1202 240 1266; x_wconf 87' lang='lat' dir='ltr'><strong>detur.</strong></span> <span class='ocrx_word' id='word_1_50' title='bbox 284 1205 412 1266; x_wconf 89' lang='lat' dir='ltr'><strong>constat</strong></span> <span class='ocrx_word' id='word_1_51' title='bbox 441 1198 526 1264; x_wconf 91' lang='lat' dir='ltr'><strong>enim</strong></span> <span class='ocrx_word' id='word_1_52' title='bbox 554 1198 700 1264; x_wconf 88' lang='lat' dir='ltr'><strong>codicum</strong></span> <span class='ocrx_word' id='word_1_53' title='bbox 727 1200 846 1265; x_wconf 89' lang='lat' dir='ltr'><strong>menda</strong></span> <span class='ocrx_word' id='word_1_54' title='bbox 874 1199 1161 1266; x_wconf 80' lang='lat' dir='ltr'><strong>innumerabilibus</strong></span> <span class='ocrx_word' id='word_1_55' title='bbox 1188 1196 1378 1284; x_wconf 77' lang='lat' dir='ltr'><strong>typothetae</strong></span> <span class='ocrx_word' id='word_1_56' title='bbox 1400 1203 1497 1261; x_wconf 89' lang='lat' dir='ltr'><strong>aucta</strong></span> 
     </span>
     <span class='ocr_line' id='line_1_8' title="bbox 138 1297 1496 1388; baseline -0.004 -20"><span class='ocrx_word' id='word_1_57' title='bbox 138 1323 219 1370; x_wconf 87' lang='lat' dir='ltr'><strong>esse.</strong></span> <span class='ocrx_word' id='word_1_58' title='bbox 263 1323 335 1368; x_wconf 90' lang='lat' dir='ltr'><strong>oum</strong></span> <span class='ocrx_word' id='word_1_59' title='bbox 356 1301 512 1367; x_wconf 86' lang='lat' dir='ltr'><strong>Aldorum</strong></span> <span class='ocrx_word' id='word_1_60' title='bbox 543 1299 626 1367; x_wconf 91' lang='lat' dir='ltr'><strong>haee</strong></span> <span class='ocrx_word' id='word_1_61' title='bbox 654 1303 736 1368; x_wconf 91' lang='lat' dir='ltr'><strong>ratio</strong></span> <span class='ocrx_word' id='word_1_62' title='bbox 758 1302 869 1388; x_wconf 87' lang='lat' dir='ltr'><strong>suerit,</strong></span> <span class='ocrx_word' id='word_1_63' title='bbox 897 1309 932 1367; x_wconf 93' lang='lat' dir='ltr'><strong>ut</strong></span> <span class='ocrx_word' id='word_1_64' title='bbox 954 1321 1051 1366; x_wconf 90' lang='lat' dir='ltr'><strong>manu</strong></span> <span class='ocrx_word' id='word_1_65' title='bbox 1074 1301 1194 1385; x_wconf 90' lang='lat' dir='ltr'><strong>scripta</strong></span> <span class='ocrx_word' id='word_1_66' title='bbox 1216 1297 1366 1382; x_wconf 84' lang='lat' dir='ltr'><strong>religiose</strong></span> <span class='ocrx_word' id='word_1_67' title='bbox 1389 1299 1496 1383; x_wconf 90' lang='lat' dir='ltr'><strong>quoad</strong></span> 
     </span>
     <span class='ocr_line' id='line_1_9' title="bbox 137 1399 1496 1489; baseline -0.004 -19"><span class='ocrx_word' id='word_1_68' title='bbox 137 1405 256 1472; x_wconf 75' lang='lat' dir='ltr'><strong>licebat</strong></span> <span class='ocrx_word' id='word_1_69' title='bbox 278 1403 514 1488; x_wconf 79' lang='lat' dir='ltr'><strong>exprimerent,</strong></span> <span class='ocrx_word' id='word_1_70' title='bbox 542 1423 607 1468; x_wconf 91' lang='lat' dir='ltr'><strong>non</strong></span> <span class='ocrx_word' id='word_1_71' title='bbox 634 1403 822 1469; x_wconf 86' lang='lat' dir='ltr'><strong>mirabimur</strong></span> <span class='ocrx_word' id='word_1_72' title='bbox 847 1403 970 1469; x_wconf 88' lang='lat' dir='ltr'><strong>Budaei</strong></span> <span class='ocrx_word' id='word_1_73' title='bbox 999 1403 1180 1469; x_wconf 83' lang='lat' dir='ltr'><strong>versionem</strong></span> <span class='ocrx_word' id='word_1_74' title='bbox 1210 1399 1496 1489; x_wconf 61' lang='grc'><strong>[5153195551-</strong></span> 
     </span>
     <span class='ocr_line' id='line_1_10' title="bbox 138 1500 1498 1590; baseline -0.005 -17"><span class='ocrx_word' id='word_1_75' title='bbox 138 1515 212 1573; x_wconf 93' lang='lat' dir='ltr'><strong>tuor</strong></span> <span class='ocrx_word' id='word_1_76' title='bbox 234 1507 328 1572; x_wconf 88' lang='lat' dir='ltr'><strong>annis</strong></span> <span class='ocrx_word' id='word_1_77' title='bbox 355 1505 553 1590; x_wconf 86' lang='lat' dir='ltr'><strong>superiorem</strong></span> <span class='ocrx_word' id='word_1_78' title='bbox 580 1511 613 1570; x_wconf 94' lang='lat' dir='ltr'><strong>et</strong></span> <span class='ocrx_word' id='word_1_79' title='bbox 639 1506 748 1571; x_wconf 90' lang='lat' dir='ltr'><strong>multis</strong></span> <span class='ocrx_word' id='word_1_80' title='bbox 777 1507 857 1573; x_wconf 91' lang='lat' dir='ltr'><strong>locis</strong></span> <span class='ocrx_word' id='word_1_81' title='bbox 883 1506 1087 1572; x_wconf 86' lang='lat' dir='ltr'><strong>emendatam</strong></span> <span class='ocrx_word' id='word_1_82' title='bbox 1109 1505 1152 1572; x_wconf 88' lang='lat' dir='ltr'><strong>ad</strong></span> <span class='ocrx_word' id='word_1_83' title='bbox 1174 1503 1300 1570; x_wconf 88' lang='lat' dir='ltr'><strong>Placita</strong></span> <span class='ocrx_word' id='word_1_84' title='bbox 1321 1523 1387 1568; x_wconf 92' lang='lat' dir='ltr'><strong>non</strong></span> <span class='ocrx_word' id='word_1_85' title='bbox 1409 1500 1498 1566; x_wconf 90' lang='lat' dir='ltr'><strong>adhi-</strong></span> 
     </span>
     <span class='ocr_line' id='line_1_11' title="bbox 137 1609 345 1675; baseline -0.005 -1"><span class='ocrx_word' id='word_1_86' title='bbox 137 1609 236 1675; x_wconf 90' lang='lat' dir='ltr'><strong>bitam</strong></span> <span class='ocrx_word' id='word_1_87' title='bbox 262 1628 345 1674; x_wconf 90' lang='grc'><strong>5555.</strong></span> 
     </span>
    </p>

    <p class='ocr_par' dir='ltr' id='par_1_4' title="bbox 135 1707 1499 2719">
     <span class='ocr_line' id='line_1_12' title="bbox 222 1707 1496 1795; baseline -0.003 -20"><span class='ocrx_word' id='word_1_88' title='bbox 222 1711 273 1776; x_wconf 82' lang='lat' dir='ltr'><strong>Ex</strong></span> <span class='ocrx_word' id='word_1_89' title='bbox 297 1709 418 1775; x_wconf 86' lang='lat' dir='ltr'><strong>Aldina</strong></span> <span class='ocrx_word' id='word_1_90' title='bbox 448 1709 539 1776; x_wconf 86' lang='lat' dir='ltr'><strong>fluxit</strong></span> <span class='ocrx_word' id='word_1_91' title='bbox 568 1711 681 1795; x_wconf 92' lang='lat' dir='ltr'><strong>paucis</strong></span> <span class='ocrx_word' id='word_1_92' title='bbox 711 1715 863 1781; x_wconf 86' lang='lat' dir='ltr'><strong>correctis</strong></span> <span class='ocrx_word' id='word_1_93' title='bbox 890 1715 942 1778; x_wconf 91' lang='lat' dir='ltr'><strong>vel</strong></span> <span class='ocrx_word' id='word_1_94' title='bbox 968 1711 1100 1776; x_wconf 86' lang='lat' dir='ltr'><strong>mutatis</strong></span> <span class='ocrx_word' id='word_1_95' title='bbox 1128 1707 1375 1775; x_wconf 88' lang='lat' dir='ltr'><strong>Basileensis</strong></span> <span class='ocrx_word' id='word_1_96' title='bbox 1403 1707 1496 1772; x_wconf 78' lang='grc'><strong>1549.</strong></span> 
     </span>
     <span class='ocr_line' id='line_1_13' title="bbox 137 1811 1496 1900; baseline -0.003 -22"><span class='ocrx_word' id='word_1_97' title='bbox 137 1815 232 1898; x_wconf 86' lang='lat' dir='ltr'><strong>plura</strong></span> <span class='ocrx_word' id='word_1_98' title='bbox 254 1812 394 1878; x_wconf 82' lang='lat' dir='ltr'><strong>correxit</strong></span> <span class='ocrx_word' id='word_1_99' title='bbox 415 1813 454 1878; x_wconf 89' lang='lat' dir='ltr'><strong>H.</strong></span> <span class='ocrx_word' id='word_1_100' title='bbox 477 1813 707 1897; x_wconf 82' lang='lat' dir='ltr'><strong>Stephanus</strong></span> <span class='ocrx_word' id='word_1_101' title='bbox 734 1817 788 1900; x_wconf 85' lang='lat' dir='ltr'><strong>qui</strong></span> <span class='ocrx_word' id='word_1_102' title='bbox 815 1817 948 1883; x_wconf 89' lang='lat' dir='ltr'><strong>editioni</strong></span> <span class='ocrx_word' id='word_1_103' title='bbox 973 1834 1052 1880; x_wconf 87' lang='lat' dir='ltr'><strong>suae</strong></span> <span class='ocrx_word' id='word_1_104' title='bbox 1079 1833 1108 1878; x_wconf 90' lang='lat' dir='ltr'><strong>a.</strong></span> <span class='ocrx_word' id='word_1_105' title='bbox 1133 1813 1216 1877; x_wconf 84' lang='grc'><strong>1512</strong></span> <span class='ocrx_word' id='word_1_106' title='bbox 1243 1811 1396 1892; x_wconf 86' lang='lat' dir='ltr'><strong>vulgatae</strong></span> <span class='ocrx_word' id='word_1_107' title='bbox 1424 1829 1496 1874; x_wconf 91' lang='lat' dir='ltr'><strong>eum</strong></span> 
     </span>
     <span class='ocr_line' id='line_1_14' title="bbox 139 1909 1498 2006; baseline -0.003 -26"><span class='ocrx_word' id='word_1_108' title='bbox 139 1915 285 1981; x_wconf 86' lang='lat' dir='ltr'><strong>ordinem</strong></span> <span class='ocrx_word' id='word_1_109' title='bbox 308 1915 471 1998; x_wconf 75' lang='lat' dir='ltr'><strong>subiecit,¹</strong></span> <span class='ocrx_word' id='word_1_110' title='bbox 486 1933 580 1998; x_wconf 88' lang='lat' dir='ltr'><strong>quem</strong></span> <span class='ocrx_word' id='word_1_111' title='bbox 611 1937 696 1983; x_wconf 90' lang='lat' dir='ltr'><strong>nuno</strong></span> <span class='ocrx_word' id='word_1_112' title='bbox 718 1919 880 2002; x_wconf 86' lang='lat' dir='ltr'><strong>sequimur·</strong></span> <span class='ocrx_word' id='word_1_113' title='bbox 903 1919 953 2006; x_wconf 86' lang='lat' dir='ltr'><strong>[cf.</strong></span> <span class='ocrx_word' id='word_1_114' title='bbox 977 1920 1062 1983; x_wconf 85' lang='lat' dir='ltr'><strong>Trou</strong></span> <span class='ocrx_word' id='word_1_115' title='bbox 1085 1918 1105 1981; x_wconf 95' lang='lat' dir='ltr'><strong>l.</strong></span> <span class='ocrx_word' id='word_1_116' title='bbox 1129 1936 1155 1980; x_wconf 89' lang='grc'><strong>5.</strong></span> <span class='ocrx_word' id='word_1_117' title='bbox 1178 1937 1210 1998; x_wconf 91' lang='lat' dir='ltr'><strong>p.</strong></span> <span class='ocrx_word' id='word_1_118' title='bbox 1226 1909 1315 1998; x_wconf 74' lang='lat' dir='ltr'><strong>xvnl.</strong></span> <span class='ocrx_word' id='word_1_119' title='bbox 1361 1911 1404 1976; x_wconf 91' lang='lat' dir='ltr'><strong>ad</strong></span> <span class='ocrx_word' id='word_1_120' title='bbox 1426 1911 1498 1976; x_wconf 89' lang='lat' dir='ltr'><strong>Pla-</strong></span> 
     </span>
     <span class='ocr_line' id='line_1_15' title="bbox 138 2013 1498 2106; baseline -0.003 -24"><span class='ocrx_word' id='word_1_121' title='bbox 138 2017 201 2082; x_wconf 89' lang='lat' dir='ltr'><strong>cita</strong></span> <span class='ocrx_word' id='word_1_122' title='bbox 223 2017 461 2083; x_wconf 89' lang='lat' dir='ltr'><strong>emendationis</strong></span> <span class='ocrx_word' id='word_1_123' title='bbox 482 2037 595 2100; x_wconf 88' lang='lat' dir='ltr'><strong>parum</strong></span> <span class='ocrx_word' id='word_1_124' title='bbox 623 2021 740 2086; x_wconf 89' lang='lat' dir='ltr'><strong>attulit.</strong></span> <span class='ocrx_word' id='word_1_125' title='bbox 770 2025 868 2106; x_wconf 89' lang='lat' dir='ltr'><strong>paulo</strong></span> <span class='ocrx_word' id='word_1_126' title='bbox 897 2023 971 2106; x_wconf 91' lang='lat' dir='ltr'><strong>plus</strong></span> <span class='ocrx_word' id='word_1_127' title='bbox 997 2018 1103 2084; x_wconf 91' lang='lat' dir='ltr'><strong>laudis</strong></span> <span class='ocrx_word' id='word_1_128' title='bbox 1129 2015 1332 2082; x_wconf 86' lang='lat' dir='ltr'><strong>tribuendum</strong></span> <span class='ocrx_word' id='word_1_129' title='bbox 1360 2013 1498 2079; x_wconf 84' lang='lat' dir='ltr'><strong>Franco-</strong></span> 
     </span>
     <span class='ocr_line' id='line_1_16' title="bbox 135 2115 1498 2208; baseline -0.003 -25"><span class='ocrx_word' id='word_1_130' title='bbox 135 2119 332 2185; x_wconf 83' lang='lat' dir='ltr'><strong>iurtensibus</strong></span> <span class='ocrx_word' id='word_1_131' title='bbox 354 2139 384 2185; x_wconf 90' lang='lat' dir='ltr'><strong>a.</strong></span> <span class='ocrx_word' id='word_1_132' title='bbox 403 2121 708 2187; x_wconf 77' lang='lat'><strong>1599.1620.1624</strong></span> <span class='ocrx_word' id='word_1_133' title='bbox 732 2125 871 2190; x_wconf 84' lang='lat' dir='ltr'><strong>manime</strong></span> <span class='ocrx_word' id='word_1_134' title='bbox 893 2129 1025 2208; x_wconf 90' lang='lat' dir='ltr'><strong>propter</strong></span> <span class='ocrx_word' id='word_1_135' title='bbox 1040 2119 1201 2205; x_wconf 88' lang='lat' dir='ltr'><strong>Xylandri</strong></span> <span class='ocrx_word' id='word_1_136' title='bbox 1225 2117 1358 2183; x_wconf 91' lang='lat' dir='ltr'><strong>latinam</strong></span> <span class='ocrx_word' id='word_1_137' title='bbox 1380 2115 1498 2181; x_wconf 81' lang='lat' dir='ltr'><strong>versio</strong></span> 
     </span>
     <span class='ocr_line' id='line_1_17' title="bbox 136 2217 1497 2305; baseline -0.004 -19"><span class='ocrx_word' id='word_1_138' title='bbox 136 2242 211 2287; x_wconf 88' lang='lat' dir='ltr'><strong>nem</strong></span> <span class='ocrx_word' id='word_1_139' title='bbox 241 2229 275 2287; x_wconf 89' lang='lat' dir='ltr'><strong>et</strong></span> <span class='ocrx_word' id='word_1_140' title='bbox 301 2221 539 2288; x_wconf 88' lang='lat' dir='ltr'><strong>adnotationes.</strong></span> <span class='ocrx_word' id='word_1_141' title='bbox 589 2223 630 2289; x_wconf 92' lang='lat' dir='ltr'><strong>de</strong></span> <span class='ocrx_word' id='word_1_142' title='bbox 658 2225 819 2291; x_wconf 88' lang='lat' dir='ltr'><strong>variarum</strong></span> <span class='ocrx_word' id='word_1_143' title='bbox 852 2227 1026 2292; x_wconf 86' lang='lat' dir='ltr'><strong>lectionum</strong></span> <span class='ocrx_word' id='word_1_144' title='bbox 1057 2221 1234 2305; x_wconf 81' lang='lat' dir='ltr'><strong>farragine,</strong></span> <span class='ocrx_word' id='word_1_145' title='bbox 1266 2219 1352 2284; x_wconf 90' lang='lat' dir='ltr'><strong>unde</strong></span> <span class='ocrx_word' id='word_1_146' title='bbox 1381 2217 1497 2282; x_wconf 91' lang='lat' dir='ltr'><strong>librum</strong></span> 
     </span>
     <span class='ocr_line' id='line_1_18' title="bbox 138 2323 1497 2414; baseline -0.005 -24"><span class='ocrx_word' id='word_1_147' title='bbox 138 2323 354 2390; x_wconf 90' lang='lat' dir='ltr'><strong>Petavianum</strong></span> <span class='ocrx_word' id='word_1_148' title='bbox 377 2345 475 2409; x_wconf 88' lang='lat' dir='ltr'><strong>supra</strong></span> <span class='ocrx_word' id='word_1_149' title='bbox 496 2324 599 2409; x_wconf 86' lang='lat' dir='ltr'><strong>attigi,</strong></span> <span class='ocrx_word' id='word_1_150' title='bbox 623 2325 772 2410; x_wconf 88' lang='lat' dir='ltr'><strong>imperite</strong></span> <span class='ocrx_word' id='word_1_151' title='bbox 797 2329 953 2396; x_wconf 91' lang='lat' dir='ltr'><strong>iudicavit</strong></span> <span class='ocrx_word' id='word_1_152' title='bbox 973 2323 1243 2414; x_wconf 84' lang='lat' dir='ltr'><strong>Wyttcnhachius</strong></span> <span class='ocrx_word' id='word_1_153' title='bbox 1265 2323 1286 2387; x_wconf 93' lang='lat' dir='ltr'><strong>l.</strong></span> <span class='ocrx_word' id='word_1_154' title='bbox 1310 2343 1337 2387; x_wconf 88' lang='lat' dir='ltr'><strong>e.</strong></span> <span class='ocrx_word' id='word_1_155' title='bbox 1362 2341 1392 2404; x_wconf 90' lang='lat' dir='ltr'><strong>p.</strong></span> <span class='ocrx_word' id='word_1_156' title='bbox 1409 2340 1497 2383; x_wconf 83' lang='lat' dir='ltr'><strong>cxix.</strong></span> 
     </span>
     <span class='ocr_line' id='line_1_19' title="bbox 137 2422 1499 2512; baseline -0.004 -21"><span class='ocrx_word' id='word_1_157' title='bbox 137 2426 234 2492; x_wconf 89' lang='lat' dir='ltr'><strong>nobis</strong></span> <span class='ocrx_word' id='word_1_158' title='bbox 250 2432 338 2492; x_wconf 88' lang='lat' dir='ltr'><strong>certe</strong></span> <span class='ocrx_word' id='word_1_159' title='bbox 354 2426 474 2492; x_wconf 89' lang='lat' dir='ltr'><strong>nullius</strong></span> <span class='ocrx_word' id='word_1_160' title='bbox 488 2425 549 2493; x_wconf 84' lang='lat' dir='ltr'><strong>fuit</strong></span> <span class='ocrx_word' id='word_1_161' title='bbox 559 2429 726 2495; x_wconf 89' lang='lat' dir='ltr'><strong>commodi.</strong></span> <span class='ocrx_word' id='word_1_162' title='bbox 750 2451 855 2512; x_wconf 89' lang='lat' dir='ltr'><strong>neque</strong></span> <span class='ocrx_word' id='word_1_163' title='bbox 872 2431 1000 2495; x_wconf 88' lang='lat' dir='ltr'><strong>omnino</strong></span> <span class='ocrx_word' id='word_1_164' title='bbox 1016 2427 1064 2493; x_wconf 91' lang='lat' dir='ltr'><strong>illi</strong></span> <span class='ocrx_word' id='word_1_165' title='bbox 1079 2427 1221 2493; x_wconf 86' lang='lat' dir='ltr'><strong>editores</strong></span> <span class='ocrx_word' id='word_1_166' title='bbox 1234 2445 1352 2506; x_wconf 87' lang='lat' dir='ltr'><strong>magno</strong></span> <span class='ocrx_word' id='word_1_167' title='bbox 1369 2422 1499 2506; x_wconf 87' lang='lat' dir='ltr'><strong>scripto-</strong></span> 
     </span>
     <span class='ocr_line' id='line_1_20' title="bbox 138 2526 1497 2614; baseline -0.004 -19"><span class='ocrx_word' id='word_1_168' title='bbox 138 2551 207 2595; x_wconf 91' lang='lat' dir='ltr'><strong>rum</strong></span> <span class='ocrx_word' id='word_1_169' title='bbox 240 2549 374 2595; x_wconf 92' lang='lat' dir='ltr'><strong>numero</strong></span> <span class='ocrx_word' id='word_1_170' title='bbox 408 2529 545 2594; x_wconf 88' lang='lat' dir='ltr'><strong>districti</strong></span> <span class='ocrx_word' id='word_1_171' title='bbox 584 2537 617 2595; x_wconf 90' lang='lat' dir='ltr'><strong>et</strong></span> <span class='ocrx_word' id='word_1_172' title='bbox 654 2531 759 2597; x_wconf 90' lang='lat' dir='ltr'><strong>obruti</strong></span> <span class='ocrx_word' id='word_1_173' title='bbox 786 2534 841 2598; x_wconf 90' lang='lat' dir='ltr'><strong>uni</strong></span> <span class='ocrx_word' id='word_1_174' title='bbox 864 2533 1060 2599; x_wconf 91' lang='lat' dir='ltr'><strong>Placitorum</strong></span> <span class='ocrx_word' id='word_1_175' title='bbox 1090 2529 1252 2614; x_wconf 90' lang='lat' dir='ltr'><strong>epitomae</strong></span> <span class='ocrx_word' id='word_1_176' title='bbox 1280 2526 1336 2592; x_wconf 90' lang='lat' dir='ltr'><strong>otii</strong></span> <span class='ocrx_word' id='word_1_177' title='bbox 1363 2533 1497 2609; x_wconf 86' lang='lat' dir='ltr'><strong>tantum,</strong></span> 
     </span>
     <span class='ocr_line' id='line_1_21' title="bbox 140 2632 1164 2719; baseline -0.002 -21"><span class='ocrx_word' id='word_1_178' title='bbox 140 2639 297 2716; x_wconf 88' lang='lat' dir='ltr'><strong>quantum</strong></span> <span class='ocrx_word' id='word_1_179' title='bbox 320 2651 381 2715; x_wconf 89' lang='lat' dir='ltr'><strong>par</strong></span> <span class='ocrx_word' id='word_1_180' title='bbox 403 2638 482 2716; x_wconf 87' lang='lat' dir='ltr'><strong>erat,</strong></span> <span class='ocrx_word' id='word_1_181' title='bbox 505 2640 562 2698; x_wconf 90' lang='lat' dir='ltr'><strong>aut</strong></span> <span class='ocrx_word' id='word_1_182' title='bbox 584 2635 756 2700; x_wconf 92' lang='lat' dir='ltr'><strong>voluerunt</strong></span> <span class='ocrx_word' id='word_1_183' title='bbox 777 2635 856 2701; x_wconf 89' lang='lat' dir='ltr'><strong>dare</strong></span> <span class='ocrx_word' id='word_1_184' title='bbox 877 2642 934 2700; x_wconf 90' lang='lat' dir='ltr'><strong>aut</strong></span> <span class='ocrx_word' id='word_1_185' title='bbox 955 2639 1138 2719; x_wconf 91' lang='lat' dir='ltr'><strong>potuerunt.</strong></span> <span class='ocrx_word' id='word_1_186' title='bbox 1156 2632 1164 2662; x_wconf 85' lang='lat'>¹</span> 
     </span>
    </p>

    <p class='ocr_par' dir='ltr' id='par_1_5' title="bbox 136 2729 1499 3739">
     <span class='ocr_line' id='line_1_22' title="bbox 224 2729 1497 2821; baseline -0.003 -23"><span class='ocrx_word' id='word_1_187' title='bbox 224 2733 331 2798; x_wconf 84' lang='lat' dir='ltr'><strong>Altius</strong></span> <span class='ocrx_word' id='word_1_188' title='bbox 353 2733 488 2816; x_wconf 89' lang='lat' dir='ltr'><strong>spiravit</strong></span> <span class='ocrx_word' id='word_1_189' title='bbox 511 2735 665 2800; x_wconf 82' lang='lat' dir='ltr'><strong>Oorsini</strong></span> <span class='ocrx_word' id='word_1_190' title='bbox 681 2737 792 2802; x_wconf 91' lang='lat' dir='ltr'><strong>Pisani</strong></span> <span class='ocrx_word' id='word_1_191' title='bbox 808 2737 1000 2821; x_wconf 85' lang='lat' dir='ltr'><strong>professoris</strong></span> <span class='ocrx_word' id='word_1_192' title='bbox 1023 2738 1163 2802; x_wconf 87' lang='lat' dir='ltr'><strong>solorum</strong></span> <span class='ocrx_word' id='word_1_193' title='bbox 1179 2733 1375 2799; x_wconf 88' lang='lat' dir='ltr'><strong>Placitorum</strong></span> <span class='ocrx_word' id='word_1_194' title='bbox 1398 2729 1497 2795; x_wconf 91' lang='lat' dir='ltr'><strong>editio</strong></span> 
     </span>
     <span class='ocr_line' id='line_1_23' title="bbox 140 2832 1497 2922; baseline -0.004 -22"><span class='ocrx_word' id='word_1_195' title='bbox 140 2835 328 2902; x_wconf 83' lang='lat' dir='ltr'><strong>Florentiae</strong></span> <span class='ocrx_word' id='word_1_196' title='bbox 344 2837 429 2900; x_wconf 87' lang='grc'><strong>1150</strong></span> <span class='ocrx_word' id='word_1_197' title='bbox 451 2837 709 2920; x_wconf 88' lang='lat' dir='ltr'><strong>splendidissime</strong></span> <span class='ocrx_word' id='word_1_198' title='bbox 732 2859 861 2922; x_wconf 85' lang='lat' dir='ltr'><strong>excusa,</strong></span> <span class='ocrx_word' id='word_1_199' title='bbox 885 2859 968 2922; x_wconf 77' lang='lat' dir='ltr'><strong>quiae</strong></span> <span class='ocrx_word' id='word_1_200' title='bbox 989 2837 1227 2922; x_wconf 81' lang='lat' dir='ltr'><strong>prolegomenis</strong></span> <span class='ocrx_word' id='word_1_201' title='bbox 1249 2832 1407 2898; x_wconf 90' lang='lat' dir='ltr'><strong>indicibus</strong></span> <span class='ocrx_word' id='word_1_202' title='bbox 1430 2851 1497 2896; x_wconf 88' lang='lat' dir='ltr'><strong>ver·</strong></span> 
     </span>
     <span class='ocr_line' id='line_1_24' title="bbox 140 2934 1498 3022; baseline -0.004 -20"><span class='ocrx_word' id='word_1_203' title='bbox 140 2939 233 3004; x_wconf 91' lang='lat' dir='ltr'><strong>sione</strong></span> <span class='ocrx_word' id='word_1_204' title='bbox 255 2937 467 3003; x_wconf 89' lang='lat' dir='ltr'><strong>adnotatione</strong></span> <span class='ocrx_word' id='word_1_205' title='bbox 488 2938 749 3005; x_wconf 90' lang='lat' dir='ltr'><strong>dissertationum</strong></span> <span class='ocrx_word' id='word_1_206' title='bbox 772 2941 927 3006; x_wconf 85' lang='lat' dir='ltr'><strong>mantissa</strong></span> <span class='ocrx_word' id='word_1_207' title='bbox 949 2947 1065 3007; x_wconf 89' lang='lat' dir='ltr'><strong>ornata</strong></span> <span class='ocrx_word' id='word_1_208' title='bbox 1079 2942 1205 3022; x_wconf 88' lang='lat' dir='ltr'><strong>largum</strong></span> <span class='ocrx_word' id='word_1_209' title='bbox 1225 2938 1333 3000; x_wconf 92' lang='lat' dir='ltr'><strong>lumen</strong></span> <span class='ocrx_word' id='word_1_210' title='bbox 1347 2934 1498 2998; x_wconf 87' lang='lat' dir='ltr'><strong>adlatura</strong></span> 
     </span>
     <span class='ocr_line' id='line_1_25' title="bbox 137 3036 1498 3124; baseline -0.005 -19"><span class='ocrx_word' id='word_1_211' title='bbox 137 3040 320 3107; x_wconf 88' lang='lat' dir='ltr'><strong>videbatur.</strong></span> <span class='ocrx_word' id='word_1_212' title='bbox 366 3041 423 3106; x_wconf 88' lang='lat' dir='ltr'><strong>sod</strong></span> <span class='ocrx_word' id='word_1_213' title='bbox 446 3047 482 3104; x_wconf 92' lang='lat' dir='ltr'><strong>ut</strong></span> <span class='ocrx_word' id='word_1_214' title='bbox 502 3041 672 3124; x_wconf 89' lang='lat' dir='ltr'><strong>diligentia</strong></span> <span class='ocrx_word' id='word_1_215' title='bbox 693 3049 726 3108; x_wconf 92' lang='lat' dir='ltr'><strong>et</strong></span> <span class='ocrx_word' id='word_1_216' title='bbox 746 3063 882 3108; x_wconf 83' lang='lat' dir='ltr'><strong>acumen</strong></span> <span class='ocrx_word' id='word_1_217' title='bbox 905 3043 1038 3109; x_wconf 89' lang='lat' dir='ltr'><strong>editoris</strong></span> <span class='ocrx_word' id='word_1_218' title='bbox 1057 3041 1196 3106; x_wconf 87' lang='lat' dir='ltr'><strong>maxime</strong></span> <span class='ocrx_word' id='word_1_219' title='bbox 1218 3036 1417 3103; x_wconf 89' lang='lat' dir='ltr'><strong>laudandum</strong></span> <span class='ocrx_word' id='word_1_220' title='bbox 1438 3041 1498 3116; x_wconf 85' lang='lat' dir='ltr'><strong>est,</strong></span> 
     </span>
     <span class='ocr_line' id='line_1_26' title="bbox 136 3140 1497 3228; baseline -0.004 -22"><span class='ocrx_word' id='word_1_221' title='bbox 136 3144 185 3208; x_wconf 87' lang='lat' dir='ltr'><strong>ita</strong></span> <span class='ocrx_word' id='word_1_222' title='bbox 208 3143 394 3208; x_wconf 89' lang='lat' dir='ltr'><strong>emendatio</strong></span> <span class='ocrx_word' id='word_1_223' title='bbox 418 3149 550 3227; x_wconf 89' lang='lat' dir='ltr'><strong>propter</strong></span> <span class='ocrx_word' id='word_1_224' title='bbox 571 3145 679 3227; x_wconf 89' lang='lat' dir='ltr'><strong>graeci</strong></span> <span class='ocrx_word' id='word_1_225' title='bbox 707 3146 863 3211; x_wconf 89' lang='lat' dir='ltr'><strong>sermonis</strong></span> <span class='ocrx_word' id='word_1_226' title='bbox 889 3145 1020 3209; x_wconf 86' lang='lat' dir='ltr'><strong>nimiam</strong></span> <span class='ocrx_word' id='word_1_227' title='bbox 1046 3143 1239 3228; x_wconf 86' lang='lat' dir='ltr'><strong>imperitiam</strong></span> <span class='ocrx_word' id='word_1_228' title='bbox 1266 3140 1320 3205; x_wconf 82' lang='lat' dir='ltr'><strong>vix</strong></span> <span class='ocrx_word' id='word_1_229' title='bbox 1347 3157 1497 3220; x_wconf 88' lang='lat' dir='ltr'><strong>umquam</strong></span> 
     </span>
     <span class='ocr_line' id='line_1_27' title="bbox 136 3231 1498 3329; baseline -0.004 -20"><span class='ocrx_word' id='word_1_230' title='bbox 136 3265 293 3329; x_wconf 89' lang='lat' dir='ltr'><strong>prospere</strong></span> <span class='ocrx_word' id='word_1_231' title='bbox 316 3246 479 3310; x_wconf 87' lang='lat' dir='ltr'><strong>successit.</strong></span> <span class='ocrx_word' id='word_1_232' title='bbox 523 3246 625 3312; x_wconf 91' lang='lat' dir='ltr'><strong>nihilo</strong></span> <span class='ocrx_word' id='word_1_233' title='bbox 654 3247 754 3312; x_wconf 90' lang='lat' dir='ltr'><strong>setius</strong></span> <span class='ocrx_word' id='word_1_234' title='bbox 775 3247 907 3312; x_wconf 87' lang='lat' dir='ltr'><strong>Eusebii</strong></span> <span class='ocrx_word' id='word_1_235' title='bbox 931 3231 1047 3312; x_wconf 80' lang='lat' dir='ltr'><strong>Galerii</strong></span> <span class='ocrx_word' id='word_1_236' title='bbox 1070 3244 1203 3311; x_wconf 87' lang='lat' dir='ltr'><strong>Stobaei</strong></span> <span class='ocrx_word' id='word_1_237' title='bbox 1225 3249 1498 3325; x_wconf 84' lang='lat' dir='ltr'><strong>cognatorumque</strong></span> 
     </span>
     <span class='ocr_line' id='line_1_28' title="bbox 136 3342 1499 3435; baseline -0.005 -22"><span class='ocrx_word' id='word_1_238' title='bbox 136 3348 330 3432; x_wconf 90' lang='lat' dir='ltr'><strong>scriptorum</strong></span> <span class='ocrx_word' id='word_1_239' title='bbox 358 3355 516 3432; x_wconf 91' lang='lat' dir='ltr'><strong>perpetua</strong></span> <span class='ocrx_word' id='word_1_240' title='bbox 545 3349 788 3432; x_wconf 89' lang='lat' dir='ltr'><strong>comparatione</strong></span> <span class='ocrx_word' id='word_1_241' title='bbox 818 3357 935 3435; x_wconf 91' lang='lat' dir='ltr'><strong>sponte</strong></span> <span class='ocrx_word' id='word_1_242' title='bbox 961 3367 1020 3414; x_wconf 90' lang='lat' dir='ltr'><strong>sua</strong></span> <span class='ocrx_word' id='word_1_243' title='bbox 1048 3347 1235 3430; x_wconf 82' lang='lat' dir='ltr'><strong>castigatior</strong></span> <span class='ocrx_word' id='word_1_244' title='bbox 1260 3345 1361 3410; x_wconf 92' lang='lat' dir='ltr'><strong>multo</strong></span> <span class='ocrx_word' id='word_1_245' title='bbox 1396 3342 1499 3409; x_wconf 88' lang='lat' dir='ltr'><strong>evasit</strong></span> 
     </span>
     <span class='ocr_line' id='line_1_29' title="bbox 137 3446 1498 3536; baseline -0.005 -20"><span class='ocrx_word' id='word_1_246' title='bbox 137 3450 279 3516; x_wconf 91' lang='lat' dir='ltr'><strong>libellus.</strong></span> <span class='ocrx_word' id='word_1_247' title='bbox 324 3457 423 3533; x_wconf 85' lang='lat' dir='ltr'><strong>atque</strong></span> <span class='ocrx_word' id='word_1_248' title='bbox 450 3453 523 3535; x_wconf 91' lang='lat' dir='ltr'><strong>plus</strong></span> <span class='ocrx_word' id='word_1_249' title='bbox 551 3451 649 3517; x_wconf 90' lang='lat' dir='ltr'><strong>etiam</strong></span> <span class='ocrx_word' id='word_1_250' title='bbox 670 3452 855 3536; x_wconf 84' lang='lat' dir='ltr'><strong>profectura</strong></span> <span class='ocrx_word' id='word_1_251' title='bbox 877 3459 947 3518; x_wconf 91' lang='lat' dir='ltr'><strong>erat</strong></span> <span class='ocrx_word' id='word_1_252' title='bbox 969 3450 1095 3516; x_wconf 83' lang='lat' dir='ltr'><strong>Corsini</strong></span> <span class='ocrx_word' id='word_1_253' title='bbox 1118 3447 1296 3531; x_wconf 81' lang='lat' dir='ltr'><strong>diligentia,</strong></span> <span class='ocrx_word' id='word_1_254' title='bbox 1319 3447 1380 3512; x_wconf 90' lang='lat' dir='ltr'><strong>nisi</strong></span> <span class='ocrx_word' id='word_1_255' title='bbox 1402 3446 1498 3510; x_wconf 93' lang='lat' dir='ltr'><strong>inter-</strong></span> 
     </span>
     <span class='ocr_line' id='line_1_30' title="bbox 136 3552 1498 3637; baseline -0.005 -19"><span class='ocrx_word' id='word_1_256' title='bbox 136 3553 271 3637; x_wconf 89' lang='lat' dir='ltr'><strong>polatae</strong></span> <span class='ocrx_word' id='word_1_257' title='bbox 292 3552 424 3619; x_wconf 83' lang='lat' dir='ltr'><strong>Eusebii</strong></span> <span class='ocrx_word' id='word_1_258' title='bbox 453 3553 635 3636; x_wconf 79' lang='lat' dir='ltr'><strong>Galenique</strong></span> <span class='ocrx_word' id='word_1_259' title='bbox 662 3555 821 3621; x_wconf 87' lang='lat' dir='ltr'><strong>editiones</strong></span> <span class='ocrx_word' id='word_1_260' title='bbox 847 3574 959 3620; x_wconf 87' lang='lat' dir='ltr'><strong>verum</strong></span> <span class='ocrx_word' id='word_1_261' title='bbox 989 3552 1119 3636; x_wconf 89' lang='lat' dir='ltr'><strong>saepius</strong></span> <span class='ocrx_word' id='word_1_262' title='bbox 1147 3552 1374 3616; x_wconf 88' lang='lat' dir='ltr'><strong>obscurassent</strong></span> <span class='ocrx_word' id='word_1_263' title='bbox 1402 3567 1498 3631; x_wconf 88' lang='lat' dir='ltr'><strong>quarn</strong></span> 
     </span>
     <span class='ocr_line' id='line_1_31' title="bbox 137 3655 356 3739; baseline 0 -19"><span class='ocrx_word' id='word_1_264' title='bbox 137 3655 356 3739; x_wconf 85' lang='lat' dir='ltr'><strong>aperuissent.</strong></span> 
     </span>
    </p>

    <p class='ocr_par' dir='ltr' id='par_1_6' title="bbox 135 3753 1499 4046">
     <span class='ocr_line' id='line_1_32' title="bbox 225 3753 1499 3840; baseline -0.007 -16"><span class='ocrx_word' id='word_1_265' title='bbox 225 3757 378 3840; x_wconf 86' lang='lat' dir='ltr'><strong>Sequitur</strong></span> <span class='ocrx_word' id='word_1_266' title='bbox 399 3757 531 3824; x_wconf 88' lang='lat' dir='ltr'><strong>Reishei</strong></span> <span class='ocrx_word' id='word_1_267' title='bbox 560 3757 658 3824; x_wconf 91' lang='lat' dir='ltr'><strong>editio</strong></span> <span class='ocrx_word' id='word_1_268' title='bbox 688 3779 718 3824; x_wconf 91' lang='lat' dir='ltr'><strong>a.</strong></span> <span class='ocrx_word' id='word_1_269' title='bbox 743 3761 826 3825; x_wconf 92' lang='grc'><strong>1114</strong></span> <span class='ocrx_word' id='word_1_270' title='bbox 854 3760 1008 3825; x_wconf 87' lang='lat' dir='ltr'><strong>incohata</strong></span> <span class='ocrx_word' id='word_1_271' title='bbox 1032 3777 1094 3823; x_wconf 91' lang='lat' dir='ltr'><strong>nec</strong></span> <span class='ocrx_word' id='word_1_272' title='bbox 1116 3757 1158 3822; x_wconf 92' lang='lat' dir='ltr'><strong>ab</strong></span> <span class='ocrx_word' id='word_1_273' title='bbox 1180 3757 1251 3840; x_wconf 91' lang='lat' dir='ltr'><strong>ipso</strong></span> <span class='ocrx_word' id='word_1_274' title='bbox 1275 3753 1433 3819; x_wconf 87' lang='lat' dir='ltr'><strong>absoluta.</strong></span> <span class='ocrx_word' id='word_1_275' title='bbox 1479 3770 1499 3815; x_wconf 97' lang='grc'><strong>5</strong></span> 
     </span>
     <span class='ocr_line' id='line_1_33' title="bbox 135 3853 1499 3945; baseline -0.004 -21"><span class='ocrx_word' id='word_1_276' title='bbox 135 3860 316 3944; x_wconf 88' lang='lat' dir='ltr'><strong>bibliopola</strong></span> <span class='ocrx_word' id='word_1_277' title='bbox 338 3866 436 3926; x_wconf 87' lang='lat' dir='ltr'><strong>notae</strong></span> <span class='ocrx_word' id='word_1_278' title='bbox 458 3860 606 3926; x_wconf 89' lang='lat' dir='ltr'><strong>adiectae</strong></span> <span class='ocrx_word' id='word_1_279' title='bbox 633 3867 720 3945; x_wconf 87' lang='lat' dir='ltr'><strong>eunt,</strong></span> <span class='ocrx_word' id='word_1_280' title='bbox 753 3862 911 3944; x_wconf 86' lang='lat' dir='ltr'><strong>quasillo</strong></span> <span class='ocrx_word' id='word_1_281' title='bbox 940 3861 1077 3926; x_wconf 83' lang='grc'><strong>51156</strong></span> <span class='ocrx_word' id='word_1_282' title='bbox 1105 3860 1140 3925; x_wconf 88' lang='grc'><strong>15</strong></span> <span class='ocrx_word' id='word_1_283' title='bbox 1168 3856 1334 3925; x_wconf 90' lang='lat' dir='ltr'><strong>Plutarchi</strong></span> <span class='ocrx_word' id='word_1_284' title='bbox 1360 3853 1499 3921; x_wconf 91' lang='lat' dir='ltr'><strong>moralia</strong></span> 
     </span>
     <span class='ocr_line' id='line_1_34' title="bbox 137 3956 1499 4046; baseline -0.005 -19"><span class='ocrx_word' id='word_1_285' title='bbox 137 3961 341 4046; x_wconf 88' lang='lat' dir='ltr'><strong>conscriptas</strong></span> <span class='ocrx_word' id='word_1_286' title='bbox 370 3961 695 4028; x_wconf 83' lang='lat' dir='ltr'><strong>Animadversionum</strong></span> <span class='ocrx_word' id='word_1_287' title='bbox 710 3964 754 4028; x_wconf 91' lang='lat' dir='ltr'><strong>ad</strong></span> <span class='ocrx_word' id='word_1_288' title='bbox 769 3984 903 4046; x_wconf 87' lang='lat' dir='ltr'><strong>graecos</strong></span> <span class='ocrx_word' id='word_1_289' title='bbox 919 3971 1068 4029; x_wconf 88' lang='lat' dir='ltr'><strong>auctores</strong></span> <span class='ocrx_word' id='word_1_290' title='bbox 1084 3963 1147 4028; x_wconf 93' lang='lat' dir='ltr'><strong>vol.</strong></span> <span class='ocrx_word' id='word_1_291' title='bbox 1163 3963 1195 4026; x_wconf 90' lang='lat' dir='ltr'><strong>ll</strong></span> <span class='ocrx_word' id='word_1_292' title='bbox 1210 3961 1401 4026; x_wconf 89' lang='lat' dir='ltr'><strong>inseruerat</strong></span> <span class='ocrx_word' id='word_1_293' title='bbox 1425 3956 1499 4020; x_wconf 93' lang='lat' dir='ltr'><strong>huic</strong></span> 
     </span>
    </p>
   </div>
   <div class='ocr_carea' id='block_1_4' title="bbox 134 4057 1500 4356">
    <p class='ocr_par' dir='ltr' id='par_1_7' title="bbox 134 4057 1500 4356">
     <span class='ocr_line' id='line_1_35' title="bbox 134 4057 1500 4151; baseline -0.003 -24"><span class='ocrx_word' id='word_1_294' title='bbox 134 4063 208 4128; x_wconf 93' lang='lat' dir='ltr'><strong>viro</strong></span> <span class='ocrx_word' id='word_1_295' title='bbox 230 4083 270 4128; x_wconf 92' lang='lat' dir='ltr'><strong>eo</strong></span> <span class='ocrx_word' id='word_1_296' title='bbox 290 4059 442 4130; x_wconf 68' lang='lat' dir='ltr'><strong>libe‘ntius</strong></span> <span class='ocrx_word' id='word_1_297' title='bbox 465 4066 607 4149; x_wconf 89' lang='lat' dir='ltr'><strong>palmam</strong></span> <span class='ocrx_word' id='word_1_298' title='bbox 630 4065 751 4150; x_wconf 85' lang='lat' dir='ltr'><strong>defero,</strong></span> <span class='ocrx_word' id='word_1_299' title='bbox 776 4089 838 4150; x_wconf 86' lang='lat' dir='ltr'><strong>quo</strong></span> <span class='ocrx_word' id='word_1_300' title='bbox 854 4069 948 4151; x_wconf 88' lang='lat' dir='ltr'><strong>plura</strong></span> <span class='ocrx_word' id='word_1_301' title='bbox 963 4066 1160 4131; x_wconf 89' lang='lat' dir='ltr'><strong>Batavorum</strong></span> <span class='ocrx_word' id='word_1_302' title='bbox 1183 4062 1306 4128; x_wconf 88' lang='lat' dir='ltr'><strong>invidia</strong></span> <span class='ocrx_word' id='word_1_303' title='bbox 1328 4057 1500 4126; x_wconf 90' lang='lat' dir='ltr'><strong>detrahere</strong></span> 
     </span>
     <span class='ocr_line' id='line_1_36' title="bbox 137 4159 1499 4252; baseline -0.003 -23"><span class='ocrx_word' id='word_1_304' title='bbox 137 4163 330 4248; x_wconf 87' lang='lat' dir='ltr'><strong>conabatur,</strong></span> <span class='ocrx_word' id='word_1_305' title='bbox 347 4165 386 4230; x_wconf 88' lang='grc'><strong>51.</strong></span> <span class='ocrx_word' id='word_1_306' title='bbox 397 4165 640 4252; x_wconf 83' lang='lat' dir='ltr'><strong>Wyttenhaohii</strong></span> <span class='ocrx_word' id='word_1_307' title='bbox 656 4167 758 4252; x_wconf 89' lang='lat' dir='ltr'><strong>praef.</strong></span> <span class='ocrx_word' id='word_1_308' title='bbox 772 4171 882 4235; x_wconf 85' lang='lat' dir='ltr'><strong>Plutl</strong></span> <span class='ocrx_word' id='word_1_309' title='bbox 898 4191 928 4252; x_wconf 92' lang='lat' dir='ltr'><strong>p.</strong></span> <span class='ocrx_word' id='word_1_310' title='bbox 942 4189 1049 4252; x_wconf 80' lang='lat' dir='ltr'><strong>cxxix,</strong></span> <span class='ocrx_word' id='word_1_311' title='bbox 1066 4168 1109 4232; x_wconf 90' lang='lat' dir='ltr'><strong>ad</strong></span> <span class='ocrx_word' id='word_1_312' title='bbox 1124 4163 1349 4231; x_wconf 87' lang='lat' dir='ltr'><strong>Boissonnadii</strong></span> <span class='ocrx_word' id='word_1_313' title='bbox 1361 4159 1499 4244; x_wconf 82' lang='lat' dir='ltr'><strong>Eunapii</strong></span> 
     </span>
     <span class='ocr_line' id='line_1_37' title="bbox 135 4263 1499 4356; baseline -0.002 -26"><span class='ocrx_word' id='word_1_314' title='bbox 135 4288 165 4332; x_wconf 94' lang='lat' dir='ltr'><strong>v.</strong></span> <span class='ocrx_word' id='word_1_315' title='bbox 181 4267 215 4332; x_wconf 88' lang='lat'><strong>11</strong></span> <span class='ocrx_word' id='word_1_316' title='bbox 240 4288 272 4350; x_wconf 90' lang='lat' dir='ltr'><strong>p.</strong></span> <span class='ocrx_word' id='word_1_317' title='bbox 287 4268 319 4331; x_wconf 87' lang='lat'><strong>4.</strong></span> <span class='ocrx_word' id='word_1_318' title='bbox 341 4269 459 4334; x_wconf 89' lang='lat' dir='ltr'><strong>namsi</strong></span> <span class='ocrx_word' id='word_1_319' title='bbox 474 4269 723 4354; x_wconf 81' lang='lat' dir='ltr'><strong>meminerimus,</strong></span> <span class='ocrx_word' id='word_1_320' title='bbox 745 4279 900 4356; x_wconf 90' lang='lat' dir='ltr'><strong>quantum</strong></span> <span class='ocrx_word' id='word_1_321' title='bbox 915 4291 975 4356; x_wconf 95' lang='lat' dir='ltr'><strong>per</strong></span> <span class='ocrx_word' id='word_1_322' title='bbox 990 4269 1085 4334; x_wconf 91' lang='lat' dir='ltr'><strong>unius</strong></span> <span class='ocrx_word' id='word_1_323' title='bbox 1099 4267 1235 4334; x_wconf 87' lang='lat' dir='ltr'><strong>aestatis</strong></span> <span class='ocrx_word' id='word_1_324' title='bbox 1250 4265 1439 4331; x_wconf 88' lang='lat' dir='ltr'><strong>brevitatem</strong></span> <span class='ocrx_word' id='word_1_325' title='bbox 1457 4263 1499 4328; x_wconf 92' lang='lat' dir='ltr'><strong>ad</strong></span> 
     </span>
    </p>
   </div>
   <div class='ocr_carea' id='block_1_5' title="bbox 136 4454 1499 5042">
    <p class='ocr_par' dir='ltr' id='par_1_8' title="bbox 136 4454 1499 5042">
     <span class='ocr_line' id='line_1_38' title="bbox 210 4454 1499 4526; baseline -0.002 -18"><span class='ocrx_word' id='word_1_326' title='bbox 210 4457 217 4486; x_wconf 86' lang='lat'><strong>¹</strong></span> <span class='ocrx_word' id='word_1_327' title='bbox 236 4460 379 4524; x_wconf 80' lang='lat' dir='ltr'><strong>peculiares</strong></span> <span class='ocrx_word' id='word_1_328' title='bbox 398 4461 557 4512; x_wconf 84' lang='lat' dir='ltr'><strong>Placitorum</strong></span> <span class='ocrx_word' id='word_1_329' title='bbox 576 4462 702 4512; x_wconf 85' lang='lat' dir='ltr'><strong>editiones</strong></span> <span class='ocrx_word' id='word_1_330' title='bbox 722 4476 841 4526; x_wconf 82' lang='lat' dir='ltr'><strong>graecam</strong></span> <span class='ocrx_word' id='word_1_331' title='bbox 860 4477 892 4510; x_wconf 82' lang='lat' dir='ltr'><strong>ex</strong></span> <span class='ocrx_word' id='word_1_332' title='bbox 911 4461 1031 4510; x_wconf 82' lang='lat' dir='ltr'><strong>versione</strong></span> <span class='ocrx_word' id='word_1_333' title='bbox 1051 4459 1083 4510; x_wconf 85' lang='lat' dir='ltr'><strong>G.</strong></span> <span class='ocrx_word' id='word_1_334' title='bbox 1100 4458 1226 4508; x_wconf 90' lang='lat' dir='ltr'><strong>Budaei</strong></span> <span class='ocrx_word' id='word_1_335' title='bbox 1244 4457 1324 4506; x_wconf 85' lang='lat' dir='ltr'><strong>Basil.</strong></span> <span class='ocrx_word' id='word_1_336' title='bbox 1342 4454 1405 4508; x_wconf 86' lang='grc'><strong>1531</strong></span> <span class='ocrx_word' id='word_1_337' title='bbox 1431 4458 1499 4521; x_wconf 86' lang='lat' dir='ltr'><strong>apud</strong></span> 
     </span>
     <span class='ocr_line' id='line_1_39' title="bbox 137 4542 1498 4613; baseline -0.002 -19"><span class='ocrx_word' id='word_1_338' title='bbox 137 4547 296 4610; x_wconf 84' lang='lat' dir='ltr'><strong>Hervagium</strong></span> <span class='ocrx_word' id='word_1_339' title='bbox 315 4546 427 4608; x_wconf 80' lang='lat' dir='ltr'><strong>[Fabric.</strong></span> <span class='ocrx_word' id='word_1_340' title='bbox 447 4549 478 4599; x_wconf 91' lang='lat' dir='ltr'><strong>B.</strong></span> <span class='ocrx_word' id='word_1_341' title='bbox 494 4550 525 4601; x_wconf 83' lang='lat' dir='ltr'><strong>G.</strong></span> <span class='ocrx_word' id='word_1_342' title='bbox 538 4550 556 4598; x_wconf 87' lang='lat'><strong>1.</strong></span> <span class='ocrx_word' id='word_1_343' title='bbox 569 4549 607 4598; x_wconf 91' lang='lat' dir='ltr'><strong>IV</strong></span> <span class='ocrx_word' id='word_1_344' title='bbox 628 4565 652 4613; x_wconf 90' lang='lat' dir='ltr'><strong>p.</strong></span> <span class='ocrx_word' id='word_1_345' title='bbox 666 4547 714 4601; x_wconf 88' lang='grc'><strong>361</strong></span> <span class='ocrx_word' id='word_1_346' title='bbox 737 4551 776 4600; x_wconf 87' lang='lat' dir='ltr'><strong>ed.</strong></span> <span class='ocrx_word' id='word_1_347' title='bbox 796 4547 882 4611; x_wconf 79' lang='lat'>1708]‚</span> <span class='ocrx_word' id='word_1_348' title='bbox 901 4548 1088 4600; x_wconf 81' lang='lat' dir='ltr'><strong>Parisinsm</strong></span> <span class='ocrx_word' id='word_1_349' title='bbox 1106 4547 1174 4610; x_wconf 91' lang='lat' dir='ltr'><strong>apud</strong></span> <span class='ocrx_word' id='word_1_350' title='bbox 1193 4546 1299 4608; x_wconf 82' lang='lat' dir='ltr'><strong>Rogard</strong></span> <span class='ocrx_word' id='word_1_351' title='bbox 1320 4542 1386 4595; x_wconf 87' lang='grc'><strong>1544</strong></span> <span class='ocrx_word' id='word_1_352' title='bbox 1405 4543 1498 4592; x_wconf 90' lang='lat' dir='ltr'><strong>aCer-</strong></span> 
     </span>
     <span class='ocr_line' id='line_1_40' title="bbox 136 4629 1499 4702; baseline -0.001 -21"><span class='ocrx_word' id='word_1_353' title='bbox 136 4635 192 4682; x_wconf 88' lang='lat' dir='ltr'><strong>sino</strong></span> <span class='ocrx_word' id='word_1_354' title='bbox 213 4635 364 4696; x_wconf 86' lang='lat' dir='ltr'><strong>inspectam,</strong></span> <span class='ocrx_word' id='word_1_355' title='bbox 385 4637 638 4702; x_wconf 83' lang='lat' dir='ltr'><strong>Antverpiarrarn</strong></span> <span class='ocrx_word' id='word_1_356' title='bbox 657 4651 747 4699; x_wconf 80' lang='lat' dir='ltr'><strong>graece</strong></span> <span class='ocrx_word' id='word_1_357' title='bbox 767 4653 798 4686; x_wconf 85' lang='lat' dir='ltr'><strong>ex</strong></span> <span class='ocrx_word' id='word_1_358' title='bbox 818 4637 886 4685; x_wconf 85' lang='grc'><strong>51115.</strong></span> <span class='ocrx_word' id='word_1_359' title='bbox 905 4635 962 4684; x_wconf 93' lang='lat' dir='ltr'><strong>Ioh.</strong></span> <span class='ocrx_word' id='word_1_360' title='bbox 982 4635 1060 4683; x_wconf 79' lang='lat' dir='ltr'><strong>Loei</strong></span> <span class='ocrx_word' id='word_1_361' title='bbox 1082 4629 1157 4683; x_wconf 59' lang='lat'><strong>1543.</strong></span> <span class='ocrx_word' id='word_1_362' title='bbox 1177 4629 1211 4682; x_wconf 86' lang='lat'><strong>8⁰-</strong></span> <span class='ocrx_word' id='word_1_363' title='bbox 1241 4647 1256 4678; x_wconf 97' lang='grc'><strong>5</strong></span> <span class='ocrx_word' id='word_1_364' title='bbox 1274 4632 1399 4680; x_wconf 86' lang='lat' dir='ltr'><strong>Beclrio</strong></span> <span class='ocrx_word' id='word_1_365' title='bbox 1419 4633 1499 4679; x_wconf 86' lang='lat' dir='ltr'><strong>visam</strong></span> 
     </span>
     <span class='ocr_line' id='line_1_41' title="bbox 136 4719 1498 4788; baseline -0.003 -19"><span class='ocrx_word' id='word_1_366' title='bbox 136 4721 198 4770; x_wconf 86' lang='lat' dir='ltr'><strong>mihi</strong></span> <span class='ocrx_word' id='word_1_367' title='bbox 208 4723 334 4784; x_wconf 84' lang='lat' dir='ltr'><strong>inspicere</strong></span> <span class='ocrx_word' id='word_1_368' title='bbox 346 4739 396 4770; x_wconf 91' lang='lat' dir='ltr'><strong>non</strong></span> <span class='ocrx_word' id='word_1_369' title='bbox 407 4725 522 4786; x_wconf 85' lang='lat' dir='ltr'><strong>contigit.</strong></span> <span class='ocrx_word' id='word_1_370' title='bbox 541 4731 741 4788; x_wconf 85' lang='lat' dir='ltr'><strong>praeparaverat</strong></span> <span class='ocrx_word' id='word_1_371' title='bbox 753 4723 892 4772; x_wconf 87' lang='lat' dir='ltr'><strong>editionem</strong></span> <span class='ocrx_word' id='word_1_372' title='bbox 906 4737 1025 4785; x_wconf 82' lang='lat' dir='ltr'><strong>graecam</strong></span> <span class='ocrx_word' id='word_1_373' title='bbox 1035 4737 1092 4769; x_wconf 90' lang='lat' dir='ltr'><strong>cum</strong></span> <span class='ocrx_word' id='word_1_374' title='bbox 1103 4720 1183 4769; x_wconf 87' lang='lat' dir='ltr'><strong>latine</strong></span> <span class='ocrx_word' id='word_1_375' title='bbox 1196 4719 1315 4767; x_wconf 88' lang='lat' dir='ltr'><strong>versione</strong></span> <span class='ocrx_word' id='word_1_376' title='bbox 1328 4719 1349 4766; x_wconf 94' lang='lat' dir='ltr'><strong>l.</strong></span> <span class='ocrx_word' id='word_1_377' title='bbox 1361 4719 1498 4766; x_wconf 88' lang='lat' dir='ltr'><strong>Christian.</strong></span> 
     </span>
     <span class='ocr_line' id='line_1_42' title="bbox 136 4805 1498 4871; baseline -0.004 -15"><span class='ocrx_word' id='word_1_378' title='bbox 136 4807 261 4868; x_wconf 78' lang='lat' dir='ltr'><strong>wolfius,</strong></span> <span class='ocrx_word' id='word_1_379' title='bbox 280 4808 314 4856; x_wconf 88' lang='lat' dir='ltr'><strong>ad</strong></span> <span class='ocrx_word' id='word_1_380' title='bbox 335 4823 410 4870; x_wconf 89' lang='lat' dir='ltr'><strong>quam</strong></span> <span class='ocrx_word' id='word_1_381' title='bbox 430 4810 546 4858; x_wconf 87' lang='lat' dir='ltr'><strong>codicum</strong></span> <span class='ocrx_word' id='word_1_382' title='bbox 571 4811 680 4859; x_wconf 83' lang='lat' dir='ltr'><strong>duorum</strong></span> <span class='ocrx_word' id='word_1_383' title='bbox 703 4810 916 4859; x_wconf 81' lang='lat' dir='ltr'><strong>futtiliesimorum</strong></span> <span class='ocrx_word' id='word_1_384' title='bbox 942 4810 1039 4858; x_wconf 88' lang='lat' dir='ltr'><strong>variam</strong></span> <span class='ocrx_word' id='word_1_385' title='bbox 1066 4809 1217 4871; x_wconf 86' lang='lat' dir='ltr'><strong>scripturam</strong></span> <span class='ocrx_word' id='word_1_386' title='bbox 1242 4805 1410 4853; x_wconf 80' lang='lat' dir='ltr'><strong>adnotatores</strong></span> <span class='ocrx_word' id='word_1_387' title='bbox 1436 4811 1498 4852; x_wconf 87' lang='lat' dir='ltr'><strong>erat.</strong></span> 
     </span>
     <span class='ocr_line' id='line_1_43' title="bbox 136 4893 1496 4960; baseline -0.003 -18"><span class='ocrx_word' id='word_1_388' title='bbox 136 4893 245 4944; x_wconf 78' lang='lat' dir='ltr'><strong>schedae</strong></span> <span class='ocrx_word' id='word_1_389' title='bbox 264 4903 400 4945; x_wconf 85' lang='lat' dir='ltr'><strong>serventur</strong></span> <span class='ocrx_word' id='word_1_390' title='bbox 418 4897 443 4946; x_wconf 91' lang='lat' dir='ltr'><strong>in</strong></span> <span class='ocrx_word' id='word_1_391' title='bbox 466 4897 653 4960; x_wconf 84' lang='lat' dir='ltr'><strong>Hambnrgensi</strong></span> <span class='ocrx_word' id='word_1_392' title='bbox 672 4895 828 4945; x_wconf 86' lang='lat' dir='ltr'><strong>bibliotheca</strong></span> <span class='ocrx_word' id='word_1_393' title='bbox 846 4896 952 4945; x_wconf 87' lang='lat' dir='ltr'><strong>urbana.</strong></span> <span class='ocrx_word' id='word_1_394' title='bbox 981 4894 1124 4944; x_wconf 85' lang='lat' dir='ltr'><strong>absolutam</strong></span> <span class='ocrx_word' id='word_1_395' title='bbox 1142 4895 1214 4942; x_wconf 90' lang='lat' dir='ltr'><strong>illam</strong></span> <span class='ocrx_word' id='word_1_396' title='bbox 1234 4907 1288 4941; x_wconf 91' lang='lat' dir='ltr'><strong>non</strong></span> <span class='ocrx_word' id='word_1_397' title='bbox 1308 4905 1371 4950; x_wconf 87' lang='lat' dir='ltr'><strong>csse,</strong></span> <span class='ocrx_word' id='word_1_398' title='bbox 1396 4893 1438 4940; x_wconf 84' lang='lat' dir='ltr'><strong>vix</strong></span> <span class='ocrx_word' id='word_1_399' title='bbox 1458 4897 1496 4939; x_wconf 88' lang='lat' dir='ltr'><strong>est</strong></span> 
     </span>
     <span class='ocr_line' id='line_1_44' title="bbox 136 4981 364 5042; baseline 0.004 -13"><span class='ocrx_word' id='word_1_400' title='bbox 136 4981 205 5042; x_wconf 90' lang='lat' dir='ltr'><strong>quod</strong></span> <span class='ocrx_word' id='word_1_401' title='bbox 221 4982 364 5032; x_wconf 82' lang='lat' dir='ltr'><strong>doleamne.</strong></span> 
     </span>
    </p>
   </div>
   <div class='ocr_carea' id='block_1_6' title="bbox 0 0 1864 5730">
    <p class='ocr_par' dir='ltr' id='par_1_9' title="bbox 0 0 1864 5730">
     <span class='ocr_line' id='line_1_45' title="bbox 0 0 1864 5730; baseline 0 0"><span class='ocrx_word' id='word_1_402' title='bbox 0 0 1864 5730; x_wconf 95' lang='lat' dir='ltr'><strong> </strong></span> 
     </span>
    </p>
   </div>
  </div>
 </body>
</html>
