3648 5736
370 431 563 481 EPIPHANII
582 427 738 480 ADVERS.
755 429 909 490 114Ῑὺ11Εὸ.
927 424 1008 488 1118,
1022 427 1038 480 9
1056 427 1108 487 (111
1121 427 1211 488 ιιι-νε)
1409 423 1469 488 591

243 601 285 665 18
330 597 569 683 Πρωταγόρας
597 599 614 661 6
643 601 695 660 τοῦ
724 593 893 681 Μενάνδρου
925 593 1095 682 Ἀβδηρίτης
1124 591 1182 678 ἔφη
1212 592 1254 677 μὴ
1284 591 1372 662 θεοὺς
1401 591 1473 655 εῖναι

161 701 236 786 μηδὲ
259 702 336 772 όλως
357 701 428 766 θεὸν
450 700 601 785 ὑπάρχειν.

243 807 282 870 17
322 803 489 886 Διογένης
511 804 527 866 6
544 801 715 886 Σμυρναῖος,
737 801 812 864 κατὰ
834 799 868 864 δέ
888 823 965 870 τινας
981 797 1155 884 Κυρηναῖος,
1178 797 1215 861 τά
1236 796 1310 860 αὑτὰ
1330 800 1374 880 τῷ
1390 793 1473 880 Πρω-

159 904 269 990 ταγόρᾳ
290 904 419 974 ἐδόξασε.
1127 981 1131 987 ¹

132 1033 144 1069 ε
246 1010 288 1072 18
332 1007 478 1092 Πύρρων
508 1005 567 1068 άπδ
592 1002 713 1074 Ἤλιδος
742 1009 801 1068 τῶν
830 1000 927 1068 ἄλλων
958 999 1058 1087 σοφιῖνν
1084 1002 1122 1065 τὰ
1148 1001 1278 1084 δόγματα
1305 1002 1473 1082 συναγαγὼν

157 1109 252 1172 πάντα
284 1108 445 1179 ἀναθέσεις
478 1108 576 1177 αὐτοῖς
611 1105 735 1192 ἔγραψεν
768 1107 936 1191 ἀνατρέπων
971 1105 1023 1174 τὰς
1055 1103 1141 1174 δόξας
1170 1103 1268 1167 αὑτιῖιν
1300 1102 1349 1165 καλ
1379 1101 1473 1164 οὑδενὶ

160 1210 281 1294 δόγματι
303 1211 454 1296 ἠρέσκετο.
743 1234 744 1238 ’

246 1316 286 1378 19
326 1311 568 1395 Ἐμπεδοκλῆς
590 1312 606 1374 6
628 1315 681 1373 τοῦ
704 1308 843 1379 Μέτωνος
861 1308 1077 1395 Ἀκραγαντῖνος
1099 1313 1157 1392 πῦρ
1178 1309 1226 1372 καὶ
1249 1313 1303 1392 γῆν
1325 1309 1374 1373 καὶ
1395 1307 1472 1390 ὕδωρ

162 1415 210 1478 καὶ
234 1413 308 1498 ἀέρα
329 1413 451 1498 τέτταρα
477 1412 648 1498 πρωτόγονα
674 1412 805 1497 εἰσέφερε
832 1415 964 1498 στοιχεῖα
990 1413 1038 1476 καί
1066 1409 1163 1495 ἔλεγεν
1191 1407 1302 1496 ἔχθραν
1332 1412 1507 1496 ὑπάρχεινο

122 1544 145 1581 ιο
163 1521 278 1601 πρῶτον
299 1523 358 1580 τῶν
380 1517 544 1602 στοιχείων.
581 1517 745 1600 κεχώριστο
759 1516 824 1599 γάρ,
846 1516 929 1600 φησί,
950 1515 984 1578 τδ
1000 1515 1150 1599 πρότερον,
1172 1516 1222 1576 νῦν
1245 1513 1279 1576 δδ
1301 1515 1474 1596 συνήνωται,

163 1623 204 1688 όνς
226 1617 312 1703 λέγει,
334 1618 501 1704 φιλωθέντα
523 1619 669 1701 ἀλλήλας.
713 1617 765 1682 δὺο
792 1615 842 1682 οῦν
869 1618 925 1682 είσι
951 1616 1014 1682 κατ’
1042 1618 1130 1681 αὑτὸν
1152 1615 1313 1700 ἀρχαὶκαὶ
1340 1617 1475 1697 δυνάμεις

165 1719 262 1806 ἔχθρα
283 1723 332 1786 καὶ
354 1721 447 1804 φιλία,
470 1723 511 1784 ὧν
534 1723 554 1805 ἡ
578 1721 630 1802 μέν
653 1719 729 1784 ἐστιν
751 1721 875 1804 ἑνωτικὴ
898 1722 918 1804 ἡ
941 1720 974 1783 δὲ
996 1720 1217 1805 διαχωριστική.

243 1827 287 1890 20
324 1822 556 1908 Ἡράκλειτος
584 1825 601 1887 6
628 1827 679 1886 τοῦ
711 1819 864 1892 Βλόσωνος
887 1819 1021 1906 Ἐφέσιος
1049 1823 1084 1885 ἐκ
1105 1822 1195 1906 πυρδς
1217 1818 1299 1904 ἔλεγε
1320 1821 1357 1884 τὰ
1378 1821 1473 1885 πάντα

160 1923 234 1989 εἶναι
256 1927 305 1989 καὶ
327 1926 368 1995 είς
390 1929 448 2009 πῦρ
469 1929 555 1990 πάλιν
578 1923 765 1989 ἀναλύεσθαι.

122 2057 145 2094 ιο
248 2031 288 2093 21
326 2026 505 2112 Πρόδικος
526 2026 712 2110 τὰτέτταρα
732 2030 863 2111 στοιχεῖα
884 2025 971 2096 θεοὺς
992 2028 1077 2090 καλεῖ
1097 2025 1160 2090 εἶτα
1177 2028 1260 2112 ἥλιον
1276 2029 1324 2090 καὶ
1340 2029 1474 2112 σελήνην.

160 2131 194 2194 ἐκ
216 2131 270 2215 γὰρ
292 2130 402 2194 τοὺιων
424 2135 496 2194 τοῖσι
516 2131 549 2192 τδ
572 2130 695 2202 ζωτικὸν
718 2125 814 2212 ἔλεγεν
837 2129 990 2214 ὑπάρχειν.

186 2231 191 2244 ’
249 2234 291 2297 22
328 2231 474 2298 Πλάτων
493 2219 647 2316 Ἀθηναῖος
670 2231 739 2296 θεὸν
762 2228 843 2314 ἔλεγε
864 2233 912 2296 καλ
937 2231 1007 2314 ὑλην
1030 2229 1103 2296 εἶναι
1125 2233 1174 2296 καλ
1191 2229 1278 2308 εἶδος,
1299 2233 1349 2294 τδν
1364 2233 1511 2316 κόσμονο

163 2335 196 2396 δὲ
222 2336 343 2418 γενητὸν
365 2335 413 2398 καὶ
436 2335 566 2420 φθαρτόν
589 2334 746 2418 ὑπάρχειν,
775 2335 828 2417 τὴν
850 2334 948 2417 ψυχὴν
971 2333 1004 2396 δὲ
1025 2333 1163 2417 ἀγένητον
1185 2335 1233 2398 καὶ
1257 2335 1403 2398 ἀθάνατον
1425 2335 1473 2398 καὶ

161 2436 244 2504 θείαν
266 2437 351 2520 λέγει.
396 2435 469 2500 εἶναι
498 2438 531 2500 δὲ
560 2435 651 2520 αὑτῆς
679 2436 744 2520 τρία
772 2434 858 2519 μέρη,
887 2435 1001 2516 λογικὸν
1032 2434 1155 2517 θυμικὸν
1183 2437 1231 2501 καὶ
1254 2423 1474 2521 ἐπιθυμητικόν.

119 2569 144 2608 ου
161 2536 242 2623 ἔλεγε
269 2541 303 2603 δὲ
327 2540 394 2608 τοὺτ
420 2540 529 2622 γάμους
558 2541 607 2604 καὶ
629 2540 680 2608 τάς
708 2541 844 2621 γυναῖκας
873 2537 932 2600 δεῖν
961 2538 1058 2607 κοινὰς
1086 2543 1146 2608 τοῖς
1176 2543 1248 2602 πᾶσι
1275 2539 1404 2623 γίνεσθαι
1426 2543 1475 2605 καλ

163 2643 273 2728 μηδένα
288 2643 347 2726 ίδίιρ
361 2642 428 2724 μίαν
449 2638 528 2726 ἔχειν
550 2643 688 2726 γαμετήν,
710 2640 785 2706 ἀλλὰ
806 2639 874 2708 τοῦς
895 2638 1033 2710 θέλοντας
1054 2645 1117 2711 ταῖς
1138 2641 1325 2726 βουλομέναις
1339 2649 1474 2708 συνεῖναι.

248 2748 289 2812 23
329 2742 554 2830 Ἀρίστιππος
583 2745 600 2808 6
627 2741 801 2828 Κυρηναῖος.
845 2740 929 2810 οὑτος
950 2741 1161 2827 γαστρίμαργος
1183 2745 1224 2808 οὑν
1247 2745 1295 2808 καὶ
1316 2747 1471 2830 φιλήδονος
1489 2776 1510 2814 ρ.
1525 2763 1658 2804 memet.

162 2850 244 2918 τέλος
259 2845 317 2932 ἔφη
332 2852 384 2930 τῆς
399 2851 497 2931 ψυχῆς
518 2847 571 2929 τὴν
595 2845 702 2930 ἡδονὴν
724 2843 787 2908 καί·
811 2844 888 2913 όστις
909 2845 1021 2928 ἥδεται,
1043 2845 1189 2929 εὐδαίμων
1204 2845 1298 2924 οὗτος,
1322 2849 1386 2911 όδὲ
1401 2847 1468 2932 μηδ’

166 2953 242 3022 Ιὑλως
263 2951 405 3035 ἡδόμενος
426 2948 592 3032 τρισάθλιος
614 2949 663 3012 καλ
685 2946 881 3027 κακοδαίμων,
905 2947 945 3016 ιὺς
968 2969 1051 3032 φησι.

125 3083 148 3120 ου
252 3053 294 3118 24
337 3050 520 3135 Θεόδωρος
543 3049 664 3118 ὑάθεος
685 3048 853 3131 ἐπικληθεὶς
875 3046 934 3134 ἔφη
948 3052 1037 3134 λῆρον
1059 3049 1132 3114 εἶναι
1153 3053 1221 3122 τοῦς
1242 3053 1307 3136 περὶ
1329 3057 1380 3115 τοῦ
1403 3051 1474 3115 θεοῦ

161 3157 274 3240 λόγους.
318 3151 395 3240 η’ίετο
428 3155 483 3237 γὰρ
515 3153 556 3236 μὴ
588 3150 661 3215 εἶναι
690 3151 770 3216 θεῖον
800 3151 849 3214 καὶ
878 3152 981 3216 τοότου
1011 3154 1106 3217 ἕνεκεν
1141 3154 1336 3239 προύτρέπετο
1367 3155 1476 3224 πάντας

161 3258 293 3322 κλέπτειν
316 3257 459 3340 ἐπιορκεῖν
482 3256 620 3342 ἁρπάζειν
643 3255 691 3318 καὶ
715 3255 755 3336 μὴ
780 3253 1049 3337 ὑπεραποθνῄσκειν
1066 3255 1212 3339 πατρίδος.
1241 3254 1324 3339 ἔλεγε
1338 3257 1393 3340 γὰρ
1408 3257 1476 3339 μίαν

162 3361 286 3444 πατρίδα
308 3359 380 3424 εἶναι
402 3361 451 3423 τδν
474 3358 583 3440 κόσμον
605 3357 654 3422 καὶ
676 3356 788 3439 ἀγαθὸν
811 3356 898 3436 μόνον
919 3353 1001 3438 ἔλεγε
1022 3358 1071 3420 τόν
1093 3357 1332 3440 εὐδαιμονοῦντα,
1354 3359 1477 3444 φεύγειν

164 3464 197 3527 δὲ
224 3465 273 3526 τδν
303 3465 511 3548 δυστυχοῦντα,
541 3459 594 3523 κᾶν
625 3457 646 3541 ᾗ
679 3459 780 3544 σοφός,
802 3459 851 3524 καὶ
880 3459 1004 3548 αἱρετόν
1023 3458 1096 3523 εἶναι
1123 3461 1172 3523 τὺν
1199 3459 1311 3546 ἄφρονα
1338 3461 1512 3527 πλοὺσιονε

124 3593 147 3632 ιο
166 3564 235 3629 όντα
255 3565 303 3629 καὶ
327 3564 460 3649 ἀπεχθῆ.

247 3670 288 3733 25
327 3665 496 3750 Ἡγησίας
518 3663 691 3750 Κυρηναῖος.
737 3664 820 3735 οὑτος
851 3661 909 3748 ἔφη
933 3665 1008 3748 μήτε
1028 3665 1125 3748 φιλίας
1148 3667 1223 3750 μήτε
1244 3667 1365 3752 χάριτας
1387 3665 1475 3732 εἶναι·

50 3777 78 3850 ᾗ
164 3769 204 3854 μὴ
235 3769 375 3854 ὑπάρχειν
397 3770 451 3854 γὰρ
473 3769 562 3838 αὐτὰς
585 3767 696 3852 ἔλεγεν,
723 3768 799 3833 ἀλλὰ
825 3766 947 3853 χρῄζων
968 3791 1011 3836 τις
1032 3765 1127 3831 ἔδωκε
1148 3769 1234 3854 χάριν
1256 3770 1276 3854 ἢ
1299 3769 1427 3854 κρεῖττόν
1449 3795 1476 3834 τι

164 3873 269 3936 παθὼν
291 3871 442 3956 εὐεργετεῖ.
488 3869 570 3953 ἔλεγε
599 3871 634 3934 δὲ
660 3871 709 3936 καί
738 3875 781 3955 τῷ
811 3869 917 3954 φαόλιρ
938 3871 1019 3954 ἀνδρὶ
1041 3871 1187 3941 λυσιτελὲς
1214 3873 1248 3935 τδ
1271 3873 1341 3957 ζῆν,
1370 3880 1415 3959 τῷ
1443 3875 1477 3938 δὲ

164 3979 246 4059 σοφῷ
270 3974 303 4036 τὸ
327 3974 495 4052 ἀποθανεῖν,
518 3975 559 4043 ὥς
580 3997 659 4043 τινας
679 3973 714 4036 ἐκ
735 3971 838 4036 τοότου
859 3972 1061 4037 πεισιθάνατον
1084 3974 1172 4038 αὑτὸν
1194 3975 1326 4040 καλέσαι.

121 4104 144 4140 ου
248 4079 290 4142 26
330 4073 553 4160 Ἀντισθένης
577 4077 592 4140 6
615 4075 649 4138 ἐκ
670 4075 803 4160 Θρᾴττης
826 4075 935 4159 μητρός
956 4075 1044 4146 αὑτδς
1063 4077 1096 4139 δὲ
1114 4075 1282 4160 Ἀθηναῖος,
1304 4079 1337 4141 τδ
1360 4084 1475 4164 πρῶτον

165 4178 351 4263 Σωκρατικὸς
379 4176 478 4242 ἔπειτα
506 4181 620 4248 κυνικός
642 4175 735 4264 ἔφησε
758 4179 799 4262 μὴ
823 4181 929 4264 χρῆναι
951 4179 988 4242 τὰ
1010 4179 1087 4242 κακὰ
1109 4182 1279 4264 ζηλοτυπεῖν
1308 4181 1415 4267 ἑτέρων
1442 4181 1475 4266 [ἢ

164 4279 200 4342 τά
222 4278 289 4365 παρ’
319 4282 456 4366 ἀλλήλους
477 4281 610 4368 αίσχραΊ·
640 4281 677 4344 τὰ
707 4281 740 4346 δὲ
762 4280 846 4366 τείχη
869 4283 927 4343 τῶν
950 4280 1064 4345 πόλεων
1086 4281 1158 4346 εἶναι
1181 4283 1311 4368 σφαλερὰ
1332 4285 1404 4368 πρός
1425 4285 1509 4347 τδνο

163 4379 224 4445 ἔσω
246 4381 401 4468 προδότην,
423 4385 569 4448 ἀσάλευτα
591 4385 624 4447 δὲ
645 4383 682 4447 τὰ
703 4385 756 4467 τῆς
778 4387 876 4468 ψυχῆς
897 4381 988 4468 τείχη
1005 4383 1052 4446 καλ
1076 4383 1200 4470 ἀρραγῆ.

115 4572 125 4624 1
153 4566 308 4641 Μενάνδρουι
338 4575 415 4624 immo
439 4565 592 4640 Μαιανδρίου
617 4568 630 4638 ΕΙ
651 4570 667 4626 3
687 4565 768 4639 Σμυρ-
820 4589 845 4637 p.
861 4571 911 4624 177
932 4568 947 4640 Η
967 4571 1001 4624 24
1019 4587 1079 4640 φασι
1097 4576 1188 4640 vulgo:
1208 4577 1309 4628 correxi
1328 4579 1359 4628 τί.
1377 4575 1478 4644 p.592,

111 4663 178 4716 ναῖος
205 4657 261 4710 κτλ.
290 4663 321 4712 cf.
349 4663 421 4714 Prol.
449 4679 475 4727 ρ.
496 4660 544 4712 177
575 4657 589 4726 ΙΙ
620 4659 652 4710 11
683 4657 769 4728 φιλιω-
821 4658 854 4712 29
875 4655 889 4726 ΙΙ
908 4658 943 4714 28
960 4663 1043 4726 possis
1061 4659 1180 4728 φευκτδνι
1200 4659 1294 4732 φαῦλον
1306 4664 1391 4716 Zella·
1409 4659 1424 4730 ΙΙ
1443 4661 1478 4715 80

111 4743 188 4795 θίντα
212 4749 280 4798 coni.
300 4749 333 4796 A.
354 4749 419 4798 Iahn
439 4745 453 4815 ΙΙ
476 4746 508 4798 13
527 4749 559 4798 de
577 4749 710 4798 Heraclito
736 4749 769 4798 σί.
821 4744 913 4818 ἀπειθῆ
936 4750 1029 4814 vulgoz
1052 4751 1161 4800 correxi.
1189 4745 1276 4818 ἀπαθῆ
1299 4749 1383 4800 Ζε11ει·
1405 4746 1419 4815 ΙΙ
1444 4747 1479 4802 33

112 4834 183 4884 Prol.
203 4849 228 4897 p.
244 4831 293 4884 177
319 4828 333 4898 ΙΙ
357 4831 389 4887 15
408 4850 445 4892 τις
467 4833 575 4904 τέσσαρα
596 4837 688 4899 vulgo:
712 4849 768 4884 cor·
822 4833 914 4904 ίτίρων
933 4836 1075 4890 Commius
1092 4853 1146 4888 αοπ
1165 4835 1242 4888 licere
1260 4835 1374 4888 αίίυιτιοι
1390 4837 1479 4900 mia

113 4923 167 4970 rexi
182 4917 194 4986 ll
214 4919 244 4972 17
259 4937 316 4970 oum
328 4921 438 4974 Ρίενυιιε
452 4924 483 4973 τί.
497 4941 522 4988 ρ.
532 4921 592 4986 587,
600 4921 625 4975 8.
639 4921 699 4986 588,
709 4920 743 4974 20
755 4919 768 4990 Η
822 4923 930 4976 uectari:
945 4920 1028 4993 ἕτερον
1038 4926 1124 4990 vulgo.
1147 4929 1267 4992 proxima
1276 4927 1408 4992 interpreti
1419 4926 1478 4978 τεό-

113 5003 146 5058 20
169 5004 206 5058 δεῖ
227 5008 286 5060 libri
317 5004 329 5079 ΙΙ
360 5007 393 5060 22
418 5013 449 5063 de
473 5011 621 5078 Cyrenaicis
644 5013 675 5062 ef.
698 5011 770 5064 Prol.
823 5013 885 5076 didi,
899 5014 943 5078 qui
956 5028 1002 5080 ριο
1015 5009 1132 5084 ἀλλήλους
1144 5015 1274 5082 σιίριὶνεε
1284 5014 1385 5066 videtur
1395 5009 1479 5076 ἄλλοις
