3708 5738
519 379 777 430 nuneuuuuuu
796 379 845 428 nn
865 377 1039 430 suusissus
1057 376 1189 440 του-65
1471 377 1532 442 517

222 547 270 610 καί
284 546 443 630 βμάλιστα
470 548 544 611 κατὰ
570 547 664 630 λύγον.
709 547 853 632 διαφέρειν
876 547 909 611 δέ
935 571 961 611 τι
983 549 1035 633 τὴν
1058 548 1139 612 θέσιν
1162 548 1210 611 καὶ
1232 549 1284 632 τὴν
1307 547 1485 632 ἐναπύληψιν

223 653 281 714 τῶν
303 653 395 713 κενῶν
417 653 469 714 τοῦ
492 653 619 734 σκληροῦ
641 651 689 714 καὶ
712 651 845 732 μαλακοῦ
867 649 915 714 καὶ
938 649 1042 735 βαρέος
1062 650 1111 714 καλ
1134 650 1255 735 κούφου.
1296 650 1340 714 διδ
1363 649 1485 734 σκληρύ-

221 775 301 837 τερον
325 753 377 835 μὲν
400 751 472 816 εἶναι
494 752 622 837 σίδηρον,
644 752 799 837 βαρύτερον
821 752 854 815 δὲ
877 753 1034 839 μόλυβδον·
1056 754 1105 817 τδν
1129 754 1181 836 μὲν
1202 752 1257 838 γὰρ
1277 752 1394 838 σίδηρον
1411 753 1482 816 ἀνω

221 856 321 936 μαλως
336 855 505 940 συγκεῖσθαι
521 855 569 918 καὶ
584 857 617 918 τδ
632 856 714 918 κενὸν
729 852 809 940 ἔχειν
824 855 962 940 πολλαχῇ
977 856 1026 920 καὶ
1042 857 1117 920 κατὰ
1132 857 1253 939 μεγαλα,
1274 855 1484 919 πεπυκνῶσθαι

189 957 252 1020 ιδὲ
280 958 354 1022 κατὰ
391 955 468 1036 ἔνια,
501 958 603 1027 ἁπλῶς
633 957 666 1022 δὲ
696 956 783 1020 πλέον
815 955 894 1042 ἔχειν
921 959 1013 1022 κενύν.
1058 961 1106 1023 τὸν
1133 959 1166 1022 δὲ
1195 959 1338 1043 μόλυβδον
1365 956 1483 1022 ἔλαττον

220 1058 327 1146 ἔχοντα
342 1039 423 1124 κενὸν
446 1062 565 1143 ὁμαλῶς
587 1060 755 1144 συγκεῖσθαι
770 1057 845 1144 (καὶ)
860 1061 934 1126 κατὰ
955 1065 1012 1125 πῶν
1035 1062 1153 1146 ὁμοίως,
1177 1063 1221 1125 διδ
1245 1062 1398 1147 βαρύτερον
1422 1063 1484 1143 μέν,

221 1165 427 1247 μαλακώτερον
450 1161 476 1226 δ’
496 1161 570 1228 είναι
593 1167 645 1227 τοῦ
660 1165 790 1248 σιδήρου.
944 1166 1009 1250 περὶ
1025 1166 1077 1248 μὲν
1093 1163 1170 1249 <οῦν>
1184 1165 1287 1250 βαρέος
1306 1163 1355 1228 καὶ
1370 1163 1481 1248 κούφου
1499 1171 1532 1227 63

220 1265 268 1329 καλ
292 1267 419 1349 σκληροῦ
441 1266 489 1330 καὶ
518 1267 649 1350 μαλακοῦ
677 1266 707 1330 ἐν
735 1265 847 1336 τούτοις
874 1267 1016 1352 ἀφορίζει.
1060 1273 1118 1331 τῶν
1148 1269 1180 1332 δὲ
1207 1266 1303 1330 ἄλλων
1331 1265 1481 1350 αἰσθητῶν

220 1366 335 1436 οὐδενὸς
358 1365 430 1432 εἶναι
452 1369 548 1452 φύσιν,
569 1368 645 1432 άλλὰ
666 1369 760 1432 πάντα
781 1368 865 1452 πάθη
887 1373 939 1453 τῆς
961 1369 1129 1455 αἰσθήσεως
1152 1369 1370 1452 ἀλλοιουμένης,
1393 1367 1423 1438 ἐξ
1445 1369 1481 1453 ἧς

178 1497 202 1537 ιο
218 1469 348 1552 γίνεσθαι
375 1473 427 1554 τὴν
454 1471 623 1556 φαντασίαν.
668 1471 737 1536 οὐδὲ
766 1472 820 1556 γάρ
852 1476 904 1535 τοῦ
937 1477 1051 1558 ψυχροῦ
1084 1474 1132 1537 καὶ
1165 1477 1218 1536 τοῦ
1252 1473 1362 1557 θερμοῦ
1395 1472 1479 1556 φύσιν

218 1571 368 1657 ὑπάρχειν,
391 1575 466 1638 ἀλλὰ
480 1575 514 1638 τδ
530 1574 648 1660 σχῆμά
658 1572 888 1658 μεταπίπτον’
909 1575 1082 1659 ἐργάζεσθαι
1096 1577 1145 1641 καὶ
1160 1577 1212 1660 τὴν
1228 1574 1371 1660 ἡμετέραν
1387 1574 1480 1637 ἀλλοί-

214 1695 299 1738 ωσιν·
323 1676 450 1762 ὅτιγὰρ
467 1677 501 1742 ἂν
523 1677 632 1762 ἄθρουν
655 1677 688 1761 ᾗ,
710 1674 784 1741 τοῦτ’
812 1677 954 1763 ἐνισχύειν
977 1677 1104 1763 ἑκάστῳ,
1126 1679 1159 1742 τδ
1182 1675 1207 1741 δ’
1235 1677 1276 1748 εἰς
1299 1677 1396 1761 μακρὰ
1421 1678 1480 1740 δια-

215 1780 406 1862 νενεμημένον
429 1780 605 1864 ἀναίσθητον
628 1780 710 1845 εἶναι.
748 1784 868 1863 σημεῖον
891 1777 917 1843 δ’
946 1782 986 1848 ῶς
1009 1778 1062 1842 οῦκ
1084 1779 1139 1844 εἰσὶ
1162 1781 1247 1866 φύσει
1268 1781 1302 1844 τὸ
1326 1781 1367 1864 μὴ
1388 1779 1479 1844 ταύτὰ

213 1884 283 1944 πᾶσι
309 1883 464 1967 φαίνεσθαι
490 1887 550 1953 τοῖς
576 1881 678 1968 ζῴοις,
706 1880 770 1946 ἀλλ’
798 1884 814 1947 ὃ
842 1884 910 1966 ἡμῖν
938 1881 1043 1964 γλυκύ,
1069 1880 1146 1945 τοῦτ’
1178 1882 1275 1953 ἄλλοις
1302 1884 1403 1967 πικρδν
1430 1883 1478 1946 καὶ

175 2010 198 2048 τι
216 1983 323 2068 ἑτέροις
351 1984 401 2054 dih
430 1987 479 2050 καὶ
501 1986 599 2056 ἄλλοις
624 1987 709 2070 δριμύ
737 1989 796 2056 τοῖς
819 1987 851 2050 δὲ
874 1985 1015 2070 στρυφνδν
1046 1987 1093 2050 καὶ
1116 1987 1152 2050 τὰ
1174 1985 1249 2050 σῦλα
1272 1983 1296 2048 δ’
1326 1984 1475 2054 ὡσαύτως.

212 2083 255 2148 ἔτι
281 2085 307 2150 δ’
335 2089 440 2158 αὐτοὺς
467 2090 654 2174 μεταβάλλειν
681 2095 719 2172 τῇ
748 2089 847 2174 κράσει
875 2089 949 2152 κατὰ
975 2089 1011 2152 τὰ
1038 2089 1121 2173 πάθη
1148 2089 1269 2158 καὶτὰς
1296 2087 1423 2172 ἡλικίας·
1453 2086 1527 2172 ᾑ64

211 2189 259 2252 καὶ
275 2192 409 2275 φανερόν,
432 2193 473 2262 ῶς
495 2193 515 2276 ἡ
538 2192 667 2262 διάθεσις
689 2192 767 2256 αἰτία
788 2197 840 2275 τῆς
862 2193 1030 2276 φαντασίας.
1066 2194 1167 2262 ἁπλῶς
1190 2193 1242 2274 μὲν
1265 2190 1315 2256 οῦν
1338 2191 1402 2274 περὶ
1418 2195 1476 2253 τῶν

211 2290 361 2376 αἰσθητῶν
383 2295 461 2358 ούτω
483 2297 541 2358 δεῖν
565 2296 788 2381 ὑπολαμβάνειν.
831 2293 865 2358 ού
895 2295 951 2378 μὴν
975 2293 1041 2358 ἀλλ’
1070 2296 1168 2380 ὥσπερ
1195 2295 1302 2359 καὶτὰ
1324 2293 1398 2358 ἅλλα
1427 2293 1475 2356 καὶ

212 2398 303 2459 ταῦτα
324 2397 477 2480 ἀνατίθησι
504 2403 563 2467 τοῖς
586 2401 732 2483 σχήμασι·
761 2398 836 2482 πλὴν
859 2397 917 2482 οὐχ
939 2398 1073 2461 ἁπάντων
1097 2399 1257 2462 ἀποδίδωσι
1278 2397 1330 2468 τὰς
1352 2398 1475 2482 μορφάς,

171 2523 196 2562 re
214 2497 289 2562 ἀλλὰ
319 2502 427 2580 μᾶλλον
449 2503 508 2564 τῶν
530 2503 630 2586 χυλῶν
653 2501 781 2566 καὶτῶν
804 2502 970 2584 χρωμάτων
992 2501 1039 2564 καὶ
1062 2500 1171 2564 τούτων
1194 2500 1395 2586 ἀκριβέστερον
1418 2502 1473 2564 διο-

211 2601 280 2683 ρίζει
319 2602 356 2666 τὰ
392 2604 456 2686 περὶ
494 2604 560 2674 τοῦς
597 2605 704 2689 χυλοὺς
742 2603 894 2686 ἀναφέρων
928 2603 980 2686 τὴν
1013 2603 1171 2688 φαντασίαν
1205 2605 1276 2688 πρδς
1308 2603 1474 2688 ἄνθρωπον.

209 2702 258 2766 τὸν
282 2704 334 2786 μὲν
356 2701 406 2768 σύν
429 2703 494 2774 hibe
517 2703 589 2770 εἶναι
611 2712 654 2791 τῷ
679 2707 809 2790 σχήματι
831 2707 970 2789 ηωνοειδῆ
994 2729 1025 2769 τε
1047 2707 1094 2772 καὶ
1111 2709 1288 2792 πολυκαμπῆ
1306 2706 1353 2770 καὶ
1370 2707 1471 2790 μικρὸν
1490 2715 1523 2770 65

208 2807 255 2869 καὶ
279 2808 393 2871 λεπτύν.
439 2799 493 2870 διά
508 2808 562 2893 γὰρ
584 2810 636 2893 τὴν
663 2809 822 2893 δριμύτητα
849 2808 925 2894 ταχύ
954 2809 1001 2872 καὶ
1029 2811 1124 2894 πάντη
1151 2809 1334 2888 διαδύεσθαι,
1362 2810 1472 2894 τραχύν

209 2907 234 2971 δ’
263 2908 332 2973 ὄντα
360 2909 408 2972 καὶ
436 2914 575 2995 γωνοειδῆ
605 2913 734 2994 συνάγειν
762 2911 810 2974 καὶ
839 2913 965 2989 συσπῶν,
994 2914 1038 2976 διδ
1068 2914 1116 2977 καὶ
1144 2911 1307 2996 θερμαίνειν
1328 2913 1361 2974 τὸ
1385 2915 1473 2995 σῶμα

170 3041 194 3077 κο
212 3011 367 3094 κενότητας
390 3013 578 3094 ἐμποιοῦντα·
608 3017 731 3096 μαλιστα
758 3015 812 3099 γὰρ
835 3015 1044 3098 θερμαίνεσθαι
1066 3017 1099 3078 τὸ
1126 3019 1260 3078 πλεῖστον
1284 3012 1353 3100 ἔχον
1376 3016 1468 3080 κενύν.

206 3116 255 3178 τδν
278 3115 311 3177 δὲ
333 3113 438 3197 ηλυκδν
461 3114 494 3178 ἐκ
516 3121 678 3202 περιφερῶν
702 3117 869 3202 συγκεῖσθαι
893 3119 1053 3202 σχημάτων
1076 3116 1319 3202 <κα1>ούκάηαν
1349 3121 1470 3203 μικρῶν,

157 3321 576 3395 1μάλιστα(καλῆτιιστα>οοιιί.
599 3327 745 3388 Burcherd,
769 3331 812 3392 qui
864 3327 1021 3391 Stephanum
1061 3327 1106 3378 τοῦ
1137 3329 1182 3380 PF
1225 3321 1238 3390 ΙΙ
1280 3324 1314 3383 τίς
1350 3323 1435 3392 μακρὰ
1475 3325 1520 3376 PF

157 3412 319 3480 ροτρίικινδν
329 3411 395 3481 ίχον.
406 3415 514 3462 fortasse
525 3411 609 3464 καὶτὰ
618 3410 692 3464 λοιπὰ
704 3417 734 3465 ei.
746 3413 812 3467 v.15
864 3414 893 3463 in
931 3412 1012 3480 lonqa
1048 3413 1135 3477 spatia
1172 3412 1337 3477 dispertiam:
1374 3412 1408 3469 τίς
1443 3412 1521 3480 μικρά

155 3519 180 3566 p.
192 3496 308 3567 eruin
322 3497 346 3551 δ’
362 3497 398 3550 ἔτι
410 3499 561 3562 Schneider,
572 3501 740 3566 arenchii,
755 3501 784 3552 14
797 3499 811 3568 Η
864 3501 1007 3552 Schneider
1029 3496 1043 3566 Η
1072 3501 1103 3554 13
1122 3499 1150 3552 τὸ
1168 3503 1204 3552 F:
1229 3499 1266 3569 τῷ
1285 3503 1306 3552 P
1328 3497 1341 3566 Η
1361 3503 1441 3550 ταῦτα
1459 3501 1518 3552 PF:

156 3585 311 3655 ἐναπόλιιψιν
323 3589 380 3639 PF:
394 3604 460 3638 corr.
470 3589 635 3653 Pepeneordt
648 3591 715 3640 conl.
728 3590 742 3651 ᾖ
753 3589 786 3642 74
798 3585 812 3658 Η
864 3587 944 3638 ταυτὰ
958 3592 1070 3640 correxit
1082 3591 1226 3640 Vossianus
1242 3585 1254 3655 Η
1272 3586 1304 3640 15
1322 3586 1401 3656 δρυμδ
1420 3589 1488 3654 pei
1502 3584 1516 3654 Η

155 3673 234 3726 ἳτοῦ
251 3685 310 3726 ente
329 3672 439 3742 σκληροῦ
456 3683 600 3740 οιιερεοτυιο
624 3676 654 3726 ci
673 3675 724 3726 ν.7
739 3671 752 3740 Η
767 3677 812 3726 τοῦ
864 3674 969 3727 στυονάν
1003 3677 1025 3727 F
1063 3673 1077 3743 Η
1119 3675 1151 3728 16
1182 3681 1214 3744 τῇ
1248 3675 1326 3745 κρίσιι
1356 3678 1413 3728 PF:
1452 3691 1518 3726 corr.

154 3773 215 3814 ante
244 3761 332 3830 βαρέος
365 3765 476 3814 addebat
503 3763 656 3828 Philippeon
681 3759 695 3830 Η
726 3761 742 3814 3
767 3762 810 3830 μά·
864 3764 1018 3815 Schneider:
1041 3763 1089 3833 τὴν
1111 3761 1190 3833 κρίσιν
1213 3766 1318 3816 volebat
1339 3781 1396 3816 cum
1414 3765 1518 3834 Ρυρειι·

155 3848 238 3918 λιβδον
263 3853 284 3902 Ρ
307 3867 345 3916 pr.
365 3853 386 3901 F
409 3853 519 3916 itemque
538 3851 605 3902 infre
627 3847 680 3902 v.5
706 3846 719 3917 Η
745 3849 809 3902 ἀνω·
863 3852 962 3902 eordtio
987 3853 1102 3902 Mulieeh
1128 3851 1140 3919 Η
1166 3837 1188 3926 ιζ,
1210 3851 1242 3904 τὰ
1265 3848 1333 3920 πάθη
1357 3855 1394 3905 Pr
1418 3850 1462 3902 καὶ
1486 3848 1518 3900 τὰ

154 3933 240 4003 μάλως
263 3939 298 3988 P:
317 3935 458 4006 άνωμαλιῦς
476 3955 514 4005 pr.
530 3939 551 3988 F
570 3933 585 4006 Η
605 3939 622 3990 4
640 3949 698 4005 poet
715 3935 810 4006 μεγάλα
862 3935 930 4007 πάθη
944 3940 980 3989 F:
999 3955 1064 3990 corr.
1078 3942 1250 4006 Papencordt
1269 3943 1390 4006 scriptum
1403 3941 1450 3990 fuit
1468 3936 1518 4000 κτὰ

153 4027 260 4076 distinxi
281 4021 294 4092 Η
314 4022 492 4077 πεπυκνῶσθαι
513 4025 557 4077 καλ
584 4025 640 4089 [καὶ
662 4026 808 4091 ουσιρειιύ.]
859 4022 977 4094 τὰπάθη
999 4023 1013 4093 Η
1033 4024 1049 4094 ἡ
1069 4027 1112 4079 καλ
1131 4029 1187 4079 PF:
1207 4044 1272 4079 corr.
1293 4029 1439 4094 Stephanus
1455 4022 1468 4092 Η
1484 4025 1516 4076 19

153 4111 219 4162 κατὰ
249 4115 304 4165 Pu:
338 4116 447 4164 correxi.
475 4116 592 4165 similiter
620 4115 715 4164 dictum
742 4111 809 4163 κατὰ
859 4113 1106 4183 ταῦταεο.τύπάθη
1120 4093 1360 4184 Ηάντίθηοιρτβι
1380 4109 1517 4181 ἀντιτίθησι

153 4197 241 4267 μικρὸν
259 4215 344 4264 parvo
368 4201 510 4252 intervallo
534 4220 559 4267 p.
576 4200 666 4265 521‚7
691 4197 704 4269 Η
731 4199 809 4255 6καλ
860 4217 910 4253 σου.
929 4203 962 4252 F:
988 4219 1053 4254 corr.
1073 4205 1218 4268 Stephanus
1244 4199 1257 4268 Η
1287 4201 1321 4254 20
1344 4199 1438 4269 μᾶλλον
1457 4203 1515 4253 PF:

152 4287 240 4337 addidi
259 4297 319 4339 ante
338 4287 404 4340 κατὰ
422 4292 452 4339 ci.
473 4307 496 4355 p.
506 4287 566 4352 521,
578 4287 602 4341 8.
622 4306 656 4341 en
678 4287 809 4339 καὶκατὰ
860 4290 947 4340 melini
974 4287 1057 4355 μόνων
1089 4288 1101 4358 Η
1132 4289 1163 4342 21
1194 4288 1285 4359 χυλοὺς
1311 4291 1345 4340 F:
1375 4286 1467 4358 χυλοδς
1490 4293 1515 4339 in

152 4375 200 4423 πᾶν
219 4370 311 4440 δμοίως
324 4373 519 4428 πεπυκνῶσθαιλ
536 4379 651 4428 similiter
665 4376 809 4428 Schneider
859 4377 936 4428 litura
955 4378 997 4437 (ex
1017 4377 1112 4446 χυμούς
1131 4382 1224 4444 opinor
1242 4379 1319 4440 corr.)
1338 4379 1358 4429 P
1380 4373 1393 4445 Η
1420 4375 1453 4428 22
1473 4373 1516 4426 οὖν

151 4460 273 4512 καὶκατὰ
285 4465 334 4512 πᾶν
346 4459 440 4530 δμοίως
452 4462 546 4515 πυκνόν
563 4466 594 4515 ei.
607 4467 686 4515 Arist.
700 4475 806 4516 mereor.
860 4465 1063 4530 om.Stephenun
1072 4463 1085 4531 Η
1097 4465 1133 4534 τῷ
1143 4463 1236 4533 ὄμματι
1249 4469 1269 4517 P
1283 4475 1309 4516 et
1321 4468 1470 4531 rescriptum
1484 4465 1515 4514 i:

150 4549 225 4600 1116
248 4565 273 4614 p.
291 4547 404 4603 377t16
436 4549 485 4619 άὴρ
516 4549 608 4618 ὁμαλὸς
639 4551 682 4603 καὶ
714 4549 806 4608 πυκνὸς
859 4568 924 4602 corr.
939 4553 1024 4618 Corey
1042 4547 1055 4618 Η
1073 4552 1106 4604 22
1118 4565 1143 4604 et
1155 4553 1188 4605 24
1201 4550 1365 4621 γωνοειδηΡι
1380 4549 1514 4620 γωνυοειδή

151 4632 251 4700 δμοίως.
284 4638 438 4704 Philippson
461 4641 521 4691 eddi
548 4643 620 4690 iussit
648 4638 725 4706 μανύν
749 4635 762 4707 Η
789 4641 804 4692 7
858 4656 895 4704 pr.
918 4641 951 4689 1ιί
975 4638 1102 4709 χωνιοειδΐη
1121 4658 1172 4692 sec.
1191 4641 1220 4692 F.
1242 4643 1343 4691 servavi
1366 4641 1515 4704 praesertim

150 4723 195 4770 τοῦ
213 4731 278 4774 extr.
298 4741 322 4774 ν.
342 4727 448 4788 delevit,
470 4735 522 4778 turn
541 4730 615 4778 initio
634 4729 739 4779 alteriue
758 4731 804 4778 ite·
858 4729 884 4777 in
896 4725 1067 4778 Democriteis
1082 4727 1200 4796 γωνοειδῆ
1216 4739 1242 4779 ut
1255 4747 1287 4779 ex
1300 4731 1379 4794 γῶνυς
1398 4723 1442 4787 [cf.
1461 4727 1513 4776 He·

149 4809 250 4860 ravitP
272 4805 284 4875 ΙΙ
305 4807 349 4859 οῦν
366 4813 466 4863 addidit
483 4815 625 4866 Schneider
644 4811 656 4880 Η
680 4814 709 4865 11
731 4831 805 4881 μετα·
857 4815 927 4878 sych.
941 4831 960 4866 ε.
971 4833 995 4866 ν,
1010 4819 1091 4883 γῶνορ
1105 4825 1130 4866 et
1140 4818 1230 4883 γῶνος]
1244 4816 1322 4882 probe
1335 4817 1472 4866 formatum
1482 4815 1512 4864 ci.
1622 4859 1626 4873 ,

150 4899 239 4946 πῖπτον
258 4899 289 4946 cs.
308 4899 470 4950 Democritus
489 4902 556 4966 apud
576 4901 646 4952 Sext.
660 4902 712 4952 VII
725 4900 774 4953 136
790 4898 802 4970 Ἰ
857 4902 988 4967 Theophr.
1007 4903 1032 4952 d.
1049 4919 1117 4954 enus.
1137 4906 1171 4969 pl.
1188 4907 1226 4954 VI
1241 4904 1280 4954 1ο
1301 4901 1356 4953 103
1376 4897 1389 4968 Η
1410 4899 1444 4952 23
1463 4898 1513 4950 δια·

151 4981 183 5033 12
197 4977 289 5051 ἀθροῦν
302 4985 349 5046 (eie
359 5001 396 5052 pr.
406 4987 437 5049 F)
451 4984 467 5057 η
481 4988 514 5038 Fr
529 4982 621 5056 ἄθρουν
638 4986 654 5058 η
667 4991 688 5040 Ρ
704 4985 717 5055 Η
731 4985 801 5041 τοῦτ’
858 4984 970 5040 δύνασθαι
983 4989 1004 5036 Ρ
1018 5007 1054 5057 pr.
1067 4991 1099 5040 F:
1120 5007 1185 5043 corr.
1200 5007 1250 5042 σου.
1264 4991 1284 5042 Ρ
1296 4985 1310 5057 Η
1322 4987 1355 5042 26
1368 4987 1412 5040 καὶ
1424 4989 1512 5042 addidi
