3708 5738
387 403 451 468 556
724 404 919 456 HIPPOLYTI
939 403 1302 458 PHILOSOPHUMENON
1327 401 1427 454 23-10

442 579 536 645 νατῶς
568 579 634 662 περὶ
668 578 780 660 ἄστρων
814 577 861 639 καὶ
894 575 1009 660 φύσεως
1039 579 1279 660 φιλοσοφήσωσι,
1323 576 1470 660 καθαροὺς
1504 575 1600 659 κρίνας
1636 575 1695 640 τότε

395 686 412 739 4
444 679 555 742 κελεύει
578 679 767 764 φθέγγεσθαι.
927 677 1011 750 ούτος
1036 679 1102 749 τοδς
1130 677 1264 760 μαθητάς
1285 680 1374 742 διεῖλε
1395 680 1443 743 καί
1465 680 1531 749 τοδς
1553 678 1608 760 μὲν
1630 678 1694 741 ἐσιυ

441 782 579 864 τερικούς,
597 783 663 852 τοὺς
676 783 709 844 δὲ
723 780 909 866 ἐξωτερικοὺς
921 782 1066 846 ἐκάλεσεν.
1100 785 1159 850 τοῖς
1175 780 1228 863 μὲν
1243 780 1297 864 γάρ
1311 781 1348 844 τὰ
1363 784 1523 866 τελεώτερα
1538 781 1696 864 μαθήματα

397 891 413 946 5
441 884 583 962 ἐπίστευε,
605 890 665 954 τοῖς
688 885 779 947 δὲτὰ
802 887 989 969 μετριώτερα.
1118 883 1251 968 ἐφήψατο
1273 883 1306 946 δὲ
1329 885 1377 948 καὶ
1401 889 1534 968 μαγικής,
1557 884 1599 953 ῶς
1621 903 1697 967 φασι,

439 986 487 1049 καὶ
514 988 782 1071 φυσιογνωμονικὴν
814 986 902 1056 αύτδς
931 986 1052 1071 ἐξεῦρεν.
1087 986 1229 1069 ἀριθμούς
1253 1009 1285 1048 τε
1318 988 1367 1051 καὶ
1395 985 1487 1070 μέτρα
1518 985 1719 1068 ύποθέμενοςν

441 1088 537 1173 ἔλεγεν
559 1093 611 1176 τὴν
635 1091 731 1174 ἀρχὴν
753 1095 805 1173 τῆς
827 1089 1022 1174 ἀριθμητικῆς
1037 1087 1089 1171 τήν
1111 1087 1283 1173 φιλοσοφίαν
1308 1089 1383 1152 κατὰ
1403 1087 1536 1152 σύνθεσιν
1555 1088 1696 1172 περιέχειν

436 1193 519 1256 τόνδε
540 1194 589 1256 τδν
612 1194 727 1278 τρόπον.

397 1305 412 1357 6
511 1293 650 1380 Ἀριθμὸς
664 1299 763 1381 γέγονε
777 1303 892 1382 πρῶτος
907 1299 999 1382 ἀρχή,
1015 1295 1085 1379 ὅπερ
1101 1294 1177 1358 ἐστὶν
1196 1295 1329 1378 ἀόριστον
1348 1292 1562 1376 ἀκατάληπτον,
1577 1292 1657 1378 ἔχων
1672 1293 1699 1356 ἐν

436 1399 532 1483 ἑαυτῷ
570 1402 678 1470 πάντας
713 1403 779 1470 τοὺς
809 1399 855 1463 ἐπ’
891 1399 1007 1484 άπειρον
1040 1397 1215 1480 δυναμένους
1247 1395 1344 1459 ἐλθεῖν
1377 1395 1520 1480 ἀριθμοὺς
1550 1396 1626 1460 κατὰ
1652 1397 1684 1458 τδ

435 1502 561 1584 πλῆθος.
605 1507 663 1566 τῶν
691 1504 724 1566 δὲ
752 1504 886 1587 ἀριθμῶν
913 1503 993 1588 ἀρχὴ
1020 1502 1118 1584 γέγονε
1147 1497 1215 1564 καθ’
1242 1500 1397 1564 ὑπόστασιν
1426 1501 1446 1582 ἡ
1470 1501 1574 1584 πρώτη
1602 1499 1695 1581 μονάς,
1711 1516 1729 1554 ιν

439 1605 501 1688 ήτις
530 1603 590 1667 ἐστὶ
622 1605 711 1688 μονάς
736 1605 827 1690 ἀρσην
853 1607 983 1688 γεννῶσα
1008 1607 1154 1688 πατρικῶς
1181 1604 1289 1671 πάντας
1321 1603 1387 1671 τοὺς
1414 1601 1519 1670 ἅλλους
1548 1601 1697 1685 ἀριθμούς.

437 1705 569 1790 δεύτερον
597 1711 617 1792 ή
645 1709 715 1778 δυάς
742 1711 829 1793 δῆλος
852 1707 991 1791 ἀριθμός,
1015 1709 1031 1771 ό
1054 1707 1087 1769 δὲ
1109 1707 1196 1774 αὐτος
1217 1705 1265 1769 καί
1287 1703 1384 1789 ἄρτιος
1410 1705 1467 1767 ὑπὸ
1492 1707 1551 1766 τῶν
1579 1702 1697 1787 ἀριθμη-

406 1817 421 1870 7
442 1813 529 1872 τικῶν
553 1812 692 1872 καλεῖται.
851 1810 944 1894 τρίτον
966 1812 985 1893 ή
1009 1809 1088 1893 τριὰς
1110 1807 1235 1893 ἀριθμὸς
1257 1805 1363 1892 ἅρσην,
1390 1805 1474 1875 οὖτος
1495 1805 1544 1869 καλ
1566 1805 1698 1890 περισσὸς

439 1911 496 1973 ύττδ
523 1917 581 1974 τῶν
612 1912 812 1995 ἀριθμητικῶν
840 1913 1064 1996 νενομοθέτηται
1091 1911 1254 1974 καλεῖσθαι.
1302 1908 1349 1971 ἐπί
1375 1912 1446 1972 πᾶσι
1479 1909 1512 1971 δὲ
1544 1910 1656 1978 τούτοις
1680 1909 1697 1990 ή

436 2013 537 2097 τετράς
566 2014 658 2098 θῆλυς
684 2015 824 2098 ἀριθμός,
858 2017 874 2078 δ
897 2015 930 2078 δὲ
951 2015 1040 2084 αὐτὸς
1067 2015 1115 2078 καὶ
1143 2011 1239 2097 ἄρτιος
1261 2012 1401 2088 καλεῖται,
1425 2009 1468 2074 ότι
1491 2011 1585 2095 θήλύς
1608 2012 1724 2075 iomar

407 2125 423 2178 8
528 2117 675 2199 γεγόνασιν
698 2115 749 2180 οὖν
772 2120 799 2180 οί
822 2119 926 2186 πάντες
947 2117 1067 2201 ἀριθμοί
1090 2115 1251 2200 ληφθέντες
1266 2115 1325 2178 ἀπὸ
1340 2114 1439 2198 γένους
1454 2114 1594 2199 τέσσαρες
1609 2111 1696 2198 (ἀριθ-

437 2219 490 2300 μδς
523 2217 548 2281 δ’
588 2219 624 2305 ήν
663 2221 697 2282 τδ
729 2221 809 2304 γένος
841 2217 1003 2305 ἀόριστος),
1041 2216 1093 2304 ἀφ’
1134 2219 1175 2281 ῶν
1208 2220 1223 2282 ό
1257 2218 1364 2287 τέλειος
1396 2215 1494 2286 αὐτοῖς
1527 2218 1695 2300 συνέστηκεν

435 2321 560 2404 ἀριθμὸς
582 2324 602 2406 ἡ
626 2323 722 2392 δεκάς.
766 2323 799 2384 τὸ
821 2321 876 2405 γὰρ
898 2321 929 2386 ἓν
957 2322 1009 2385 δύο
1032 2321 1096 2404 τρία
1117 2321 1245 2406 τέσσαρα
1264 2321 1370 2404 γίνεται
1396 2319 1477 2396 δέκα,
1504 2319 1555 2382 ἐὰν
1584 2321 1694 2400 ἑκάστφ

404 2431 420 2484 9
442 2427 500 2485 τῶν
524 2424 659 2507 ἀριθμῶν
675 2425 856 2509 φυλάσσηται
872 2423 934 2488 κατ’
962 2423 1061 2489 υόσίαν
1077 2423 1110 2486 τό
1125 2423 1231 2488 οἰκεῖον
1248 2423 1350 2508 ὄνομα.
1489 2423 1599 2506 ταύτην
1615 2425 1631 2486 ό
1646 2419 1696 2485 Πυ-

437 2525 598 2609 θαγόρας
628 2525 686 2612 ἔφη
713 2528 791 2612 ίεράν
818 2529 972 2614 τετρακτύν
989 2527 1100 2611 ’πηγὴν
1123 2527 1227 2590 ἀενάου
1249 2526 1364 2611 φύσεως
1387 2527 1539 2610 ῥιζώματα
1564 2519 1691 2610 ἔχουσαν’
1711 2539 1730 2576 ²⁰

436 2629 466 2692 ἐν
489 2630 581 2712 ἑαυτῇ
602 2630 650 2694 καί
673 2629 707 2692 ἐκ
728 2630 830 2693 τούτου
852 2635 904 2694 τοῦ
925 2633 1052 2716 ἀριθμοῦ
1074 2631 1182 2699 πάντας
1194 2627 1272 2715 ἔχειν
1288 2628 1356 2698 τοδς
1367 2627 1509 2712 ἀριθμούς
1524 2629 1576 2711 τὴν
1595 2627 1693 2712 ἀρχήν.

437 2733 453 2795 ό
476 2733 531 2816 γὰρ
554 2733 657 2796 ἕνδεκα
679 2732 727 2795 καλ
751 2734 767 2796 ό
790 2733 905 2797 δώδεκα
927 2735 975 2796 καί
998 2735 1025 2797 οἱ
1047 2733 1142 2797 λοιποὶ
1162 2734 1214 2816 τἠν
1236 2731 1332 2817 ἀρχὴν
1350 2733 1402 2794 τοῦ
1419 2729 1491 2794 εἶναι
1508 2731 1542 2794 ἐκ
1556 2735 1611 2794 τού
1631 2727 1695 2792 δέκα

437 2834 603 2920 μετέχουσι.
641 2835 746 2918 ταύτης
766 2839 818 2919 τής
838 2837 968 2914 δεκάδος,
997 2841 1049 2900 τοῦ
1072 2837 1182 2900 τελείου
1207 2835 1345 2919 ἀριθμοῦ,
1369 2833 1405 2895 τά
1425 2833 1552 2917 τέσσαρα
1570 2835 1695 2898 καλεῖται

398 2945 429 2998 10
447 2937 521 3021 μέρη
539 2937 663 3021 ἀριθμὸς
683 2937 772 3019 μονάς
792 2939 909 3021 δύναμις
932 2939 1029 3024 κύβος.
1156 2940 1196 3001 ῶν
1220 2937 1267 2999 καλ
1283 2936 1436 2999 έπιπλοκαί
1455 2936 1502 2999 καὶ
1525 2934 1617 3020 μίξεις
1631 2934 1696 3018 πρὸς

435 3039 543 3122 γένεσιν
569 3038 719 3124 αὐξήσεως
745 3040 867 3123 γίνονται
904 3043 978 3105 κατὰ
1004 3042 1090 3128 φύσιν
1115 3042 1165 3104 τὸν
1193 3042 1308 3124 γόνιμον
1336 3039 1461 3124 ἀριθμὸν
1487 3040 1691 3104 ἀποτελοῦσαν
1707 3053 1726 3090 ε

436 3143 505 3206 όταν
530 3141 584 3225 γὰρ
613 3141 732 3224 δύναμις
760 3143 835 3226 αὐτή
863 3141 909 3227 ἐφ’
941 3145 1047 3228 ἑαυτὴν
1074 3143 1219 3228 κυβισθή,
1241 3143 1340 3226 γέγονε
1359 3140 1604 3225 δυναμοδύναμις·
1633 3143 1695 3206 όταν

384 3352 400 3402 4
418 3355 469 3408 τοῖς
487 3349 532 3416 μὲν
548 3349 594 3417 γὰρ
613 3349 647 3399 B²
667 3353 717 3407 τοῖς
736 3347 762 3400 δὲ
777 3347 823 3414 CH
839 3349 855 3402 5
870 3363 1040 3418 φυσιογνωμο-
1093 3353 1130 3403 H:
1150 3351 1262 3420 ἀόριστον
1280 3329 1338 3401 libri
1359 3347 1372 3416 11
1394 3349 1427 3401 18
1445 3348 1458 3401 ό
1476 3349 1558 3418 τρίτος
1575 3353 1601 3403 Β
1620 3347 1633 3416 ΙΙ
1655 3349 1683 3401 19
1699 3359 1734 3414 φιλ·

384 3439 456 3508 νικήν
474 3441 511 3490 Βι
532 3437 745 3508 φθσιογονικήνῦ
769 3441 799 3490 ei.
824 3442 928 3508 Roeper
949 3461 973 3508 p.
989 3442 1039 3495 521
1091 3437 1212 3509 λάσσήται
1230 3439 1276 3490 ΒΤ
1295 3441 1325 3488 cf.
1339 3439 1377 3489 H:
1396 3437 1581 3506 φυλάσσεταιΟ
1600 3437 1613 3506 ΙΙ
1627 3430 1734 3505 όνοματὸ

384 3529 416 3578 σε
436 3527 671 3594 physiognomonia
681 3527 906 3592 Pythagoreorum
926 3532 957 3580 cf.
970 3531 1039 3581 Rosa
1094 3525 1184 3578 οίκιῖον
1202 3528 1227 3577 Η
1247 3525 1260 3593 ΙΙ
1280 3529 1342 3578 inL
1366 3529 1494 3593 adscripta
1513 3535 1552 3577 est
1571 3525 1734 3593 paraphrasin:
1796 3579 1797 3598 ἢ

384 3611 633 3680 Anecd.gr.172
658 3611 672 3680 ΙΙ
703 3611 777 3672 αὐτὸς
799 3617 913 3666 mutabat
936 3618 1040 3682 Roeper
1091 3613 1131 3666 διὰ
1148 3617 1223 3666 τοῦτο
1246 3613 1293 3682 γάρ
1312 3611 1355 3664 καὶ
1374 3611 1448 3670 δεκὰς
1466 3611 1562 3680 εἴρηται
1581 3613 1655 3666 υλονελ
1671 3608 1732 3677 bqr

383 3706 483 3770 πρῶτος
493 3705 632 3754 coniciens.
651 3707 752 3770 πρῶτος
764 3699 838 3760 αθτός
849 3702 1040 3769 Gottingenses.
1091 3701 1249 3772 ήδεχομένη
1268 3703 1349 3752 πάντα
1368 3696 1484 3768 ἀριθμόν·
1505 3695 1566 3768 ὑπὲρ
1580 3702 1628 3770 γάρ
1645 3699 1687 3767 τὴν
1702 3695 1730 3746 δτ-
1796 3751 1797 3754 ,

384 3801 411 3841 at
435 3791 578 3856 Hippolyto
600 3791 666 3839 iilud
684 3793 815 3855 proprium
841 3791 925 3842 ci4i
949 3791 1007 3844 242
1028 3790 1041 3856 Η
1092 3787 1157 3840 κάδα
1175 3788 1257 3858 ἕτερος
1276 3786 1323 3840 σὐκ
1342 3787 1407 3840 ἔστιν
1425 3783 1529 3856 ἀριθμός
1542 3785 1601 3839 ἀλλ’
1618 3781 1730 3840 ἀναδιτλα-
1796 3771 1797 3792 ’

385 3875 505 3947 ἀριθμούς
516 3893 584 3933 τινας
596 3877 667 3928 libri:
687 3879 798 3929 correxit
811 3880 912 3930 Usener
933 3875 945 3946 ήΙ
967 3881 982 3933 6
1001 3877 1040 3930 λέ·
1092 3877 1215 3937 σιάζονται
1233 3877 1256 3928 οἱ
1275 3871 1376 3946 ἀριθμοί
1396 3871 1408 3942 ΙΙ
1430 3875 1464 3928 20
1477 3875 1620 3944 τετρακτήν
1632 3877 1653 3927 Β
1666 3868 1678 3942 ΙΙ
1689 3869 1732 3922 ciir-
1796 3899 1797 3960 ή

384 3983 436 4034 γιον
449 3967 520 4016 libri:
540 3979 605 4014 corr.
619 3964 721 4014 Usener
736 3961 748 4030 β
764 3963 810 4033 τὴν
822 3975 881 4018 ante
895 3963 1041 4034 φιλοσοφίαν
1091 3982 1150 4016 ναον
1168 3963 1238 4034 φύσιν
1258 3966 1319 4028 (om.
1338 3962 1431 4032 πηγὴν)
1450 3965 1473 4015 Τ
1493 3959 1507 4032 ΙΙ
1532 3961 1631 4032 φύσεως
1642 3965 1676 4014 H:
1697 3953 1731 4025 ρύ·
1796 3969 1797 4044 ή

383 4055 472 4104 addidi
500 4070 532 4104 ex
550 4053 655 4117 Hippoi.
674 4053 713 4102 IV
727 4051 758 4104 51
785 4069 810 4118 p.
824 4051 874 4107 126
895 4054 974 4114 (δοιά,
998 4055 1043 4103 ubi
1094 4069 1157 4111 στοις
1176 4051 1211 4110 ῶς
1229 4054 1286 4104 libri
1308 4049 1321 4120 ss
1341 4049 1374 4104 21
1393 4051 1451 4110 τοὺς
1474 4049 1564 4109 ἀλλους
1585 4051 1676 4106 πάντας
1691 4045 1731 4112 ἅθ’
1796 4057 1797 4096 ἰ

384 4143 434 4191 hoc
452 4149 529 4206 eaput
540 4142 632 4206 partim
645 4141 759 4190 iteratur.
779 4141 977 4206 discrepantiam
996 4141 1041 4191 de·
1093 4137 1172 4208 θμούς
1184 4143 1208 4192 Η
1229 4137 1243 4208 li
1264 4137 1277 4190 ό
1295 4149 1354 4207 post
1371 4139 1415 4191 καί
1433 4141 1522 4191 om.H
1544 4137 1557 4205 Ιή
1578 4137 1613 4190 22
1632 4133 1676 4189 ἀπὸ
1692 4135 1731 4182 τύ·ι
1796 4145 1797 4190 i

383 4233 458 4294 signo
477 4231 502 4279 H
522 4229 553 4278 ci.
571 4229 643 4280 Prol.
661 4243 687 4292 ρ.
702 4225 752 4280 145
777 4225 790 4294 ΙΙ
816 4225 962 4296 φιλοσοφίαν
979 4229 1040 4280 HB:
1092 4227 1154 4279 δέκα
1172 4225 1325 4295 λαμβάνουσι
1343 4229 1367 4277 Η
1394 4223 1407 4294 ΙΙ
1432 4225 1465 4277 24
1488 4225 1551 4294 μέρη
1576 4243 1630 4278 non
1651 4223 1731 4276 marie·
1753 4217 1797 4276 ‘i'

384 4314 528 4386 φιλοσοφίας
550 4316 571 4366 C
597 4311 609 4382 11
635 4313 652 4366 8
680 4319 779 4382 πρῶτος
803 4331 853 4365 om.
883 4318 907 4367 H
934 4313 946 4380 ’λ
972 4314 1037 4384 ἀρχή
1092 4319 1186 4368 εοιιιίοο
1219 4332 1297 4366 sensu
1323 4313 1500 4379 accipiendum
1533 4330 1589 4365 esse
1619 4315 1657 4376 (es.
1683 4311 1730 4360 Art

383 4413 409 4456 et
435 4403 493 4457 v.9
516 4399 583 4452 κατὰ
611 4398 639 4452 τό
658 4397 756 4470 πλῆθος
787 4404 942 4467 glossemata
971 4405 1037 4454 iudi·
1091 4403 1488 4467 Plac.13⁸)m0netRoeper,
1511 4404 1555 4466 qui
1578 4415 1661 4454 cetera
1680 4411 1730 4461 (1νο-

383 4503 424 4544 cat
446 4493 548 4543 Usener
572 4485 585 4558 β
611 4487 676 4540 ἐστίν
699 4487 725 4540 έν
749 4491 819 4540 libri:
845 4488 871 4540 ἓν
895 4491 982 4540 omisit
1005 4491 1038 4552 H,
1092 4508 1140 4556 que
1164 4509 1217 4542 non
1241 4499 1358 4542 accurate
1380 4490 1482 4541 reddita
1506 4505 1561 4540 esse
1584 4489 1729 4541 demonstat.
1796 4519 1797 4530 ι

383 4582 479 4630 delevit
496 4579 600 4644 Roeper
620 4573 633 4645 ΙΙ
654 4576 766 4645 ἀόριστον
785 4574 962 4646 ἀκαταληπτον
975 4577 1038 4628 HB:
1091 4582 1179 4643 utique
1210 4577 1286 4645 μονὰς
1315 4573 1419 4646 ἀριθμὸς
1442 4573 1543 4642 δύναμις
1564 4573 1641 4644 κύβος
1666 4571 1729 4624 colio·
1796 4611 1797 4646 3

383 4663 495 4734 ἀόριστος
519 4663 696 4734 ἀκατάληπτος
719 4667 740 4717 C
766 4661 780 4732 Η
805 4664 838 4717 10
861 4661 977 4716 ὑπόθεσιν
1002 4681 1040 4730 pr.
1094 4667 1204 4716 eandum
1228 4667 1275 4716 suit
1301 4675 1327 4716 et
1354 4667 1396 4716 hic
1423 4673 1449 4714 et
1471 4666 1539 4715 inira
1556 4681 1581 4730 p·
1595 4657 1677 4720 557‚3
1695 4651 1729 4706 δέ
1796 4651 1797 4680 ³

383 4750 439 4819 Li}
462 4751 493 4804 12
512 4751 561 4804 ὐπδ
578 4757 630 4804 τῶν
649 4749 763 4821 ἀριθμῶν
781 4755 803 4804 L
824 4749 836 4820 Η
860 4753 891 4804 14
911 4749 1041 4821 ἀριθμητι-
1094 4755 1125 4804 cf.
1149 4755 1173 4804 H
1203 4751 1219 4819 ΙΙ
1247 4751 1283 4810 οἷς
1315 4749 1448 4803 έπιιιλοκαλ
1472 4755 1497 4802 Η
1522 4747 1535 4818 Η
1560 4749 1594 4806 26
1617 4747 1675 4814 αύτὴ
1698 4743 1728 4793 fl*

384 4843 438 4890 κῶν
457 4843 495 4891 H:
519 4837 633 4909 ἀριθμῶν
651 4841 709 4891 iibri
733 4837 747 4907 ΙΙ
772 4837 964 4909 νενομοτέθηται
983 4841 1040 4891 edd.
1093 4835 1172 4908 αύτὴν
1192 4841 1249 4892 libri
1264 4837 1277 4906 ΙΙ
1292 4835 1400 4908 κυβισθή
1413 4841 1447 4891 Βι
1467 4837 1574 4910 κοβιστή
1594 4841 1666 4902 vulgo
1683 4837 1728 4881 συθ

384 4937 443 4978 ante
465 4929 613 4993 Roeperum
635 4931 744 4978 fortasse
768 4929 894 4980 Gronovii
918 4944 1005 4978 errore
1026 4922 1040 4994 ΙΙ
1085 4929 1254 4994 λλοορειοιυι
1278 4922 1456 4995 κυβισθήσεται
1474 4929 1499 4978 Η

384 5011 425 5084 ἀφ’
448 5011 560 5066 &rastri
582 5011 596 5082 11
620 5015 650 5069 lii
673 5011 721 5066 ἀπὸ
739 5017 821 5065 τούΗ
843 5011 856 5082 λλ
879 5017 910 5068 17
930 5013 1041 5084 ἀόριστος
