3756 5736
327 415 391 482 244
463 453 465 460 ι
612 417 706 468 XVIII
742 417 791 466 DE
812 415 949 466 GALIINI
969 413 1140 466 HISTORIA
1160 411 1391 464 PHILOSOPIIA

326 587 420 671 oipue
441 585 475 649 in
490 582 599 677 libelli
622 582 795 667 principio,
823 583 898 646 dum
925 581 1062 646 ardebat
1088 579 1341 646 adulescentulis
1364 578 1602 644 commentandi
1625 585 1689 643 stu-

328 689 425 754 dium.
461 693 536 752 sunt
562 692 671 751 autem
698 682 982 767 interpolationum
1010 701 1131 764 genera
1157 681 1229 746 tria.
1263 701 1361 746 unum
1390 687 1538 746 versatur
1563 680 1596 746 in
1619 701 1690 747 sen-

326 791 435 856 tentiis
466 787 645 873 potioribus
678 785 862 869 repetendis
894 785 984 849 velut
1018 805 1044 849 ο.
1070 785 1087 848 1
1119 786 1163 847 διὸ
1193 785 1367 868 προσεπάγει
1397 789 1434 866 τῇ
1467 784 1625 868 φιλοσοφίᾳ
1655 785 1688 846 τὸ

327 893 442 979 ἠθικόν,
465 889 532 954 καθ’
555 891 744 972 δσονέστησε
757 889 810 973 τὴν
832 886 996 973 προαίρεσιν
1019 890 1077 950 τῶν
1099 888 1239 950 καλλίστα
1262 890 1314 970 ζῆν
1336 886 1586 969 πενσδησομένων.
1609 885 1690 950 eius-

327 995 412 1060 modi
435 991 655 1077 paraphrases
677 991 711 1054 in
733 989 883 1055 seholieis
905 989 995 1054 libris
1018 995 1092 1053 sunt
1115 989 1338 1071 pervulgatae.
1382 989 1520 1054 alterum
1541 993 1592 1054 est
1613 989 1689 1054 inde

329 1104 433 1163 ortum
464 1093 549 1177 quod
579 1113 619 1158 ex
654 1111 710 1158 ore
744 1091 887 1174 magistri
915 1091 1045 1156 notulas
1071 1091 1195 1156 addunt
1222 1097 1258 1156 ut
1286 1112 1312 1156 e.
1336 1093 1353 1155 1
1382 1093 1562 1177 διαλεκτικήν
1590 1093 1690 1176 expli-

326 1207 416 1265 eatur
444 1197 479 1262 δι’
507 1199 543 1281 ἧς
568 1195 717 1259 πείθονται
739 1194 864 1280 ταχέως.
898 1213 925 1258 ο.
946 1195 965 1258 3
989 1194 1084 1258 Plato
1111 1193 1165 1258 ubi
1189 1193 1328 1278 primum
1356 1193 1509 1279 adparet,
1532 1194 1687 1276 singulari

327 1303 450 1367 honore
476 1298 614 1365 affinitur
644 1296 868 1384 διαβεβοημένα
898 1301 1112 1380 nunoupatus.
1159 1293 1305 1360 eiusdem
1332 1295 1476 1362 labrioae
1504 1303 1554 1364 est
1583 1297 1691 1380 logiea

326 1403 493 1470 adnotatio
517 1406 591 1486 poet
613 1419 640 1466 o.
656 1401 687 1464 4.
722 1397 854 1463 tertium
878 1404 911 1463 et
931 1397 1131 1464 tritissimum
1154 1415 1256 1478 genus
1272 1404 1322 1463 ast
1336 1400 1577 1481 glossematum.
1606 1419 1691 1482 quoe

326 1507 381 1590 qui
407 1506 608 1587 adieeerunt,
640 1499 722 1566 nihil
749 1507 815 1564 tam
843 1502 978 1583 vulgare
1006 1497 1159 1581 legebant
1190 1499 1266 1581 quin
1288 1501 1473 1584 vulgariore
1495 1507 1552 1566 aut
1574 1502 1689 1566 saltem

326 1610 391 1676 alio
413 1607 573 1675 voeabula
599 1603 811 1688 explicarent.
857 1603 903 1668 sio
925 1600 1060 1666 ridicule
1082 1601 1199 1686 ἀρίστου
1223 1602 1286 1687 βίου
1309 1605 1372 1668 ab
1399 1604 1548 1688 adposito
1571 1603 1691 1688 ἀρίστης

328 1717 407 1796 ζωῆς
428 1711 617 1776 illustratur.
651 1711 793 1771 aeterum
817 1724 912 1771 omne
931 1703 1012 1768 illud
1027 1701 1204 1768 adnotandi
1220 1703 1360 1769 studium
1376 1705 1567 1789 refrigerato
1582 1707 1691 1772 oalore

327 1814 371 1880 ad
393 1812 488 1878 finem
510 1829 625 1878 versus
648 1807 806 1892 paulatim
829 1806 972 1873 rarescit.

414 1916 495 1982 (lum
521 1932 628 1996 neque
655 1909 875 1993 compilatoris
905 1907 1052 1974 sollertia
1078 1927 1184 1991 neque
1207 1908 1353 1974 eodioum
1378 1910 1523 1994 protento
1545 1913 1691 1980 bonitate

325 2019 461 2086 historia
486 2013 682 2101 philosopha
709 2013 775 2078 ullo
804 2010 900 2077 modo
928 2010 1183 2095 commendetur,
1209 2011 1237 2078 si
1272 2013 1348 2096 quid
1375 2013 1539 2080 laudabile
1561 2014 1691 2082 videtur

325 2121 468 2188 fontibus
483 2115 665 2201 oompilatis
680 2121 730 2181 est
744 2113 960 2180 tribuendum.
982 2113 1084 2197 ipsius
1104 2114 1305 2198 prooemium
1321 2135 1401 2182 sane
1417 2135 1514 2199 quam
1530 2116 1689 2183 iniieetum

328 2223 436 2290 statim
457 2219 677 2286 suooessiones
700 2215 865 2301 exeipiunt
889 2236 930 2283 ex
953 2215 1074 2298 optimo
1098 2217 1290 2300 eompendio
1309 2217 1534 2302 transoriptae.
1569 2219 1690 2284 Laertii

329 2324 460 2392 Eusebii
481 2319 656 2407 Epiphanii
686 2318 907 2385 sueeessiones
935 2335 1034 2402 supra
1061 2317 1162 2400 tetigi.
1208 2319 1250 2384 ab
1275 2320 1323 2385 eis
1346 2321 1546 2404 aliquantum
1569 2322 1692 2387 reeedit

329 2429 488 2511 Galenus,
510 2423 566 2508 qui
586 2421 750 2488 artissimo
773 2421 903 2488 rinoulo
927 2440 999 2485 oum
1022 2419 1199 2486 Clementis
1222 2429 1397 2506 eonspeotu
1421 2423 1609 2489 ooniunotue
1631 2431 1691 2508 est,

328 2531 419 2597 ouius
440 2529 503 2594 hoo
524 2543 685 2610 propono,
717 2529 753 2588 ut
774 2522 974 2606 comparatio
997 2521 1068 2606 fiat,
1095 2523 1341 2606 propagationis
1363 2531 1508 2592 stemma.
1544 2525 1693 2592 Stroml

332 2631 462 2698 62-64
483 2651 515 2714 ρ.
532 2627 595 2692 352
603 2645 671 2708 sqq.
686 2627 723 2690 P.

379 2799 384 2804 .
410 2738 562 2821 Ἰταλική
940 2732 1074 2819 Ἰωνική
1355 2733 1540 2823 Ἐλεατνκή

417 2857 592 2940 Πυθαγόρας
947 2852 1046 2938 Θαλῆς
1360 2854 1527 2942 Ξενοφάνης

937 2953 1157 3039 Ἀναξίμανδρος
1358 2957 1541 3042 Παρμενίδης

933 3054 1117 3140 Ἀναξιμένης
1359 3057 1463 3144 Ζήνων

935 3157 1126 3244 Ἀναξαγόρας
1359 3162 1525 3233 Λεύκιππος

931 3259 1090 3348 Ἀρχέλαος
1360 3265 1540 3350 Δημόκριτος

936 3361 1095 3450 Σωκράτης
1364 3366 1558 3453 Πρωταγόρας

515 3452 1168 3586 ΜΨ
1366 3501 1565 3590 Μητρόδωρος

413 3575 840 3708 ’ρηρωζοῗηης-Σ-πεξσῑᾮος
991 3600 1110 3688 Κράτης
1363 3605 1500 3689 Διογένης

417 3725 603 3811 Θεόφραστος
647 3724 829 3808 Ξενοκράτης
987 3703 1091 3790 Ζήνων
1358 3703 1533 3793 ’Alii‘liltoi

417 3826 554 3912 Στράτων
652 3825 794 3909 Πολέμων
989 3805 1144 3892 Κλεάνθης
1362 3809 1485 3894 Πνίνίννν

417 3929 521 3994 Λύκων
614 3915 917 4031 Kffiimp
993 3908 1165 3994 Χρύσιππος
1368 3910 1555 3998 Ναυσιφάνης

417 4030 577 4117 Κριτόλαος
772 4047 955 4133 Ἀρκεσίλαος
987 4014 1036 4078 καὶ
1059 4015 1086 4077 οἱ
1109 4009 1170 4096 μετ’
1202 4012 1289 4078 αὐτόν
1361 4011 1528 4099 Ἐπίκουρος

416 4134 562 4220 Δίνδννίνς
776 4149 944 4235 Ἡγησίνους

780 4251 951 4338 Καρνεάδης
973 4253 1021 4316 καὶ
1044 4253 1072 4316 οἱ
1094 4249 1198 4337 ἐφεξῆς

421 4362 598 4430 Clementis
620 4365 844 4432 suooessiones
865 4365 967 4450 ipsae,
991 4362 1139 4447 quamvis
1160 4360 1377 4429 adventiciam
1392 4363 1529 4431 subinde
1543 4362 1692 4430 eruditio-

331 4483 422 4549 nem,
452 4471 487 4530 ut
510 4467 608 4552 solet,
638 4467 815 4554 addiderit,
845 4487 951 4553 paene
977 4467 1011 4531 in
1040 4463 1180 4547 eatalogi
1201 4463 1379 4531 exilitatem
1401 4473 1587 4534 eontraotae
1608 4471 1691 4531 sunt.

332 4585 371 4634 eo
393 4567 497 4650 magis
518 4567 702 4636 mirandum
724 4575 774 4636 est
795 4575 997 4654 quantopere
1017 4565 1052 4632 in
1075 4565 1137 4632 hoe
1158 4565 1231 4632 loeo
1254 4566 1315 4634 sibi
1338 4571 1559 4654 respondeant

381 4666 531 4736 Clemens
554 4669 760 4738 Strom.163
782 4692 815 4756 p.
831 4671 894 4738 353
902 4670 938 4735 Ρ.
1009 4675 1013 4782 ρ
1160 4667 1305 4735 Galenus
1327 4672 1390 4736 ο.3
1413 4692 1444 4755 ρ.
1460 4673 1523 4738 226
1533 4671 1574 4737 Κ.

374 4769 549 4854 Πολέμωνος
579 4774 612 4838 δὲ
641 4776 780 4839 ἀκουσταὶ
809 4772 927 4858 Κράτης
954 4795 987 4834 τε
1082 4771 1224 4854 Πολέμων
1241 4815 1249 4830 ·
1266 4813 1274 4831 ·
1290 4769 1477 4858 .<Κράτητος
1496 4773 1578 4858 ruli>
1600 4770 1692 4857 Κράν-

331 4873 378 4936 καὶ
402 4871 554 4960 Κράντωρ,
575 4876 617 4946 τίς
637 4876 688 4947 οὓς
709 4878 729 4964 ἡ
751 4878 810 4942 ἀπὸ
832 4877 986 4944 Πλάτωνος
1038 4897 1122 4959 τορος
1136 4873 1235 4957 γέγονε
1250 4875 1420 4960 καδηγητής
1435 4875 1476 4945 είς
1491 4877 1523 4940 δν
1539 4873 1691 4958 κατέληξεν

330 4975 483 5058 κατέληξεν
499 4977 609 5063 ἀρχαία
620 4977 792 5062 Ἀκαδημία.
822 4977 987 5064 Κράντορος
1040 4978 1060 5062 ἡ
1080 4975 1191 5062 ἀρχαία
1210 4973 1383 5060 Ἀκαδημία.
1404 4982 1457 5040 τοῦ
1477 4979 1510 5042 δὲ
1525 4974 1689 5062 Κράντορος
