3708 5732
310 308 370 374 168
457 314 525 364 XIII
560 313 611 362 DE
630 311 886 364 THEOPHRASTI
904 313 943 364 IN
962 312 1121 366 LAERTIO
1141 313 1305 366 DIOGENE
1324 313 1527 366 EXCERPTIS

309 479 370 546 bus
392 478 460 545 dixi
481 501 513 564 p.
529 477 612 547 128·
634 480 669 546 in
690 479 846 547 Heraeliti
867 479 958 546 fonte
979 480 1158 564 biographo
1180 488 1349 548 reourrunt
1369 483 1463 546 πάντα
1477 487 1581 568 ψυχῶν
1596 481 1670 547 εἶναι

309 582 356 645 καὶ
384 583 529 664 δαιμόνων
558 586 655 669 πλήρη
692 583 746 666 [ex
772 580 868 648 Arist
892 582 922 647 d.
945 590 1029 667 part.
1051 602 1103 648 an.
1127 583 1144 647 Ι
1165 583 1186 646 b
1208 603 1239 666 p.
1255 582 1339 648 bib·
1363 583 1426 664 171.
1471 580 1678 667 biographus

309 682 407 750 etiam
429 683 712 768 Xenophanes,
734 685 957 768 undecumque
978 684 1114 770 obsepit,
1135 685 1221 750 male
1243 683 1397 750 mulserit
1418 684 1466 749 IX
1482 684 1523 751 19
1545 685 1617 770 φησι
1637 687 1672 749 δὲ

308 783 431 870 τέτταρα
456 785 608 851 εἶναιτῶν
631 785 721 851 ὄντων
750 791 881 872 στοιχεῖα
903 786 932 869 [?
954 784 993 851 of.
1014 787 1121 852 Zeller
1143 783 1177 850 1⁴
1197 786 1261 851 498
1274 787 1307 871 ¹],
1329 787 1457 868 κόσμους
1479 787 1512 848 δὲ
1534 787 1672 870 ἀπείρους

309 887 344 952 ού
365 890 583 972 παραλλάκτους
606 889 639 952 δέ
661 888 688 970 [ί
704 885 743 952 σί.
759 887 866 953 Ζοίίοτ
880 885 917 952 I‘
933 885 1040 968 500¹J.
1074 887 1110 950 τὰ
1132 887 1205 973 νέφη
1228 888 1417 954 συνίστασθαι
1438 893 1492 972 τῆς
1512 887 1562 973 ἀφ’
1585 889 1672 970 ἡλίου

309 989 428 1072 ἀτμίδος
455 991 672 1075 ἀναφερομένης
699 991 746 1053 καὶ
769 989 907 1074 αἰρούσης
933 987 1008 1052 αὐτὰ
1030 988 1071 1058 εἰς
1092 989 1125 1052 τδ
1148 989 1282 1075 περιέχον
1305 989 1487 1072 [intelleges
1509 989 1587 1072 quid
1608 989 1672 1056 sibi

309 1091 389 1157 veIIt
411 1111 452 1156 ex
472 1091 544 1158 Aet.
560 1092 645 1157 1114
663 1092 703 1174 4].
737 1091 838 1155 ούσίαν
860 1090 931 1154 θεοῦ
955 1092 1123 1175 σφαιροειδῆ
1147 1091 1237 1174 μηδὲν
1253 1091 1353 1174 ίίμοιον
1368 1089 1495 1176 ἔχουσαν
1510 1091 1672 1176 ἀνθρύπφ.

309 1193 376 1257 ύλον
399 1193 424 1256 δ’
447 1193 517 1277 ὁρᾶν
539 1193 587 1256 καί
610 1194 676 1258 ύλον
700 1194 814 1258 ἀκούειν
837 1193 878 1276 μὴ
903 1191 999 1274 μέντοι
1022 1193 1155 1256 ἀναπνεῖν
1177 1192 1211 1275 [⁶2
1233 1191 1272 1258 σί.
1294 1192 1401 1259 Zeller
1416 1191 1451 1258 Ι*
1465 1193 1531 1258 490
1539 1191 1573 1275 ⁸].
1601 1193 1672 1275 σύμ

309 1296 403 1358 παντά
424 1294 452 1356 τ’
476 1293 547 1358 εἶναι
570 1298 636 1358 νούν
659 1296 707 1359 καί
729 1296 867 1380 φρόνησιν
890 1294 938 1359 καί
961 1293 1062 1358 ἀίδιον.
1096 1294 1232 1378 πριῖντύς
1253 1294 1280 1358 τ’
1303 1295 1473 1380 ἀπεφήνατο
1496 1295 1539 1360 ὅτι
1557 1299 1614 1358 πᾶν
1638 1296 1673 1358 τδ

309 1397 456 1481 μνίμενον
477 1396 607 1481 φθαρτόν
629 1399 689 1462 ἐστι
712 1397 787 1480 [nisi
802 1401 916 1483 πρῶτος
930 1395 1010 1462 illud
1025 1394 1135 1479 inepte
1156 1396 1296 1480 positum
1318 1396 1410 1482 velis,
1430 1395 1673 1462 resoribeudum

309 1497 459 1584 ἄφθαρτον
484 1498 544 1561 ἐστι
567 1499 705 1564 oonlatis
724 1499 856 1566 Planitis
874 1499 907 1564 Π
926 1500 948 1564 4
966 1508 981 1561 7
1006 1503 1039 1564 et
1060 1507 1101 1562 11.
1131 1497 1190 1562 sed
1211 1516 1326 1565 vereor
1347 1515 1390 1564 ne
1412 1497 1493 1564 talia
1507 1499 1551 1562 ὅτι
1565 1500 1599 1562 τὸ
1614 1503 1674 1562 πᾶν

310 1600 377 1666 ούτε
392 1601 538 1684 γινόμενον
554 1599 622 1664 οὔτε
636 1601 766 1686 φθαρτόν
782 1603 842 1666 ἐστι
857 1621 1012 1685 perversu
1026 1599 1103 1680 sint]
1126 1600 1174 1662 καί
1190 1601 1209 1683 ἡ
1233 1601 1314 1686 ψυχὴ
1337 1605 1451 1684 πνεῦμα
1472 1599 1525 1682 [?].
1559 1598 1616 1686 ἔφη
1640 1601 1675 1664 δὲ

309 1703 358 1768 καὶ
380 1703 417 1768 τὰ
439 1703 534 1766 πολλὰ
555 1703 640 1786 ἥσσω
662 1708 713 1767 νού
735 1703 807 1770 εἶναι
831 1706 928 1789 [ἧσσιο
950 1704 1014 1772 ένδς
1029 1701 1208 1786 Μθυοςίυε,
1230 1707 1265 1768 at
1280 1701 1319 1768 υί.
1334 1701 1441 1768 Zeller
1456 1700 1491 1766 I‘
1505 1702 1600 1785 491¹]
1623 1705 1674 1767 καὶ

309 1811 369 1876 τοῖς
390 1807 537 1890 τυράννοις
560 1805 740 1890 ἐντυγχάνειν
764 1807 783 1891 ῆ
808 1811 848 1877 or
869 1806 1009 1892 ῆκισταῆ
1032 1808 1073 1874 ὡς
1095 1805 1210 1888 ἥδιστα.
1235 1803 1327 1870 vides
1349 1805 1473 1868 nullum
1494 1825 1567 1870 esse
1590 1805 1675 1870 ordi·

309 1926 384 1975 nem
400 1913 433 1973 et
447 1905 735 1992 apophthegmata,
751 1928 835 1992 quae
850 1907 1078 1974 oontinuantur
1099 1906 1186 1988 §HQ
1208 1903 1322 1971 addita
1335 1923 1419 1972 esse.
1441 1925 1513 1972 eum
1529 1905 1621 1972 Sotio
1639 1914 1674 1972 et

152 2093 183 2102 „
309 2013 329 2091 ξ
347 2010 387 2075 18
410 2015 443 2074 et
466 2009 509 2074 20
530 2008 583 2092 [oi.
607 2029 705 2093 supra
726 2010 865 2094 p.147²]
889 2016 921 2076 et
942 2009 976 2074 in
998 2007 1168 2074 eoniunoto
1191 2006 1298 2090 eapite
1312 2007 1355 2074 de
1376 2008 1570 2074 Parmenide
1592 2010 1671 2090 §21

310 2110 440 2194 uitetur,
463 2107 560 2174 etiam
582 2109 640 2176 illa
662 2111 913 2196 biographorum
934 2110 1082 2176 indootas
1103 2127 1219 2174 manus
1245 2127 1344 2192 passe
1369 2129 1442 2176 esse
1468 2109 1536 2176 veri
1565 2110 1673 2178 simile

310 2218 368 2278 est.
402 2231 443 2278 ex
457 2209 636 2296 biographo
653 2213 821 2279 Philolai
836 2231 964 2297 quoque
979 2211 1123 2277 manavit
1141 2216 1248 2294 eaput
1283 2211 1338 2294 qui
1353 2231 1425 2277 eum
1440 2211 1518 2278 dieit
1533 2213 1611 2278 VIII
1626 2213 1671 2278 85

310 2316 391 2378 δοκεῖ
411 2311 435 2378 δ’
464 2315 544 2400 αύτῷ
568 2317 661 2381 πάντα
683 2317 795 2400 ἀνάγκη
822 2317 871 2380 καὶ
893 2314 1017 2399 ἁρμονίᾳ
1038 2313 1167 2397 γίνεσθαι
1194 2313 1242 2376 καί
1271 2315 1324 2399 τῆν
1350 2319 1403 2397 γῆν
1431 2314 1573 2380 κινεῖσθαι
1595 2315 1672 2379 κατὰ

309 2415 414 2480 κύκλον
429 2420 544 2500 πρῶτος
560 2417 888 2501 [eooohiographust]
911 2415 1004 2480 εἶπεν·
1027 2417 1060 2478 οί
1083 2415 1108 2479 δ’
1131 2415 1262 2480 Ἱκέταν
1284 2416 1343 2478 τδν
1366 2413 1585 2500 Συρακόσιόν
1606 2440 1671 2501 φοι-

310 2537 377 2594 σιν,
399 2516 659 2603 Theophrastum
681 2518 732 2606 (ir.
750 2517 804 2605 18)
825 2517 977 2603 inspexit.
1010 2516 1125 2582 melior
1139 2521 1218 2582 nota
1238 2515 1412 2582 Melissei
1434 2517 1549 2601 eapitis
1563 2519 1612 2584 IX
1627 2519 1672 2584 24

309 2619 404 2683 έδύκυι
426 2618 451 2684 δ’
473 2621 555 2707 αύτῷ
578 2624 611 2686 τδ
633 2625 690 2686 πᾶν
713 2621 830 2706 ἄπειρον
853 2619 924 2686 εἶναι
947 2620 995 2684 καὶ
1018 2617 1212 2684 ἀναλλοίωτον
1227 2619 1276 2682 καί
1296 2617 1429 2702 ἀκίνητον
1450 2621 1498 2684 καί
1518 2621 1548 2685 ἓν
1568 2621 1670 2704 ὅμοιον

309 2723 405 2806 ἑαυτῷ
433 2723 481 2786 καὶ
509 2726 626 2810 πλῆρες.
660 2724 771 2808 κίνησίν
796 2746 828 2786 τε
855 2723 896 2806 μὴ
919 2719 1007 2801 εἶναι,
1033 2722 1126 2786 δοκεῖν
1154 2720 1182 2783 δ’
1210 2719 1292 2783 εἶναι.
1325 2721 1401 2786 ἀλλὰ
1426 2723 1474 2788 καὶ
1502 2724 1567 2808 περὶ
1590 2723 1670 2788 θεῶν

245 2843 249 2852 ·
309 2821 391 2906 ἔλεγε
412 2825 453 2908 μὴ
477 2826 535 2888 δεῖν
558 2825 781 2910 ἀποφαίνεσθαι.
815 2826 857 2910 μὴ
879 2824 933 2908 γὰρ
955 2822 1027 2888 εἶναι
1048 2827 1153 2906 γνῶσιν
1175 2823 1283 2887 αὐτῶν.
1315 2841 1392 2888 nam
1414 2825 1540 2908 speeies
1555 2825 1671 2892 similla

309 2931 360 2990 est
380 2923 438 3009 eis,
461 2945 545 3008 quae
567 2926 607 2993 de
629 2926 803 3012 Hippaso
825 2931 980 2992 notantur
1002 2925 1079 2991 VIH
1098 2925 1141 2990 84
1166 2923 1224 3011 ἔφη
1253 2926 1292 2988 δὲ
1319 2926 1445 3010 χρόνον
1473 2928 1670 3013 ὡρισμένον

309 3025 400 3091 εἶναι
422 3031 483 3112 τῆς
505 3032 565 3092 τού
587 3029 721 3112 κόσμου
744 3029 943 3113 μεταβολῆς
966 3028 1022 3090 καί
1044 3027 1306 3112 πεπερασμένον
1334 3026 1424 3092 εἶναι
1450 3031 1489 3093 τδ
1516 3034 1582 3094 πᾶν
1609 3032 1670 3095 καὶ

309 3128 519 3213 ἀεικίνητον.
547 3148 630 3213 quae
645 3150 711 3196 non
726 3131 831 3195 solum
845 3127 958 3194 Aetius
973 3127 1118 3194 similiter
1132 3129 1256 3195 rettulit
1270 3129 1287 3194 I
1302 3129 1323 3193 5
1337 3137 1353 3192 5
1371 3126 1543 3216 [Theodor.
1554 3132 1600 3198 1v
1612 3130 1666 3220 12]

302 3229 438 3302 Ἵππασος
461 3233 494 3296 δὲ
515 3233 531 3296 ὁ
551 3231 765 3302 Μεταποντῖνος
788 3233 836 3296 καί
853 3230 1038 3316 Ἡράκλειτος
1061 3230 1249 3301 δΒλύσοινος
1272 3232 1289 3294 δ
1307 3230 1439 3318 Ἐφέσιος
1460 3234 1495 3298 ἓν
1517 3233 1606 3300 εἶναι
1628 3237 1666 3299 τδ

308 3339 373 3399 πᾶν
396 3334 595 3420 ἀεικίνητον
622 3337 678 3399 καί
705 3335 986 3420 πεπερασμένον,
1012 3335 1125 3420 ἀρχὴν
1152 3335 1189 3398 δέ
1215 3335 1252 3398 τδ
1279 3339 1345 3420 πῦρ
1372 3337 1580 3423 ἐσχηκέναι,
1606 3339 1667 3406 sed

307 3435 416 3520 etiem,
438 3442 473 3502 ut
488 3435 583 3502 simul
597 3435 720 3504 iontem
734 3435 926 3520 adgnosces,
949 3435 1241 3520 Theophrastus
1262 3435 1300 3502 ir.
1318 3441 1335 3502 1
1353 3436 1490 3510 Ἵππασος
1512 3441 1545 3504 δὲ
1566 3443 1583 3505 ὁ
1605 3439 1666 3506 Μι-

307 3543 472 3610 ταποντῖνος
503 3540 551 3603 καὶ
570 3537 753 3622 Ἡράκλειτος
780 3539 796 3602 δ
818 3536 948 3623 Ἐφέσιος
970 3538 1005 3602 ἓν
1032 3539 1088 3602 καὶ
1110 3537 1207 3602 ούτοι
1229 3540 1286 3602 καὶ
1309 3543 1514 3625 κινούμενον
1536 3544 1584 3608 καί
1606 3567 1665 3608 πε-

307 3641 539 3725 περασμένον,
562 3643 637 3706 ἀλλά
658 3644 724 3724 πῦρ
747 3640 887 3724 ἐποίησαν
908 3641 969 3725 τὴν
991 3642 1105 3727 ἀρχὴν
1122 3683 1214 3704 ·····
1231 3647 1309 3706 ποιεῖ
1329 3644 1362 3707 δέ
1384 3645 1432 3708 καὶ
1446 3645 1524 3714 τάξιν
1538 3647 1601 3712 τινὰ
1615 3649 1664 3712 καὶ

307 3743 436 3829 χρόνον
460 3743 658 3828 ὡρισμένον
680 3747 741 3826 τῆς
762 3746 823 3806 τοῦ
845 3742 980 3825 κόσμου
1003 3745 1210 3830 μεταβολῆς.
1255 3744 1313 3810 sed
1336 3744 1417 3812 haee
1439 3746 1606 3816 haetenus.

391 3843 577 3912 Invenimus
595 3845 629 3910 in
644 3842 766 3910 Laertii
781 3842 823 3909 de
834 3843 977 3930 physiois
991 3843 1193 3929 philosophis
1208 3845 1367 3930 eapitibus
1382 3847 1476 3916 binos
1491 3849 1665 3934 scriptores

307 3946 499 4032 oompilatos
531 3945 666 4030 perinde
698 3952 796 4029 atque
830 3945 863 4012 in
895 3945 1064 4032 Hippolyti
1097 3946 1410 4032 Philosophumenis.
1454 3958 1590 4036 uterque
1623 3973 1664 4019 ex

306 4047 523 4134 Theophrasti
546 4047 698 4114 thesauro
721 4047 840 4132 hausit,
863 4049 921 4115 sed
942 4048 995 4114 hio
1017 4047 1210 4132 primoribus
1228 4050 1328 4118 labris
1342 4073 1395 4120 res
1408 4053 1551 4138 insignes
1565 4054 1664 4121 etiam

306 4151 439 4218 abunde
465 4148 647 4234 arcessivit,
675 4149 731 4216 ille
757 4151 894 4236 physioa
922 4157 1047 4217 tantum
1073 4151 1132 4218 sed
1160 4152 1368 4236 compositius
1390 4161 1422 4220 et
1444 4155 1602 4239 prolixius
1623 4141 1665 4223 ei

304 4251 377 4318 unis
405 4249 617 4337 Opiuiouihus
643 4253 813 4337 excerpsit.
863 4251 1003 4338 priorem
1032 4253 1154 4320 fontem
1183 4253 1333 4321 Laertius
1359 4257 1564 4324 ooniunetum
1591 4279 1663 4324 eum

304 4355 379 4421 vitis
401 4354 564 4421 invenisse
587 4360 620 4420 et
641 4355 845 4422 transtulisse
863 4355 1001 4440 ridetur,
1024 4357 1162 4421 alterum
1178 4355 1334 4422 laudabili
1349 4358 1483 4424 oonsilio
1498 4363 1663 4442 tamquam

303 4458 561 4542 supplementum
583 4455 757 4523 addidisse.
802 4457 977 4522 Laertiana
998 4465 1107 4524 autem
1129 4465 1179 4524 est
1200 4458 1359 4544 inventio,
1382 4466 1417 4524 ut
1439 4459 1554 4527 eadem
1576 4485 1664 4548 κεφα-

304 4562 438 4630 λαιωδῶς
461 4564 493 4624 et
514 4561 588 4624 κατὰ
611 4561 696 4645 μέρος
718 4558 958 4644 perspicuitatis
980 4561 1085 4643 gratie
1106 4581 1269 4644 exponere
1290 4582 1362 4628 sese
1380 4563 1517 4630 simulet
1540 4563 1666 4631 soilioet

302 4662 365 4729 hoe
387 4662 541 4745 estquod
564 4661 610 4727 ait
625 4661 841 4747 Hieronymus
864 4685 904 4728 sa
926 4669 1107 4729 necessitate
1128 4667 1270 4728 virtutem
1284 4667 1400 4746 facere.
1434 4672 1576 4733 osterum
1597 4667 1665 4733 bio-

302 4765 419 4850 graphi
440 4763 579 4846 restigia
599 4763 685 4829 infra
707 4764 804 4830 etiam
827 4763 904 4830 alibi
927 4749 1045 4850 'pressa
1071 4766 1309 4833 demonstrabo.
1354 4769 1395 4834 de
1417 4767 1665 4852 Theophrastea

303 4867 444 4954 epitome
473 4887 580 4952 aquo
608 4873 640 4930 et
669 4867 798 4950 quando
825 4865 913 4932 faeta
935 4867 976 4932 sit
998 4874 1031 4934 et
1053 4888 1130 4932 num
1159 4876 1299 4952 cognata
1328 4869 1368 4934 sit
1395 4889 1465 4934 oum
1491 4869 1663 4956 Hippolyti
