3768 5736
673 395 775 444 Αενιι
794 393 897 446 mc.
911 397 952 446 ιιι
968 395 1067 446 νε-ο
1481 395 1543 458 369

824 465 921 492 s&

334 461 823 549 phurrtmcfisffiffiffi*
926 466 1199 552 Ἧῇῖι
1220 498 1394 551 mmm

888 642 999 717 ποιοῦν,
1025 640 1065 722 πῆ
1086 640 1119 702 δὲ
1140 638 1304 722 λαμπηδόνι
1324 637 1377 721 τῆν
1399 637 1502 720 ἀστρα-

890 743 958 825 πήν.
991 745 1167 806 συναιτιιῖιται
1190 741 1223 804 δὲ
1244 740 1293 804 καί
1314 740 1348 802 τδ
1370 742 1495 821 πνεῦμα.

857 860 873 912 9
930 841 1152 928 Ἡράκλειτος
1183 845 1309 930 βροντὴν
1344 843 1396 925 μὲν
1428 841 1503 904 κατὰ

890 929 1053 1030 συστρθφὰς
1087 945 1201 1028 ἀνέμων
1238 946 1286 1009 καί
1323 949 1418 1030 νεφῶν
1455 943 1503 1006 καί

891 1047 1053 1130 ἐμπτώσεις
1080 1049 1250 1131 πνευμάτων
1275 1048 1317 1118 είς
1349 1048 1386 1111 τὰ
1418 1047 1503 1132 νέφη,
1527 1065 1539 1102 ⁶

890 1149 1039 1234 ἀστραπὰς
1061 1151 1094 1214 δὲ
1110 1152 1185 1215 κατὰ
1198 1151 1250 1221 τὰς
1264 1154 1322 1214 τῶν
1338 1149 1503 1232 ἀναθυμιω-

892 1252 985 1335 μένων
1015 1252 1142 1338 ἐξάψεις,
1171 1256 1339 1338 πρηστῆρας
1370 1252 1403 1314 δὲ
1430 1251 1505 1314 κατὰ
1620 1255 1625 1268 ’

891 1358 986 1440 νεφῶν
1008 1355 1166 1441 ἐμπρήσεις
1187 1356 1235 1419 καὶ
1259 1354 1379 1441 σβέσεις.

851 1469 883 1522 10
936 1457 1138 1530 Λεύκιππος
1152 1459 1242 1543 πυρδς
1253 1455 1504 1542 έναποληφθέντος

891 1559 990 1644 νέφεσι
1018 1563 1194 1646 παχυτάτοις
1216 1557 1359 1624 ἔκπτωσιν
1382 1557 1502 1644 ἰσχυρὰν
1516 1576 1540 1614 10

892 1662 1013 1746 βροντὴν
1036 1663 1185 1726 ἀποτελεῖν
1208 1661 1407 1748 ἀποφαίνεται.

854 1781 881 1832 11
940 1764 1168 1850 Δημόκριτος
1212 1766 1333 1851 βροντὴν
1377 1763 1429 1846 μὲν
1473 1762 1506 1824 ἐκ

893 1867 1083 1951 συγκρίματος
1102 1867 1259 1950 ἀνωμσλου
1273 1870 1307 1932 τδ
1322 1868 1507 1952 περιειληφὸς

892 1967 964 2032 αὐτὸ
986 1967 1072 2054 νέφος
1093 1972 1166 2055 πρδς
1186 1971 1239 2054 τὴν
1258 1971 1339 2035 κάτω
1353 1970 1446 2055 φορὰν
1461 1971 1505 2033 έκ-

892 2069 1077 2156 βιαῖομένου·
1109 2072 1259 2157 ἀστραπὴν
1282 2072 1315 2136 δὲ
1336 2072 1505 2157 σύγκρουσιν
1518 2089 1541 2128 11

892 2175 998 2257 νεφῶν,
1021 2170 1069 2258 ὑφ’
1097 2173 1133 2258 ῆς
1154 2174 1191 2238 τὰ
1212 2173 1362 2258 γεννητικὰ
1383 2177 1435 2238 τοῦ
1456 2197 1507 2237 πυ-

893 2274 942 2358 ρδς
965 2274 1013 2337 διὰ
1033 2277 1092 2338 τῶν
1119 2274 1285 2340 πολυκένων
1313 2275 1506 2360 ἀραιωμάτων

892 2378 955 2444 ταῖς
977 2375 1181 2462 παρατρίψεων
1204 2377 1245 2447 είς
1260 2378 1294 2441 τδ
1309 2376 1381 2440 αὐτὸ
1397 2378 1507 2440 συναλι-

894 2477 1001 2560 ζόμενα
1024 2477 1180 2562 διηθεῖται·
1213 2479 1351 2564 κεραυνδν
1374 2479 1417 2556 δέ,
1439 2479 1507 2542 θταν

893 2579 927 2642 ἐκ
949 2579 1164 2664 καθαρωτέρων
1178 2581 1227 2644 καὶ
1241 2581 1422 2666 λεπτοτέρων
1437 2582 1507 2663 δμα-
1519 2599 1543 2638 νυ

894 2680 1030 2766 λωτέρων
1044 2705 1076 2746 τε
1090 2682 1139 2747 καὶ
1151 2680 1396 2769 ιποκναρμένωί,
1418 2683 1509 2747 καθοῖ-

894 2806 949 2868 περ
981 2783 1069 2854 αδτδς
1100 2786 1220 2872 γράφει,
1252 2789 1425 2870 γεννητικῶν
1457 2790 1509 2850 τοῦ

894 2886 984 2970 πυρδς
999 2887 1019 2970 ἡ
1035 2887 1113 2972 φορά
1127 2889 1273 2974 βιάζηται·
1297 2893 1451 2974 πρηστῆρα
1466 2887 1509 2968 δέ,

897 2987 966 3052 ὅταν
987 2991 1207 3076 πολυκενῶτερα
1229 2990 1407 3076 συγκρίματα
1422 2992 1511 3075 πυρδς

897 3091 927 3153 ἐν
954 3091 1121 3163 πολυκένοις
1149 3093 1369 3179 κατασχεθέντα
1398 3095 1546 3179 χώραις11

897 3193 945 3258 καὶ
967 3197 1118 3279 περιοχαῖς
1140 3194 1254 3277 ὑμένων
1277 3195 1358 3259 ίδῖων
1380 3216 1511 3277 σωματο-

897 3295 1056 3378 ποιοΰμενα
1081 3301 1124 3382 τῷ
1152 3300 1305 3381 πολυμιγεῖ
1324 3298 1377 3382 τῆν
1404 3297 1451 3362 ἐπὶ
1477 3297 1511 3360 τδ

898 3399 990 3484 βάθει
1013 3398 1107 3483 δννὴι
1129 3399 1217 3484 λάβε·

276 3497 313 3564 Οί
335 3497 488 3562 Στωικοὶ
506 3499 627 3584 βροντὴν
644 3499 696 3582 μὲν
711 3519 888 3583 συγκρου-ιν
942 3497 984 3564 Οί
1011 3499 1164 3564 Στωικοὶ
1196 3502 1317 3587 βροντὴν
1347 3502 1399 3584 μὲν
1428 3521 1513 3585 προσ-

233 3601 306 3682 σμδν
328 3604 440 3686 νεφῶν,
466 3601 616 3685 ἀστραπὴν
638 3600 665 3664 δ’
693 3599 792 3687 ἔξαψιν
814 3601 848 3665 ἐκ
899 3603 1043 3686 κρουσμδν
1066 3607 1173 3687 νεφῶν,
1194 3604 1345 3688 ἀστραπὴν
1365 3603 1398 3666 δὲ
1415 3601 1549 3687 έξαψιννυ

233 3702 444 3787 παρατρίψεως,
459 3704 596 3786 κεραυνὸν
610 3703 643 3766 δὲ
655 3704 848 3790 σφοδροτέραν
899 3705 933 3768 ἐκ
955 3703 1168 3788 παρατρίψεως,
1191 3707 1328 3789 κεραυνὸν
1346 3706 1379 3768 δὲ
1394 3706 1514 3789 σφοδρο-

234 3801 386 3888 έλλαμψιν,
405 3810 559 3890 πρηστῆρα
574 3805 607 3870 δὲ
620 3805 848 3892 νωχελεστέραν.
898 3807 983 3892 τέραν
1006 3804 1163 3892 ἔκλαμψιν,
1192 3811 1345 3892 πρηστῆρα
1372 3807 1404 3870 δέ
1426 3805 1515 3870 νωθε-

900 3931 1014 3994 στεραν.

859 4039 891 4093 13
944 4010 1155 4096 Χρύσιππος
1181 4009 1331 4096 ἀστραπὴν
1354 4009 1453 4095 ἔξαψιν
1474 4033 1516 4074 νε-

900 4115 965 4198 φῶν
987 4111 1196 4197 ἐκτριβομένων
1219 4112 1239 4196 ἢ
1258 4113 1441 4198 ρηγνυμένων
1459 4113 1515 4175 ὑπὸ
1527 4131 1551 4170 ω

900 4213 1073 4298 πνεύματος,
1096 4214 1217 4300 βροντὴν
1240 4213 1265 4276 δ’
1293 4214 1366 4278 εῖναι
1388 4216 1437 4278 τὸν
1454 4215 1518 4278 τού-

900 4341 959 4380 των
981 4315 1090 4402 ψίφον·
1118 4316 1181 4398 ἅμα
1204 4317 1237 4379 δὲ
1262 4317 1391 4400 γίνεσθαι
1418 4318 1448 4381 έν
1474 4323 1517 4402 τῷ

901 4419 964 4504 ἀέρι
988 4419 1108 4506 βροντήν
1130 4419 1232 4481 τεκαὶ
1258 4419 1425 4505 ἀστραπήν,
1452 4419 1519 4504 πρό-

900 4543 982 4606 τερον
1005 4521 1038 4583 δὲ
1059 4525 1113 4605 τῆς
1135 4522 1286 4605 ἀστραπῆς
1313 4522 1519 4606 ἀντιλαμβάνε-

901 4623 972 4686 σθαι
994 4624 1073 4706 ἡμᾶς
1095 4623 1191 4687 διὰτὸ
1206 4627 1259 4707 τῆς
1274 4622 1366 4708 ἀκοῆς
1382 4621 1517 4708 ὀξυτέραν
1530 4642 1555 4681 ω

938 4763 953 4814 6
972 4757 1141 4828 θυμιωμένων
1153 4762 1191 4811 A:
1206 4777 1271 4812 οοιτ.
1284 4759 1407 4812 θείνοντες
1419 4765 1450 4814 εί.
1460 4763 1488 4813 11
1500 4763 1515 4816 6
1525 4772 1537 4810 υ
1549 4759 1561 4829 Ιψ

904 4848 935 4900 15
964 4845 1096 4916 σἰγκρασιν
1113 4848 1150 4898 A:
1174 4849 1274 4899 correxi
1298 4849 1328 4897 of.
1347 4847 1427 4913 Diog.
1444 4851 1471 4900 X
1485 4848 1533 4900 101
1549 4844 1562 4916 ΙΙ

902 4933 936 4987 23
957 4933 1079 5004 βιῶσηται
1092 4936 1130 4985 A:
1156 4937 1266 4986 correxi.
1285 4931 1400 5002 βιάσηται
1427 4939 1566 5002 scripserat

902 5023 1027 5074 Gaissord
1049 5019 1063 5089 Ιψ
1085 5019 1119 5074 28
1138 5020 1213 5091 βάρος
1231 5024 1268 5071 A:
1288 5025 1389 5074 eorrexi

256 5133 345 5183 Diels,
364 5133 508 5186 ὓοκοςτιρδι
528 5133 610 5182 aaut.
1324 5105 1367 5169 '24
