3708 5732
358 397 419 463 162
506 398 574 450 xm
607 399 657 450 DII
676 397 934 450 THEOPHRASTI
952 399 991 450 IN
1009 397 1168 450 assumo
1187 397 1351 451 moesus
1371 397 1569 450 EXCERPTIS

356 585 395 632 ae
420 566 628 634 venationem
657 566 913 635 coniecturarum
939 563 1103 648 ingenium
1132 565 1263 632 immisit
1295 571 1329 632 et
1354 571 1390 630 ut
1416 564 1556 634 audaeus
1579 564 1693 634 iomrna

355 668 511 736 adiuvme
533 671 626 754 solet,
649 667 783 754 contigit
804 675 840 736 ut
855 666 1003 734 Dioolem
1017 665 1219 750 Magnesium
1238 687 1280 735 ex
1294 666 1468 736 venatione
1482 665 1694 751 gloriabundus

355 778 545 857 reportaret.
589 771 739 838 nimirum
768 770 796 837 is
822 789 895 836 eum
923 767 1039 834 librum
1066 787 1162 851 quem
1183 789 1244 836 nos
1265 769 1430 838 Laertium
1451 768 1613 840 nominare
1632 789 1694 838 oon-
1731 800 1738 813 ·

354 893 577 959 sueveramus,
617 872 820 956 oonsoripsit,
852 891 894 938 ex
921 890 960 938 eo
990 869 1109 938 additis
1134 870 1306 954 poematiis
1331 877 1365 938 et
1391 870 1598 938 breviusculis
1623 873 1696 942 notis

354 975 502 1042 Laertius
523 997 589 1042 non
610 974 728 1058 hausit,
750 974 809 1042 sed
831 972 1037 1058 impudenter
1058 971 1249 1056 deseripsit..
1274 992 1349 1040 eeoe
1371 991 1469 1055 quam
1489 973 1583 1058 longe
1596 975 1695 1042 relieta

353 1076 395 1142 sit
417 1077 535 1162 pusilla
556 1075 731 1144 Babnsobii
754 1075 928 1158 dubitatio,
959 1075 1014 1157 qui
1036 1073 1083 1140 de
1106 1074 1243 1142 Dioole
1270 1096 1336 1160 pro
1359 1082 1464 1144 eerto
1485 1075 1583 1142 nihil
1602 1075 1695 1144 affir-

353 1198 454 1246 mare
469 1200 505 1248 se
516 1179 622 1246 fassus
634 1185 704 1245 erat
717 1181 760 1264 [p.
773 1180 839 1262 49].
861 1196 967 1259 neque
982 1175 1108 1244 sortiter
1121 1175 1295 1244 affirmanti
1309 1176 1485 1244 NIetsobeo
1501 1176 1636 1265 defuere,
1649 1181 1695 1263 qui

352 1281 555 1366 plauderent,
577 1281 768 1366 praesertim
790 1301 862 1346 oum
884 1279 955 1346 sine
977 1279 1044 1343 ulla
1065 1277 1267 1346 dubitatione
1288 1284 1376 1346 reate
1390 1277 1565 1346 iudinasset
1585 1281 1693 1365 dequi-

351 1382 487 1450 busdam
509 1383 606 1450 rebus
621 1390 719 1468 utque
735 1383 864 1450 omnino
879 1401 945 1448 non
961 1381 1127 1463 vulgarem
1146 1379 1324 1446 sollertiam
1340 1387 1373 1446 et
1387 1379 1575 1450 ielioitatem
1588 1382 1694 1467 ingenii

351 1484 555 1569 prodidisset.
600 1507 639 1553 eo
662 1486 766 1569 magis
787 1491 933 1552 nostrum
955 1502 1029 1548 esse
1050 1482 1196 1550 duoimus
1219 1503 1291 1550 oum
1313 1483 1354 1550 de
1376 1483 1507 1550 Laertio
1535 1485 1645 1552 dietari
1661 1487 1694 1552 si·

349 1607 430 1672 mus,
452 1587 705 1655 Nietsebeanam
721 1586 906 1670 opinionem
923 1605 989 1650 non
1004 1585 1100 1650 modo
1116 1585 1363 1654 insertissimam
1379 1591 1412 1652 et
1427 1603 1617 1654 aranearum
1631 1588 1694 1655 telis

349 1687 528 1754 tenuiorem
549 1689 789 1772 demonstrare,
812 1687 870 1752 sed
891 1691 1005 1770 aperte
1026 1685 1153 1752 falsam.
1197 1686 1282 1752 obsit
1308 1693 1344 1752 ut
1371 1686 1569 1754 ratiuneulas
1596 1710 1694 1756 omnes

350 1791 485 1876 elevem,
508 1789 623 1874 quibus
646 1790 708 1857 iste
731 1789 818 1874 quod
838 1789 941 1854 voluit
963 1787 1098 1873 persenit
1120 1789 1332 1858 oonieotando
1354 1825 1397 1850 τ-
1419 1810 1553 1874 eoquem
1568 1792 1652 1860 iurat
1666 1793 1694 1858 in

347 1891 490 1959 tenebris
504 1892 625 1959 mieare
647 1927 692 1978 -,
708 1898 743 1957 ot
761 1889 899 1974 primum
914 1891 1024 1956 statim
1038 1899 1263 1974 argumentum
1277 1891 1514 1978 impugnemus,
1538 1915 1600 1979 quo
1614 1896 1693 1978 quasi

347 1995 479 2062 tibieine
494 1995 658 2062 subtraeto
681 2001 751 2061 tota
773 1992 816 2058 sit
839 1998 1000 2059 struatura
1021 2013 1146 2060 oasura.
1180 2015 1272 2062 orsus
1294 2001 1344 2061 est
1364 1995 1450 2060 enim
1463 2015 1485 2062 a
1500 1995 1619 2062 Laertii
1632 1997 1694 2062 loeo

347 2097 409 2164 Vll
431 2099 473 2164 48
501 2099 531 2163 ἐν
559 2097 609 2163 οὖν
635 2102 695 2168 τοῖς
720 2099 845 2179 λογικοῖς
871 2097 1015 2159 ταῦτάτε
1043 2096 1141 2166 αὐτοῖς
1168 2098 1249 2161 δοκεῖ
1273 2099 1484 2183 κεφαλαιωδῶς
1510 2099 1559 2162 καὶ
1584 2100 1628 2164 lou
1654 2099 1694 2162 καὶ

347 2198 422 2266 κατὰ
445 2202 531 2287 μέρος
552 2199 681 2284 εἴποιμεν
704 2200 751 2262 καὶ
773 2200 852 2275 τάδε,
876 2196 950 2282 ἅπερ
972 2197 1069 2262 αὐτῶν
1091 2198 1132 2269 εἰς
1153 2199 1205 2284 τὴν
1229 2200 1419 2284 εἰσαγωγικὴν
1438 2201 1524 2264 τείνει
1539 2199 1640 2287 τέχνην
1653 2201 1694 2264 sal

346 2301 421 2367 αὐτὰ
443 2303 490 2366 ἐπὶ
513 2301 618 2373 λέξεως
639 2301 737 2385 τίθησι
753 2301 878 2384 Διοκλῆς
893 2301 910 2364 b
926 2299 1047 2384 Μάγνης
1069 2301 1099 2364 ἐν
1121 2306 1159 2383 τῇ
1182 2301 1327 2388 ἐπιδρομῇ
1349 2305 1408 2366 τῶν
1431 2301 1694 2388 proripuitque

346 2404 468 2475 οὕτως·1
494 2411 659 2488 postremo
673 2403 728 2470 ille
743 2402 790 2468 sia
804 2400 890 2485 oepit
905 2401 986 2468 Mur.
998 2401 1101 2470 Rben.
1113 2402 1227 2468 XXIII
1242 2405 1318 2470 633:
1340 2413 1375 2468 at
1389 2407 1482 2469 etium
1495 2407 1695 2486 particularis

344 2511 532 2590 reseramus,
560 2509 685 2572 Diocles
708 2507 746 2570 M.
769 2507 801 2568 irs
821 2505 1075 2586 pbilosophorum
1096 2509 1298 2586 percursione
1325 2507 1515 2571 etiamdum
1540 2509 1640 2592 quood
1659 2509 1696 2571 od

344 2621 444 2676 orterm
468 2613 658 2695 isaqopioam
679 2609 835 2692 quadrum
861 2625 958 2689 euque
983 2609 1054 2672 item
1083 2609 1126 2670 od
1151 2610 1277 2672 seriam
1302 2611 1351 2673 dis
1377 2611 1480 2674 osrbis
1505 2630 1583 2674 usos
1607 2612 1694 2692 possit.

343 2713 419 2780 bine
441 2733 521 2780 sane
538 2711 744 2796 oonsequitur
758 2708 906 2774 Dioelem
923 2729 989 2774 non
1004 2708 1108 2775 solum
1122 2711 1307 2796 speeialem,
1330 2711 1390 2778 sed
1404 2711 1503 2778 etiam
1518 2712 1694 2795 generalem

345 2814 524 2881 Stoieerum
547 2814 734 2898 dogmatum
757 2815 883 2895 partem
899 2809 1129 2896 oonsoripsIsse
1145 2817 1178 2877 et
1192 2813 1357 2879 Laertlum
1372 2814 1535 2898 utrimque
1550 2834 1621 2881 esse
1634 2813 1695 2880 aius

343 2917 548 3002 manoipium.
581 2916 657 2982 bino
678 2913 862 2979 universum
879 2911 1060 2981 Stoieorum
1083 2921 1190 3000 eaput,
1212 2921 1280 2980 tum
1301 2913 1544 3002 Epicureorum,
1567 2915 1695 2998 denique

343 3025 475 3086 eunotos
497 3019 597 3085 libros
620 3037 692 3086 esse
707 3015 839 3100 Dioolis,
863 3035 947 3098 quae
968 3015 1034 3081 iam
1057 3036 1117 3081 sua
1139 3023 1254 3100 sponte
1273 3027 1514 3102 eonsequuntnr
1530 3017 1694 3086 oonolusio

342 3141 411 3187 nes.
443 3127 478 3186 at
500 3141 571 3186 eum
593 3119 703 3203 priora
724 3117 825 3183 latine
847 3125 975 3184 vertere
998 3115 1116 3183 oblitus
1132 3117 1183 3202 sit,
1207 3119 1305 3202 plane
1326 3119 1470 3186 insertus
1485 3119 1616 3206 haereo,
1638 3140 1693 3203 que
1813 3126 1814 3129 ’

340 3224 373 3287 τὲ
395 3222 475 3288 illud
498 3229 571 3306 post
595 3226 686 3286 ταῦτα
708 3216 913 3285 referendum
928 3219 980 3284 sit.
1013 3238 1090 3283 nem
1104 3219 1256 3301 quoniam
1271 3229 1346 3304 post
1361 3223 1574 3308 κεφαλαιωδῶς
1590 3221 1693 3288 toruus

341 3323 527 3390 distinotum
549 3322 662 3406 voluit,
686 3319 767 3385 mira
790 3319 1006 3386 ooneinnitete
1028 3319 1089 3386 sibi
1112 3321 1347 3405 responderent
1368 3326 1460 3388 ταῦτά
1480 3347 1512 3388 τε
1531 3324 1692 3389 δοκεῖ-και

339 3427 454 3491 ...καὶ
476 3427 546 3491 τάδε
564 3469 592 3488 ·.
607 3425 675 3489 οιαὶ
698 3422 772 3487 αὐτὰ
793 3421 892 3505 τίθησι
911 3422 1046 3506 Διοκλῆς·
1078 3441 1157 3489 vera
1173 3423 1397 3508 interpretatio
1417 3425 1526 3490 statim
1543 3425 1693 3508 enitescit,

338 3527 473 3594 simulas
495 3529 543 3593 sol
565 3527 640 3592 αὐτὰ
663 3546 721 3610 pro
744 3521 871 3605 vulgari
886 3523 934 3586 καὶ
950 3523 969 3586 ἃ
984 3521 1104 3589 dietum
1118 3523 1328 3592 intellexeris.
1363 3528 1468 3593 solent
1484 3527 1572 3592 enim
1590 3546 1692 3593 ornnes
1813 3576 1814 3581 ι

338 3629 442 3694 omnis
465 3631 583 3696 aetatis
606 3627 724 3695 Graeci
745 3645 817 3691 ourn
840 3624 1029 3707 praesertim
1052 3644 1146 3691 oasus
1174 3627 1257 3692 varii
1279 3629 1344 3694 sint
1365 3629 1503 3694 alterum
1527 3628 1691 3696 relativum

336 3731 591 3796 demonstrativo
621 3729 813 3812 exprimere.
856 3744 962 3808 neque
988 3745 1009 3791 a
1039 3727 1165 3792 Latinis
1191 3728 1288 3795 huius
1315 3729 1508 3795 inversionis
1536 3729 1692 3813 elegantia

335 3831 444 3897 elisua
475 3839 533 3898 est.
578 3832 688 3912 itaque
714 3826 893 3894 tentissime
914 3826 991 3892 olim
1012 3827 1054 3892 ab
1076 3829 1246 3896 Ambrosio
1268 3831 1430 3897 sententia
1451 3829 1620 3898 intelleeta
1639 3837 1691 3912 eet,

335 3953 432 4016 quam
447 3933 493 3998 sie
507 3931 641 3999 habeto:
665 3929 707 3994 ‘irs
723 3931 832 4012 loqisis
846 3931 940 4010 igitur
956 3940 984 3992 et
998 3930 1075 3994 bose
1089 3933 1212 4012 placent
1234 3953 1314 4015 quas
1328 3934 1501 3997 summatim
1516 3937 1647 4016 amposta
1666 3939 1692 3996 et

333 4045 367 4100 ut
391 4037 572 4118 singillatim
598 4053 717 4117 qaoque
741 4051 913 4115 persequar
940 4034 1033 4096 etium
1059 4035 1151 4112 baso,
1179 4055 1259 4117 quoa
1282 4035 1404 4117 quidem
1430 4035 1475 4098 ad
1494 4038 1691 4102 irmtitruiorsis

333 4149 431 4203 urtam
446 4139 621 4202 Stoicorum
633 4137 788 4218 pertinent
802 4155 940 4218 quaeque
954 4135 1081 4199 Diocles
1101 4139 1135 4200 im
1156 4139 1409 4218 pbilosophorum
1428 4141 1633 4218 percursione
1652 4137 1691 4202 ad
1813 4188 1814 4191 ,

331 4243 458 4306 verbum
484 4243 532 4305 sin
557 4239 663 4322 ponit'
713 4257 790 4321 ergo
817 4237 966 4321 proxima
987 4237 1007 4316 9
1027 4237 1069 4303 49
1085 4257 1154 4322 sqq.
1176 4259 1218 4305 ex
1246 4239 1361 4306 Dioela
1386 4239 1586 4324 transoripts
1611 4245 1690 4321 suut,

331 4343 441 4427 priora
462 4341 549 4408 unde
571 4339 750 4424 manarint,
773 4337 899 4422 Oedipo
922 4337 1024 4404 satius
1046 4341 1161 4408 estad
1183 4341 1393 4408 diviuandum
1416 4359 1610 4426 proponere.
1652 4357 1690 4406 er

329 4444 446 4512 Dioole
465 4443 529 4511 nisi
549 4444 686 4510 delirum
701 4441 806 4523 fingas
821 4438 987 4505 Laertium
1001 4461 1066 4507 non
1082 4444 1186 4526 petita
1200 4437 1285 4529 sunt,
1308 4443 1499 4528 praesertim
1515 4463 1588 4510 oum
1611 4447 1690 4508 utra·

399 4699 408 4732 ¹
428 4701 521 4752 (lebeti
540 4704 701 4752 coniecturas
719 4706 814 4748 temere
828 4701 987 4762 excogitatas
1006 4717 1054 4752 nea
1067 4718 1116 4767 ego
1131 4720 1192 4756 curo
1212 4711 1238 4754 et
1249 4710 1318 4754 reete
1332 4705 1417 4754 omisit
1429 4703 1593 4756 Nistsebana.
1613 4717 1688 4753 unum

326 4784 396 4839 ioasi
418 4785 507 4849 [oodd.
526 4785 620 4850 δοκεῖν]
645 4795 714 4836 rasse
739 4788 859 4836 correxit.
896 4785 1056 4838 Babnaobins
1075 4806 1100 4853 p.
1113 4787 1147 4841 42
1173 4793 1234 4854 qnia
1257 4791 1374 4841 similiter
1396 4798 1473 4854 atque
1492 4791 1535 4840 Ille
1554 4791 1687 4847 intellexit,

326 4877 406 4926 verba
424 4883 545 4940 oomnpta
563 4874 701 4923 arbitratus
720 4873 747 4922 in
766 4873 819 4924 alia
837 4875 925 4924 omnia
943 4873 1067 4926 dissessit.
1095 4877 1126 4926 of.
1145 4877 1266 4928 Nletaebe
1277 4877 1413 4942 Beitraege
1432 4892 1478 4928 aur
1491 4875 1687 4938 Quellankunde

324 4961 402 5014 Basal
422 4961 490 5016 reto
508 4978 533 5026 p.
546 4959 571 5012 7.
603 4961 664 5024 quid
682 4962 715 5012 eit
734 4957 887 5028 ιδοαγιιιγιιιὴ
907 4958 985 5028 τέχνη
1003 4961 1079 5016 doeet
1097 4962 1196 5014 Gellius
1214 4963 1281 5014 xvi
1298 4963 1316 5016 8
1333 4973 1353 5014 1.

1812 3896 1814 3983 l
