3756 5736
319 386 381 451 222
557 389 637 440 nvn
672 388 722 438 un
741 387 989 439 venusuoeunr
1007 387 1245 438 susurronum
1263 364 1458 438 posumus

319 555 360 621 de
390 557 497 620 solnta
526 555 630 620 forma
658 564 785 622 oonstat
812 577 853 622 ex
880 555 1055 621 Plutarcho
1084 561 1117 620 et
1143 555 1190 620 eis
1217 571 1302 637 quae
1328 573 1427 639 supra
1448 575 1479 639 p.
1497 555 1560 620 180
1583 554 1678 620 attuli

319 655 533 722 testimoniis?
566 658 711 723 clausula
733 663 841 722 autem
868 676 952 740 quae
978 655 1159 723 hexametri
1187 654 1323 720 sormam
1350 655 1481 722 simulat
1507 675 1548 722 ex
1570 655 1678 722 Xeno-

319 758 438 843 phanei
461 779 574 826 versus
596 759 805 825 similitudine
827 759 898 824 Aet.
914 757 930 822 Ι
946 757 966 822 3
985 765 1015 818 12
1037 756 1146 824 affiota
1168 757 1304 823 videtur.
1340 759 1417 842 quid
1435 759 1469 824 in
1491 759 1581 843 πυμδς
1595 759 1678 841 ἀμοι-

319 863 374 946 βὴν
400 861 487 943 quod
513 862 668 946 repetitur
695 861 727 926 in
754 860 861 926 multis
884 859 1101 943 Theophrasti
1127 859 1288 944 exoorptis
1310 857 1360 946 [ol.
1384 861 1426 926 ad
1449 860 1486 927 fr.
1505 858 1535 948 ll
1559 867 1678 944 poetae

318 963 474 1028 fabricam
489 963 636 1030 redoleat
651 961 702 1050 [ol.
717 959 1124 1048 ueller1⁴ueo¹]‚ignoro.
1151 966 1278 1026 oonstat
1292 961 1483 1047 Soythinnm
1497 961 1678 1029 iamborum

317 1066 506 1150 seriptorem
528 1065 684 1132 Heracliti
705 1065 822 1131 lihrum
844 1065 878 1130 in
901 1085 1032 1132 oarmen
1054 1061 1268 1130 transfudisse
1289 1065 1398 1148 [Diog.
1421 1067 1470 1132 IX
1491 1065 1562 1150 86],
1591 1065 1685 1157 unde·

319 1190 403 1253 quae
429 1167 554 1250 reliqua
580 1175 654 1234 sunt
680 1168 768 1252 apud
790 1167 967 1234 Stohaeum
990 1169 1062 1250 [eol.
1086 1165 1180 1251 phys.
1203 1166 1262 1232 18
1285 1186 1317 1250 p.
1333 1167 1456 1251 264H.]
1486 1168 1679 1254 Bywaterus

320 1270 486 1360 [Heraolit.
501 1269 613 1354 reliqu.
637 1291 669 1355 p.
684 1269 737 1357 68]
759 1270 885 1336 foliolus
908 1290 1004 1354 quam
1020 1268 1212 1334 Meinekeus
1233 1269 1288 1334 vel
1310 1267 1504 1338 Sohusterus
1526 1269 1679 1338 releoiseo

320 1375 458 1441 ridetur.
502 1371 561 1437 sed
583 1371 664 1438 haee
686 1373 739 1438 vel
761 1371 855 1437 metri
878 1391 977 1437 eausa
999 1372 1032 1436 in
1056 1389 1186 1436 eenaum
1209 1368 1321 1436 venire
1342 1380 1516 1455 nequeunt.

404 1473 450 1542 Ut
481 1474 706 1560 intellegatur,
745 1473 1014 1557 quemadmodum
1047 1473 1082 1538 in
1114 1471 1394 1556 Theophrasteum
1432 1474 1678 1544 undamentum

317 1579 447 1645 alienae
468 1583 648 1643 struaturae
669 1575 896 1643 inaedifioatae
917 1577 992 1661 sint,
1013 1595 1079 1642 non
1101 1572 1224 1639 inutilis
1247 1581 1297 1640 est
1317 1574 1490 1659 fragmenti
1513 1578 1555 1645 de
1581 1599 1678 1646 sensu

317 1678 525 1764 comparatio.
554 1678 799 1762 Empedoolis
821 1678 863 1745 de
885 1679 1048 1744 coloribus
1070 1676 1179 1762 opinio
1202 1683 1309 1742 exstat
1331 1679 1420 1744 Plao.
1442 1679 1516 1746 115
1535 1689 1552 1743 3
1573 1679 1677 1766 Ἐμπε-

318 1785 424 1867 δοκλῆς
446 1783 480 1844 τὸ
502 1785 561 1850 τοῖς
582 1782 681 1866 πόροις
702 1787 755 1867 τῆς
779 1779 874 1866 ὄψεως
900 1781 1110 1867 ἐναρμόττον
1138 1799 1183 1844 se.
1207 1778 1346 1845 dolorem
1369 1799 1451 1848 esse.
1496 1783 1679 1866 adgnosces

318 1881 534 1967 Theophrasti
557 1889 624 1948 tam
646 1903 747 1968 saepe
769 1884 941 1968 repetitum
964 1885 1008 1948 ὁτι
1029 1887 1071 1968 τῷ
1096 1880 1322 1966 ἐναρμόττειν
1344 1887 1404 1954 τοῖς
1426 1884 1526 1970 πόροις
1541 1885 1679 1971 αίσδησίς

318 1987 393 2050 ἐστιν
416 1982 467 2071 [ol.
490 1984 534 2049 ad
556 1983 811 2072 §eadnotatal
846 1986 904 2052 sed
927 1984 1130 2052 desideratur
1151 1981 1205 2047 hio
1219 1990 1374 2050 aoourata
1389 1986 1507 2054 eoloris
1522 1987 1677 2054 delinitio.

318 2087 417 2170 quid?
450 2105 534 2168 quae
562 2087 752 2154 oontinuant
778 2087 904 2154 Plaoita
929 2089 1051 2173 τέτταρα
1077 2087 1111 2150 dl
1136 2089 1197 2154 τοῖς
1224 2087 1379 2172 στοιχείοις
1407 2087 1548 2174 ἰσάριθμα
1575 2090 1678 2154 λευκὸν

320 2189 409 2272 μέλον
432 2187 554 2272 ἐρυθρὸν
577 2189 675 2275 ὠχρόν
699 2191 733 2273 [l.
756 2191 905 2276 χλωρόν],
927 2209 968 2256 ea
989 2208 1055 2254 non
1078 2187 1182 2253 solum
1204 2205 1271 2251 non
1292 2186 1500 2255 inveniuntur
1519 2189 1554 2254 in
1575 2189 1679 2256 Theo

318 2290 466 2374 phrasto,
497 2289 555 2355 sed
582 2291 680 2356 etiam
707 2292 884 2376 contraria,
912 2291 939 2357 si
966 2289 1096 2374 quidem
1123 2287 1165 2355 de
1187 2288 1374 2356 Domoorito
1397 2291 1523 2356 loeutus
1545 2290 1622 2371 §79
1643 2292 1677 2354 τδ

319 2393 434 2462 πλείους
456 2393 615 2456 ἀποδοῦναι
629 2395 681 2464 τὰς
695 2393 790 2479 ἀρχὰς
812 2392 996 2476 [primarios
1011 2391 1149 2474 eolores]
1171 2389 1235 2476 ἔχει
1250 2391 1313 2456 τινὰ
1327 2393 1461 2478 ἀπορίαν,
1483 2395 1510 2458 oi
1525 2394 1580 2478 γὰρ
1594 2391 1677 2457 ἄλλοι

319 2497 352 2560 τὸ
375 2495 548 2558 leuthardi
570 2497 604 2558 τὸ
627 2496 717 2578 μέλαν
740 2499 780 2564 e<
802 2495 912 2560 τούτων
934 2497 1036 2559 ὁπλῶν
1058 2493 1148 2558 όντων
1171 2493 1278 2574 μόνων,
1299 2501 1455 2577 quattuor
1473 2495 1679 2580 Empedoclis

319 2599 445 2664 oolores
473 2616 539 2662 non
570 2595 766 2680 adgnouisse
799 2596 935 2664 videtur.
958 2597 966 2628 ¹
1012 2593 1229 2677 Tbeophrasti
1254 2595 1394 2679 vestigia
1415 2603 1576 2681 apparent
1606 2597 1677 2662 Aet

316 2700 397 2766 [Vb
419 2707 451 2761 12
474 2698 657 2783 Παρμενίδης
682 2700 730 2764 ml
749 2697 985 2784 Ἐμπεδοκλῆς
1011 2699 1059 2762 κα1
1086 2697 1277 2782 Δημόκριτος·
1299 2697 1404 2764 ταδτὸν
1426 2704 1492 2768 νοῦς
1514 2698 1561 2762 κα1
1584 2701 1677 2784 ψυχή,

317 2801 344 2868 si
372 2799 520 2867 eonferas
546 2820 618 2866 oum
644 2801 731 2866 illius
757 2800 799 2867 de
825 2803 953 2868 seus.4
981 2801 1015 2864 τὸ
1043 2800 1098 2884 γὰρ
1130 2799 1322 2864 attestentur
1354 2801 1402 2865 καί
1431 2801 1464 2864 τὸ
1492 2803 1606 2885 φρονεῖν
1637 2804 1678 2872 dic

317 2905 405 2968 ταδτδ
428 2903 516 2986 λέγει.
550 2902 668 2968 similia
691 2909 766 2968 sunt
788 2924 883 2987 porro
901 2900 1118 2985 Theophrasti
1141 2901 1218 2981 §16
1240 2901 1316 2964 ἀλλὰ
1339 2902 1396 2986 μὴν
1420 2901 1488 2966 οὐδὲ
1503 2903 1555 2986 την
1570 2905 1678 2988 ἡδονὴν

318 3005 366 3070 καί
389 3005 483 3088 λύπην
506 3005 745 3088 ὁμολογουμένως
767 3007 941 3072 ἀποδίδωσιν
964 3003 1089 3090 ἤδεσδαι
1113 3004 1165 3086 μὲν
1187 3007 1279 3066 ποιῶν
1300 3007 1361 3074 τοῖς
1380 3005 1501 3087 ὁμοίοις,
1523 3007 1677 3070 λυπεῖσθαι

318 3109 351 3171 δὲ
372 3112 432 3177 τοῖς
453 3107 590 3177 ἐναντίοις
612 3113 645 3171 et
667 3106 863 3172 Plaoilorum
886 3109 965 3174 lV9
984 3117 1015 3170 15
1034 3103 1233 3189 Ἐμπεδοκλῆς
1258 3105 1310 3175 τὰς
1340 3107 1445 3190 ἡδονὰς
1466 3105 1596 3190 γίνεσθαι
1617 3113 1678 3178 τοῖς

319 3211 371 3293 μὲν
394 3209 505 3292 ὁμοίοις
527 3209 586 3293 (ἐκ)
607 3213 665 3272 τῶν
688 3209 808 3291 ὁμοίων,
829 3211 882 3280 τὰς
904 3209 929 3274 δ’
950 3210 1111 3295 ἀλγηδόνας
1132 3211 1193 3276 τοῖς
1214 3207 1362 3278 ἐναντίοις.
1395 3209 1452 3275 sed
1476 3229 1560 3292 quae
1582 3209 1679 3276 inter·

318 3311 426 3396 posita
441 3317 516 3376 sunt
529 3312 604 3375 κατὰ
620 3311 653 3375 δὲ
668 3312 702 3374 τδ
717 3311 849 3377 ἐλλεῖπον
864 3315 936 3398 πρὸς
950 3313 1003 3398 τὴν
1026 3313 1209 3397 ἐκπλήρωσιν
1231 3312 1294 3373 κτλ.
1317 3307 1367 3396 [os.
1384 3310 1412 3376 V
1428 3307 1481 3396 28]
1503 3311 1570 3377 illie
1591 3320 1678 3380 uerte

318 3433 339 3478 a
360 3413 586 3496 Theophrasto
608 3431 675 3476 non
696 3418 784 3478 taeta
806 3421 890 3481 sunt.
934 3414 993 3480 sed
1019 3421 1127 3479 tamen
1158 3413 1281 3496 optima
1302 3418 1353 3478 est
1373 3411 1529 3479 memoria
1551 3420 1585 3480 et
1606 3434 1678 3480 oum

317 3515 537 3599 Empedoolea
551 3512 698 3578 doetrina
713 3515 843 3599 egregie
860 3515 1067 3584 eonsentiens
1089 3521 1125 3579 ut
1140 3515 1185 3579 IV
1202 3515 1243 3580 14
1264 3523 1276 3574 1
1302 3519 1335 3579 et
1349 3513 1394 3580 IV
1411 3516 1449 3581 17
1471 3521 1498 3580 1.
1521 3535 1598 3598 ergo
1614 3515 1676 3582 uisi

312 3616 394 3682 alibi
424 3616 669 3700 Theophrastus
697 3615 756 3682 illa
784 3620 972 3703 repetierat,
1000 3616 1102 3702 ipsius
1130 3614 1315 3700 philosophi
1345 3617 1447 3682 verba
1475 3617 1584 3683 neseio
1614 3638 1678 3700 quo

317 3726 413 3803 paeto
447 3718 625 3784 innotuisse
658 3717 818 3786 videntur.
862 3720 1022 3787 norioium
1051 3727 1102 3785 ert
1123 3719 1168 3783 IV
1190 3718 1247 3784 58
1269 3715 1467 3805 Ἐμπεδοκλῆς
1497 3719 1527 3784 ἐν
1559 3725 1597 3804 τῇ
1626 3725 1678 3784 τοῦ

317 3821 440 3904 αίματος
467 3823 602 3886 συστάσει
630 3840 673 3885 so.
697 3821 868 3904 ἡγεμονικὸν
895 3821 978 3887 εἶναι.
1012 3841 1087 3887 nam
1115 3819 1295 3887 rosontione
1318 3838 1468 3886 sermone
1490 3840 1678 3904 expressum

317 3929 367 3988 est
394 3922 480 4005 quod
506 3922 721 4006 Theophrast.
745 3923 823 4006 §10
844 3923 922 3990 dioit
945 3930 988 4011 τῷ
1020 3925 1120 4007 αίμπτι
1151 3926 1275 4007 μαλιστα
1300 3927 1426 4010 φρονεῖν.
1466 3943 1562 4006 porro
1589 3923 1678 3990 Plao.

317 4024 362 4090 IV
378 4025 419 4089 le
440 4035 451 4085 l
473 4023 671 4110 Ἐμπεδοκλῆς
693 4025 746 4108 τὴν
769 4025 861 4110 ἀκοὴν
883 4026 1012 4110 γίνεσθαι
1035 4027 1110 4090 κατὰ
1127 4026 1312 4111 πρόσπτωσιν
1326 4025 1489 4108 πνεόματος
1503 4031 1546 4111 τῷ
1561 4027 1677 4113 χόνδρῳ

318 4127 404 4212 όνπερ
431 4129 519 4213 φησίν
546 4127 722 4212 ἐξηρτῆσθαι
750 4126 830 4197 ίντὸς
852 4133 904 4192 τοῦ
927 4130 1002 4199 ert<
1024 4130 1161 4196 κώδωνος
1183 4129 1265 4212 δίκην
1287 4128 1484 4213 αίωροόμενον
1507 4130 1554 4192 καί
1578 4130 1678 4194 τοπιὸ-

318 4253 402 4313 μενον
430 4228 683 4313 Theophrasteis
706 4228 761 4312 §9
784 4229 957 4296 eonvenite
981 4229 1146 4314 videntur,
1178 4228 1237 4294 sed
1263 4249 1335 4295 oum
1362 4229 1480 4296 misere
1508 4229 1591 4297 haee
1612 4250 1678 4296 oor·

317 4337 413 4414 rupta
435 4330 509 4416 sint,
532 4330 717 4397 adscribere
738 4331 824 4396 nolo.
862 4351 883 4396 a
905 4331 1032 4396 Zellero
1056 4330 1091 4396 1⁴
1114 4330 1197 4396 724¹
1218 4331 1421 4416 vituperatur
1443 4330 1530 4414 quod
1551 4331 1585 4396 in
1607 4332 1679 4398 Pla-

318 4433 389 4498 oitis
415 4435 520 4496 κώδων
546 4431 870 4517 tintinnabulum,
897 4451 962 4498 non
989 4433 1081 4499 tuba
1108 4433 1191 4516 [sive
1218 4435 1310 4498 ιιιὸαο
1328 4437 1488 4516 potentior
1509 4435 1610 4496 οπίίνε
1637 4432 1677 4499 of.

319 4534 434 4600 Seneo.
457 4534 550 4618 epist
568 4535 641 4618 108,
663 4535 712 4599 10.
742 4533 875 4600 Aristot.
899 4534 1001 4620 probl.
1026 4536 1067 4600 33
1091 4543 1122 4596 11
1149 4557 1181 4619 p.
1197 4535 1278 4600 963·
1301 4535 1335 4618 3]
1357 4536 1574 4619 intellegatur.
1620 4536 1678 4602 sed

319 4656 359 4703 ox
382 4635 540 4720 corruptis
562 4635 669 4702 verbis
692 4635 771 4702 oerti
793 4635 966 4719 quidquam
990 4635 1024 4702 in
1040 4642 1187 4702 neutram
1203 4643 1331 4720 partem
1346 4635 1430 4704 effici
1452 4643 1568 4722 potest
1592 4644 1679 4705 reete

391 4861 447 4913 ¹ul.
470 4861 633 4914 Bsumhauer
654 4868 764 4912 sentent·
794 4867 872 4912 veter.
894 4861 988 4926 philos.
1013 4877 1097 4926 grase.
1116 4863 1148 4912 de
1172 4863 1220 4913 ris.
1239 4863 1301 4912 lum.
1320 4863 1400 4912 oolor.
1419 4877 1444 4926 p.
1458 4859 1501 4926 71,
1529 4866 1573 4927 qni
1592 4873 1679 4915 tamen

318 4947 451 5001 ἀποδοῦναι
468 4948 514 5006 τάς
531 4947 627 5017 χρόας
646 4965 692 5015 pro
711 4945 790 5016 ἀρχὰς
808 4950 897 4999 inseite
916 4951 1036 5000 conexit.
1061 4947 1167 5012 ol.§59
1184 4945 1352 5000 τότιλιινιιὸν
1370 4945 1413 5000 καί
1431 4945 1460 4999 nd
1477 4947 1556 5016 μίλον
1574 4949 1677 5020 ἀρχαί.
1703 4979 1707 4986 ·
