3708 5732
679 441 956 491 PROLEGOMENA
1092 400 1094 404 ·
1451 437 1493 502 99

130 609 343 694 lingenesicm
367 613 400 674 et
422 608 601 674 animarum
617 607 650 672 in
673 627 752 674 aera
767 612 930 692 receptum
947 607 1075 692 retinet,
1097 605 1151 672 hic
1167 607 1380 689 veriloquium
1404 605 1494 671 Αἰαῖα

130 715 188 776 ἀπὸ
210 717 263 776 τοῦ
285 711 395 784 alcidem
417 718 608 794 aucupatur.
643 711 781 776 alterum
804 717 1028 792 argumentum
1050 707 1165 775 fortius
1188 709 1348 776 videatur.
1383 731 1494 776 verum

128 813 304 880 inHomcri
319 819 432 898 aperto
449 812 607 879 enneadis
622 813 728 878 studio
745 811 939 895 explicando
956 811 1185 895 allegoriarum
1200 817 1374 878 venatores
1388 833 1494 896 paenc

129 917 214 982 ultro
238 917 272 981 in
293 917 379 982 idem
402 915 593 981 inciderunt.
628 915 716 999 quod
737 913 946 998 praeiverunt
967 913 1166 980 Aristarchei
1189 915 1278 980 velut
1292 913 1495 979 Aristonicus

128 1019 172 1084 ad
193 1019 219 1086 Z
237 1020 300 1083 174
325 1025 357 1083 ct
377 1017 521 1084 scholss
541 1025 574 1084 et
589 1017 670 1083 Vict.
688 1017 730 1083 ad
752 1017 785 1081 M
800 1017 850 1082 25.
885 1017 944 1082 scd
965 1017 1141 1100 largiamur
1161 1015 1231 1082 istis
1254 1015 1492 1102 Porphyrium¹

127 1123 161 1186 in
185 1121 357 1188 Graeciam
378 1120 542 1188 invexisse
569 1121 764 1205 coroadam,
792 1119 870 1202 quid
891 1119 1041 1205 impedit,
1070 1119 1239 1203 quominus
1265 1119 1340 1185 Vita
1362 1119 1494 1186 Homeri

129 1225 191 1290 hoc
205 1223 337 1308 quidem
353 1223 612 1311 Porphyrianum
633 1223 800 1289 inventum
823 1229 935 1288 secuta
958 1243 1029 1288 esse
1051 1223 1224 1289 videatur?
1246 1229 1281 1288 at
1295 1223 1495 1308 Porphyrius

126 1329 237 1400 Vitam
258 1329 348 1394 nullo
371 1328 466 1393 modo
486 1326 623 1412 scripsit,
646 1325 722 1409 quia
744 1323 907 1392 scribendi
930 1331 961 1391 ct
984 1323 1067 1390 ratio
1091 1331 1124 1391 et
1147 1325 1250 1391 oratio
1267 1325 1494 1412 Porphyriano

127 1429 210 1496 mori
235 1431 333 1514 plane
355 1429 539 1496 contrariae
561 1431 644 1493 sunt.
679 1428 767 1512 quod
788 1429 842 1494 vel
865 1447 906 1494 ex
928 1427 1119 1494 brevissimo
1142 1428 1249 1512 eapite
1271 1429 1312 1494 dc
1335 1429 1428 1496 Circe
1451 1431 1496 1495 lu-

127 1534 259 1598 culento
290 1534 440 1618 exemplo
468 1533 717 1600 demonstratur.
762 1552 869 1615 neque
898 1531 1073 1616 quidquam
1102 1533 1190 1597 valet
1217 1531 1386 1598 Schmidtii
1412 1533 1495 1598 ratio

128 1635 280 1701 diversas
300 1635 472 1722 Porphyrii
495 1641 622 1703 aetates
650 1634 845 1700 excusantis.
890 1654 974 1718 quae
1001 1655 1043 1700 nc
1070 1642 1136 1700 turn
1163 1635 1293 1718 quidem
1319 1635 1496 1722 probabilis

127 1745 227 1822 esset,
251 1739 278 1802 si
298 1758 418 1804 nornen
440 1737 626 1822 philosophi
649 1737 790 1804 dilucide
812 1737 908 1804 Vitae
930 1737 1119 1822 inscriptum
1142 1745 1238 1804 essct.

217 1839 372 1906 Similiter
393 1839 462 1906 fere
485 1845 597 1905 contra
620 1839 833 1906 Schmidtium
860 1840 1039 1926 disputavit
1061 1839 1300 1926 Volkmannus,
1329 1841 1388 1908 scd
1410 1841 1495 1926 quod

125 1943 215 2008 idem
246 1943 335 2008 velut
361 1941 537 2008 maximum
567 1949 792 2024 argumentum
821 1943 939 2010 obiecit
965 1943 1158 2008 Homericae
1186 1943 1305 2008 aetatis
1332 1943 1494 2010 diversam

126 2043 341 2128 notationem,
366 2043 427 2109 hoc
449 2064 573 2109 recuso.
607 2063 683 2109 nam
707 2044 872 2110 Plutarchi
896 2046 986 2110 locus
1007 2045 1259 2130 interpolatione
1281 2045 1496 2132 cBynantina

125 2167 228 2228 quam
258 2145 324 2210 dixi
349 2147 523 2230 scriptione
553 2146 709 2211 arcessita
736 2147 888 2213 foedatus
916 2154 975 2214 cst.
1019 2167 1125 2230 neque
1150 2147 1266 2213 iterum
1293 2147 1435 2214 debebat
1462 2151 1496 2214 in

126 2247 401 2332 disceptationem
421 2245 541 2333 vocari,
564 2255 735 2332 postquam
751 2269 772 2315 a
787 2249 1031 2333 Scngebuschio
1054 2250 1155 2334 probe
1177 2249 1344 2316 restitutus
1366 2257 1426 2318 est.
1454 2253 1496 2318 de

125 2349 314 2434 Porphyrio
337 2351 435 2434 igitur
457 2350 547 2416 satis.

218 2451 319 2517 Multo
342 2451 562 2536 probabiliora
582 2459 719 2536 possunt
741 2453 824 2520 effici
848 2475 889 2520 ex
904 2453 1038 2521 Stobaei
1061 2475 1145 2538 quac
1167 2453 1235 2520 dixi
1257 2453 1418 2538 excerptis
1432 2454 1497 2520 Ho-

124 2553 268 2620 mericis,
313 2555 429 2637 quibus
456 2577 528 2621 cum
551 2555 756 2621 Plutarchi
782 2577 902 2622 nomen
930 2577 994 2622 uno
1025 2565 1112 2624 certe
1141 2557 1213 2622 loco
1240 2555 1414 2642 inscriptus
1444 2556 1495 2642 sit,

123 2663 240 2722 statuo
269 2657 373 2723 altero
399 2656 539 2723 fortasse
560 2659 690 2724 saeculo
718 2645 850 2724 ¹subdita
874 2657 1276 2746 Chaeronensisperscna
1299 2659 1496 2742 errantique

122 2759 360 2842 allegoriarum
382 2779 531 2844 corpore,
555 2760 642 2844 quod
665 2761 873 2826 multifariam
896 2769 1082 2846 excerptum
1105 2763 1187 2849 diri,
1211 2762 1411 2830 enchiridion
1433 2753 1515 2827 Ηο-’

123 2861 285 2927 mericum
306 2861 488 2927 breviatum
507 2881 588 2928 csse.
623 2863 699 2929 hinc
715 2863 848 2930 Stobaei
869 2861 1051 2948 fragmenta
1072 2864 1213 2931 deducta
1235 2870 1318 2930 sunt.
1353 2863 1496 2929 indidem

122 2965 225 3029 titulo
241 2971 370 3030 servato
387 2963 495 3028 multis
517 2971 625 3032 autem
649 2965 769 3030 additis
793 2964 919 3031 omissis
941 2965 1077 3031 variatis
1099 2986 1251 3050 ecquam
1273 2986 1334 3030 nos
1349 2971 1496 3030 tenemus

122 3065 299 3132 Plutarchi
312 3065 395 3132 Vita.
420 3065 478 3133 scd
494 3065 575 3133 hacc
596 3065 700 3132 omnic
722 3067 870 3151 quaestio
893 3068 1011 3134 affecta
1033 3069 1136 3152 magis
1158 3088 1255 3152 quam
1278 3068 1429 3133 absoluta
1443 3068 1497 3134 de-

53 3201 55 3204 ·
122 3189 197 3234 nno
215 3169 277 3234 crit
291 3169 531 3252 pertractanda.
564 3191 625 3234 nos
647 3169 799 3254 quoniam
817 3169 1042 3254 anepigrapha
1057 3170 1178 3254 placita
1194 3169 1260 3236 suis
1275 3169 1496 3236 distribuimus

122 3271 343 3355 scriptoribus
364 3271 459 3336 Actio
481 3271 559 3338 Ario
581 3271 898 3338 Pseudo-Plutarcho
917 3271 1012 3338 Vitae
1034 3271 1166 3337 Homeri
1189 3271 1337 3357 scriptori
1360 3270 1403 3335 ad
1425 3292 1510 3354 pro·

123 3371 273 3457 positum
296 3371 497 3440 revertimur.

508 3761 562 3818 m
596 3761 646 3818 llll
663 3759 766 3816 anm
783 3759 896 3818 sacru
913 3760 961 3816 ΕΤ
978 3759 1121 3816 mura

211 3969 281 4034 Arii
293 3969 425 4056 Didymi
442 3971 630 4036 memoriam
641 3971 730 4036 haud
742 3971 834 4037 inviti
849 3973 948 4055 paulo
960 3972 1145 4056 diligentius
1160 3974 1362 4062 recoluimus,
1378 3977 1497 4062 quippe

124 4071 184 4137 cui
206 4092 273 4136 non
295 4091 359 4137 uno
388 4073 519 4140 nomine
545 4073 727 4158 comparari
749 4075 853 4158 possit
874 4075 1068 4141 Placitorum
1092 4075 1246 4140 collector
1267 4075 1389 4144 Actius.
1422 4101 1498 4147 narn

124 4177 156 4240 is
188 4194 319 4257 quoquc
343 4194 365 4240 a
393 4182 553 4242 sectarum
582 4196 718 4242 censura
743 4175 812 4241 fere
839 4177 995 4244 abstinuit
1024 4197 1063 4244 ac
1093 4176 1274 4244 Stoicorum
1301 4201 1367 4246 non
1394 4182 1499 4248 minuc

127 4295 233 4360 quam
267 4277 499 4360 Epicureorum
530 4277 766 4361 disputationes
796 4283 960 4361 tamquam
992 4300 1032 4345 cx
1069 4279 1172 4363 ipsius
1202 4283 1364 4347 sententia
1396 4284 1501 4350 dictas

128 4377 248 4443 edidit.
293 4377 382 4443 haud
408 4379 549 4446 absimili
574 4380 701 4446 ratione
722 4378 819 4444 Arius
840 4401 905 4446 nun
929 4383 1032 4446 solum
1056 4381 1183 4446 Stoicos
1205 4383 1406 4466 Peripaticos
1429 4387 1501 4451 Pla·

125 4479 324 4562 tonicosque
355 4478 413 4546 scd
443 4481 582 4549 fortasse
604 4483 702 4548 ctiam
722 4481 900 4566 Epicureos
921 4483 1010 4548 nullo
1034 4503 1092 4547 suo
1115 4483 1234 4549 iudicio
1257 4485 1369 4551 addito
1393 4507 1502 4553 excer-

209 4669 216 4700 ¹
236 4671 368 4721 Plutarch.
386 4671 403 4720 l.
417 4689 439 4722 ο.
465 4669 490 4723 τί
514 4668 600 4741 δήποτ)
627 4669 670 4723 οὖν
693 4669 758 4723 tortu
781 4667 795 4722 b
882 4671 902 4722 l.
921 4673 986 4738 Lyd.
1006 4674 1022 4722 l.
1041 4690 1063 4723 ο.
1090 4668 1156 4730 θεῖος
1174 4670 1188 4723 d
1205 4675 1251 4742 τῆς
1269 4671 1380 4732 ἐννεάδος
1397 4671 1502 4744 ἀριθμὸς

127 4761 189 4809 τῶν
207 4754 277 4808 ewra
301 4753 405 4826 ἀριθμὸς
422 4757 588 4822 τελειότατος
606 4755 643 4811 ὅτι
662 4758 727 4810 ἐστὶν
746 4755 794 4810 ἀπὸ
847 4757 876 4810 dat
900 4757 1042 4821 [intercidit
1059 4759 1147 4828 τριῶν]
1171 4757 1279 4828 τριάδων
1302 4757 1502 4830 ἐνπληροῦρενος

125 4845 182 4895 τοῦ
206 4840 309 4913 πρῶτον
332 4849 448 4914 περισσοῦ
469 4847 623 4915 τετράγωνος
647 4846 690 4898 καὶ
713 4859 794 4914 περισ-
846 4843 889 4896 καὶ
912 4843 957 4902 τὰς
981 4843 1122 4915 ἀκρότητας
1149 4849 1195 4916 τῆς
1218 4843 1346 4916 θεολογίας
1368 4848 1434 4899 κατὰ
1456 4846 1503 4917 τὴν

127 4931 207 4986 σάκος
217 4927 338 4998 περισσός,
351 4931 384 4988 cle
396 4937 461 5001 τρεῖς
470 4929 637 5001 ὁιαιροΰμενος
647 4931 748 5002 τριάδας
758 4929 795 4982 ὧν
847 4927 1033 4999 Χολδαινὴν
1056 4931 1243 5002 φιλοσοφίαν
1266 4933 1301 4992 ὡς
1324 4947 1384 5004 φησι
1403 4929 1501 5004 [lopec-

128 5017 232 5086 ἑκάστη
250 5017 323 5069 πάλιν
342 5021 376 5078 εἰς
393 5025 458 5089 τρεῖς
476 5019 584 5088 μονάδας
602 5019 736 5088 διαιρεῖται.
846 5035 897 5086 pro:
915 5019 1064 5088 ἀποσῴζων.

1248 5104 1300 5168 7*
