3648 5736
406 412 601 464 HIPPOLYTI
624 411 987 464 PHILOSOPHUMENON
1005 407 1064 461 233
1081 407 1115 460 ‘24
1128 417 1186 456 1—-3
1382 470 1386 476 ρ
1413 408 1476 472 573

161 582 222 645 ἐᾶν.
268 583 295 645 οἱ
327 582 360 644 δέ
381 579 415 644 τό
438 579 498 664 (ού)
522 583 630 662 μᾶλλον
661 578 841 665 προσέθεσαν
874 577 1005 660 λέγοντες
1032 577 1067 642 ού
1095 580 1203 661 μᾶλλον
1234 578 1266 640 τό
1289 582 1346 661 πῦρ
1368 581 1425 660 πῦρ

159 683 231 748 εῖναι
248 684 267 767 ἤ
283 683 355 748 ἀλλο
375 706 411 746 τι.
450 671 488 746 ού
508 683 603 765 μέντοι
626 684 811 767 ἀπεφήναντο
833 680 904 744 αύτό
920 678 980 764 <τό>
994 678 1022 741 τί
1043 679 1129 755 ἐστιν,
1151 679 1227 744 ἀλλὰ
1248 683 1282 744 τό
1304 682 1424 746 τοιόνδε.

246 788 288 852 24
326 782 409 848 Ἔστι
445 787 477 848 δέ
509 787 556 850 καὶ
591 785 670 868 παρὰ
703 783 822 852 Ἰνδοῖς
857 783 966 866 αίρεσις
1003 781 1260 864 φιλοσοφουμένων
1297 785 1327 848 ἐν
1365 788 1424 852 τοῖς

161 886 406 973 Βραχμάναις,
429 888 456 950 οἳ
473 889 534 972 βίον
551 889 602 970 μὲν
618 887 748 971 αὐτάρκη
764 885 984 970 προβάλλονται,
1007 885 1149 968 ἐμψύχων
1172 886 1205 948 δὲ
1227 886 1275 950 καὶ
1298 891 1356 949 τῶν
1378 885 1426 948 διὰ

130 990 251 1074 επυρός
282 991 443 1075 βρωμάτων
476 992 591 1054 πάντων
624 987 799 1072 ἀπέχονται,
835 987 1004 1072 ἀκροδρύοις
1036 986 1209 1070 ἀρκούμενοι
1247 989 1322 1070 μηδὲ
1352 987 1427 1051 αἰπὰ

164 1097 256 1155 ταῦτα
278 1097 445 1177 τρυγῶντες,
467 1093 542 1156 ἀλλὰ
563 1093 600 1156 τὰ
621 1091 761 1154 πίπτοντα
783 1091 824 1160 εἰς
846 1092 898 1174 τὴν
921 1095 974 1173 γῆν
997 1089 1187 1174 βαστάζοντες
1210 1093 1317 1164 ζῶσιν,
1348 1090 1426 1172 ύδωρ

161 1199 294 1276 ποταμοῦ
309 1194 332 1276 †
347 1193 499 1281 Ταγαβενιλ
520 1195 657 1264 πίνοντες.
800 1194 941 1278 διαβιοῦσι
963 1193 996 1256 δὲ
1017 1191 1129 1274 γυμνοί,
1151 1193 1184 1254 τὸ
1209 1197 1296 1274 σῶμα
1315 1189 1424 1273 ἔνδυμα
1443 1199 1459 1250 ‘2

158 1303 196 1379 τῇ
220 1302 302 1382 ψυχῇ
333 1297 390 1360 ὑπὸ
412 1302 464 1360 τοῦ
487 1297 558 1360 θεοῦ
581 1297 725 1380 γεγονέναι
748 1298 886 1380 λέγοντες.
932 1294 1011 1360 οῦτοι
1033 1296 1082 1358 τὸν
1105 1295 1174 1358 θεὸν
1197 1300 1261 1381 φῶς
1284 1293 1356 1358 εἶναι
1378 1295 1423 1358 λέ-

159 1421 255 1483 γουσιν
277 1399 335 1484 οὐχ
358 1401 458 1464 ύποῖύν
482 1424 523 1469 τις
552 1402 607 1484 δρᾷ
635 1399 698 1464 οὐδ’
726 1401 786 1464 οἷον
814 1401 896 1484 ἥλιος
924 1398 1067 1480 καὶπῦρ,
1096 1395 1163 1460 ἀλλ’
1191 1395 1267 1462 ἔστιν
1290 1399 1388 1468 αὐτοῖς
1411 1400 1427 1461 ὀ

127 1522 149 1560 ιο
168 1501 237 1572 θεὸς
258 1500 353 1584 λύγος,
376 1503 433 1587 οόχ
456 1506 471 1566 ύ
494 1501 644 1587 ἔναρθρος,
666 1502 742 1566 ἀλλὰ
764 1503 780 1566 ὁ
802 1506 855 1585 τῆς
878 1503 1028 1584 γνώσεως,
1057 1498 1093 1564 δι’
1122 1499 1156 1563 ού
1179 1500 1216 1562 τὰ
1238 1500 1349 1583 κρυπτὰ
1375 1504 1427 1583 τῆς

162 1605 277 1690 φύσεως
309 1608 454 1690 μυστήρια
483 1609 584 1690 δρᾶται
613 1610 724 1690 σοφοῖς.
768 1609 853 1668 τοῦτο
883 1605 916 1667 δὲ
945 1605 978 1665 τό
1009 1607 1089 1686 φῶς,
1120 1602 1138 1666 ὀ
1164 1623 1234 1686 φασι
1257 1603 1341 1684 λύγον
1365 1603 1427 1684 [τόν

161 1707 255 1789 θεύν],
277 1707 383 1776 αὑτοὺς
406 1709 511 1790 μόνους
533 1707 639 1772 εἰδέναι
662 1704 876 1792 Βραχμᾶνες
898 1706 1011 1788 λέγουσι
1035 1705 1131 1768 διὰτὸ
1148 1706 1305 1790 ἀπορρῖψαι
1321 1705 1426 1788 μύνους

159 1811 211 1894 τὴν
234 1807 412 1886 κενοδοξίαν,
440 1811 472 1880 ύς
494 1811 555 1874 ἐστι
582 1814 673 1895 χιτὼν
699 1815 751 1892 τῖγς
778 1814 876 1894 ψυχῆς
903 1807 1037 1894 ἔσχατος.
1189 1807 1267 1870 οὗτοι
1296 1809 1459 1872 θανάτου3

158 1917 401 1998 καταφρονοῦσιν·
426 1915 470 1978 ἀεὶ
494 1915 526 1976 δὲ
550 1913 608 1997 ἰδίᾳ
624 1917 709 1998 φωνῇ
726 1912 794 1975 θεὸν
810 1911 970 1990 δοξάζουσι,
993 1913 1095 1982 καθὼς
1110 1913 1297 1996 προείπομεν,
1320 1911 1425 1993 ῦμνους

125 2035 147 2073 ιο
166 2038 198 2078 τε
219 2009 448 2098 ἀναπέμπουσιν.
492 2015 559 2080 ούτε
581 2017 614 2079 δὲ
635 2021 766 2097 γυναῖκες
787 2013 854 2098 παρ’
883 2017 981 2086 αὐτοῖς
1004 2013 1070 2079 ούτε
1085 2015 1171 2079 τέκνα
1186 2015 1267 2078 εἰσίν.
1397 2016 1458 2076 cic

160 2119 192 2182 δὲ
215 2121 266 2182 τοῦ
289 2118 392 2200 ὁμοίου
414 2119 511 2188 αὐτοῖς
534 2121 597 2204 βίου
619 2118 791 2203 ὀρεχθέντες
813 2118 847 2182 ἐκ
868 2123 921 2202 τῆς
938 2120 1092 2203 ἀντιπέραν
1108 2121 1209 2203 χώρας
1224 2121 1276 2180 τοῦ
1291 2121 1424 2199 ποταμοῦ

159 2222 382 2306 διαπεράσαντες
410 2223 505 2286 ἐκεῖσε
533 2221 767 2304 ἐναπομένουσιν,
796 2221 1023 2306 ἀναστρέφοντες
1055 2222 1170 2306 μηκέτι·
1205 2221 1252 2284 καὶ
1281 2219 1362 2282 αὐτοὶ
1391 2220 1425 2284 δὲ

160 2322 381 2410 Βραχμᾶνες
403 2328 567 2388 καλοῦνται.
613 2324 674 2408 βίον
698 2325 730 2388 δὲ
752 2324 809 2409 οόχ
831 2324 940 2406 ὁμοίως
963 2326 1121 2407 διάγουσιν·
1152 2324 1207 2387 εἰσί
1229 2323 1284 2406 γὰρ
1307 2324 1355 2386 καὶ
1378 2345 1423 2404 γυ-

160 2433 255 2497 ναῖκες
277 2429 307 2490 ἐν
329 2427 370 2508 τῇ
391 2430 488 2512 χώρη,
511 2426 540 2496 ἐξ
564 2427 660 2511 ώνπερ
683 2427 710 2489 οἱ
732 2427 795 2489 ἐκεῖ
816 2431 1014 2498 κατοικοῦντες
1036 2433 1190 2511 γεννῶνται
1216 2427 1263 2488 καὶ
1279 2431 1425 2507 γεννῶσιν.

116 2550 141 2588 κο
201 2533 301 2592 τοῦτον
324 2529 357 2592 δὲ
379 2529 428 2591 τόν
450 2530 546 2612 λύγον,
569 2530 601 2592 δν
624 2529 693 2591 θεὸν
716 2530 904 2611 ὀνομάζουσι,
933 2533 1098 2613 σωματικὸν
1120 2529 1193 2593 εἶναι
1227 2527 1460 2612 περικείμενύνύ

160 2655 192 2696 τε
214 2635 301 2714 σῶμα
324 2629 434 2700 ἔξωθεν
457 2632 573 2706 ἑαυτοῦ,
595 2630 728 2714 καθάπερ
751 2629 842 2700 εἴτις
863 2631 896 2694 τό
920 2633 953 2695 ἐκ
968 2638 1027 2696 τῶν
1041 2635 1193 2719 προβάτων
1210 2631 1319 2714 ἔνδυμα
1332 2635 1425 2714 φορεῖ,

160 2735 395 2816 ἀπεκδυσάμενον
419 2734 451 2796 δὲ
472 2734 506 2796 τδ
535 2739 639 2816 σῶμα,
665 2734 680 2796 δ
704 2733 876 2816 περίκειται,
904 2734 1142 2821 ὀφθαλμοφανῶς
1164 2735 1329 2821 φαίνεσθαι.
1362 2734 1424 2796 πύ-

162 2841 249 2919 λεμον
272 2837 305 2900 δέ
327 2834 398 2900 εἰναι
422 2836 452 2900 ἐν
474 2841 518 2922 τῷ
541 2835 731 2920 περικειμένῳ
752 2837 849 2900 αότῶν
872 2839 985 2919 σώματι
1009 2839 1035 2900 οἰ
1068 2837 1290 2924 Βραχμᾶνες
1312 2836 1426 2918 λέγουσι

163 2940 224 3022 [καὶ
247 2941 355 3022 πλῆρες
377 2938 449 3002 εἰναι
473 2938 609 3021 πολέμων
632 2939 730 3008 αότοῖς
751 2939 784 3001 τδ
808 2945 895 3022 σῶμα
917 2941 1111 3023 νενομίκασι],
1140 2941 1212 3024 πρδς
1240 2941 1255 3004 ὃ
1284 2943 1325 3008 ῶς
1354 2941 1426 3022 πρδς

121 3062 145 3100 νο
162 3041 317 3124 πολεμίους
337 3040 583 3125 παρατεταγμένοι
606 3042 759 3126 μάχονται,
782 3043 883 3112 καθὼς
905 3044 1176 3126 προδεδηλώκαμεν.
1317 3043 1424 3110 πάντας
1444 3053 1459 3104 6

159 3145 192 3206 δέ
215 3144 389 3227 ἀνθρώπους
410 3143 539 3224 λέγουσιν
567 3143 774 3228 αἰχμαλώτους
801 3144 874 3209 εἶναι
901 3150 959 3208 τῶν
989 3145 1068 3208 ἰδίων
1099 3149 1241 3228 συγγενῶν
1270 3145 1427 3226 πολεμίων,

158 3249 279 3330 γαστρὸς
317 3247 364 3309 καὶ
398 3245 517 3309 αἰδοίων
558 3249 664 3328 λαιμοῦ
705 3247 792 3330 ὀργῆς
832 3251 926 3331 χαρᾶς
962 3249 1055 3331 λύπης
1095 3248 1250 3331 ἐπιθυμίας
1284 3247 1332 3310 καὶ
1366 3252 1425 3310 τῶν

164 3350 289 3432 ὁμοίων·
330 3349 416 3432 μόνος
439 3349 472 3412 δὲ
493 3350 565 3432 πρὸς
586 3348 636 3411 τὸν
659 3349 727 3412 θεδν
751 3355 844 3434 χωρεῖ
866 3352 882 3414 ὁ
906 3351 979 3414 κατὰ
1001 3351 1110 3414 τούτων
1140 3350 1250 3434 ἐγείρας
1278 3350 1425 3433 τρόπαιον.

115 3541 126 3591 l
147 3537 177 3590 οὔ
195 3541 255 3591 add·
268 3541 371 3605 Roeper
384 3535 398 3606 ΙΙ
416 3537 528 3607 λέγοντες
540 3537 569 3588 τὸ
582 3535 677 3604 μᾶλλον
695 3541 766 3590 libri:
820 3540 910 3600 ζῶντες
929 3541 966 3592 ἀεὶ
985 3539 1027 3592 τόν
1050 3537 1108 3592 θεὸν
1127 3537 1254 3599 δοξάζουσι
1274 3543 1371 3602 (cctcrc
1389 3542 1424 3590 ibi
1443 3557 1475 3590 cx

114 3645 180 3678 corr.
199 3629 302 3692 Rocper
316 3623 328 3694 Η
344 3629 393 3694 πῦρ
411 3628 494 3696 πῦρΒ
511 3626 541 3688 (εἰ
556 3633 624 3676 recte
637 3628 767 3676 conlatum
819 3629 901 3680 Suida
920 3631 1046 3694 descripta
1064 3630 1132 3690 ειιπι)
1153 3629 1183 3679 cf.
1199 3631 1258 3678 Arr.
1277 3629 1352 3678 anab.
1373 3629 1425 3678 v11
1446 3627 1475 3678 3:

109 3717 170 3777 cst):
191 3717 299 3766 aiterum
317 3715 365 3782 πῦρ
385 3715 470 3765 cmc
490 3714 560 3777 quod
579 3715 638 3764 add.
657 3715 767 3780 Rocpcr‚
819 3713 904 3784 ᾅδουσι
922 3714 948 3767 δί
973 3714 1021 3785 ἰδία
1040 3713 1095 3767 κτλ.
1115 3718 1306 3780 Gottingcnscs.
1326 3714 1363 3766 ἀεὶ
1381 3713 1408 3766 δί
1427 3713 1476 3783 ἰδία

110 3805 193 3868 potnit
215 3805 292 3853 etiam
318 3819 342 3852 τι
365 3803 414 3870 πῦρ
433 3800 493 3853 εἰναι
519 3797 533 3867 ΙΙ
565 3797 581 3851 2
604 3799 633 3852 τό
660 3805 713 3852 anti
744 3801 768 3852 τί
819 3808 876 3871 φῶς
888 3801 930 3854 τόν
942 3797 1000 3854 θεὸν
1012 3801 1159 3870 ὀνομάζουσι
1171 3805 1275 3869 Rocpcr
1294 3801 1309 3872 ΙΙ
1329 3803 1477 3872 προείπομεν

110 3891 170 3940 cdd.
189 3891 293 3956 Rocpcr
312 3893 344 3942 ci.
363 3891 434 3942 Sext.
453 3891 484 3940 P.
505 3891 537 3939 H.
556 3889 569 3939 1
591 3889 621 3941 19
632 3905 688 3952 sqq.
707 3890 767 3940 εόν.
819 3893 926 3941 fortasse
939 3888 980 3953 §2
993 3894 1127 3956 respicitur
1142 3889 1156 3958 ΙΙ
1171 3889 1204 3944 15
1216 3891 1293 3942 τέκνα
1306 3890 1364 3942 εἰσίν
1374 3894 1475 3957 scripsi:

114 3977 193 4028 math.
206 3979 259 4028 VII
279 3978 328 4030 197
350 3976 362 4042 ΙΙ
384 3976 400 4029 3
420 3974 620 4046 φιλοσοφουμίνη
639 3979 675 4028 B:
699 3976 767 4047 φιλο·
823 3979 950 4029 τεκνοῦσιν
975 3978 1033 4028 libri
1058 3975 1071 4042 ΙΙ
1104 3979 1134 4031 17
1159 3976 1347 4048 διαπεράσαντες
1365 3980 1401 4030 Βι
1424 3975 1475 4028 δια-

115 4063 276 4132 σοφουμένων
304 4066 325 4116 C
354 4068 385 4115 ci.
413 4066 473 4115 libri
499 4067 586 4116 titulus
614 4059 768 4132 Φιλοσοφού·
819 4063 1003 4134 περήσαντεςθ
1024 4061 1038 4132 ΙΙ
1058 4081 1144 4117 nonne
1157 4065 1210 4117 ἐκεῖ
1222 4065 1446 4132 σεναπομίνουσινθ
1462 4067 1474 4133 [γ

111 4167 172 4218 μενα
193 4149 209 4219 ΙΙ
235 4150 455 4221 φιλοσοφουμένων
472 4169 509 4208 τις
528 4146 676 4222 Βραχμᾶνες
700 4156 767 4206 coni.
822 4152 854 4205 18
878 4151 931 4219 βίον
954 4155 1046 4218 vulgo:
1073 4151 1120 4221 βίιμ
1143 4155 1188 4204 BL
1208 4149 1223 4220 ΙΙ
1243 4151 1277 4204 ⁶20
1295 4155 1398 4220 Roepcr
1420 4164 1475 4205 tcu-

110 4239 212 4290 'Uccner
231 4235 282 4306 {14
306 4239 497 4311 βραχμίναιςΒ
522 4235 535 4306 ΙΙ
560 4239 620 4293 siv
642 4257 673 4310 τη
693 4246 724 4310 γῇ
744 4243 767 4291 Τ
820 4242 901 4291 tabat:
921 4239 1056 4306 ἀσώματον
1069 4237 1380 4310 εἰναι-φορεῖ(ὀρᾶσθαι>,
1399 4239 1476 4292 ὀπεκ·

110 4341 187 4388 qucm
226 4329 382 4393 elegantiam
416 4329 449 4379 ab
479 4329 621 4394 Hippolyto
657 4330 768 4379 alienam
820 4325 954 4396 δυσάμενον
972 4326 998 4379 δὲ
1016 4327 1045 4379 τδ
1064 4333 1151 4396 σῶμα,
1169 4325 1183 4380 ὀ
1201 4327 1348 4398 περίκειται,
1371 4328 1477 4392 (ούκίτι)

112 4415 190 4464 credo
217 4412 233 4482 ἰΙ
256 4415 271 4467 7
292 4409 389 4483 Γάγγου
412 4413 562 4472 ἐπιπίνοντες
586 4417 689 4482 Rocpcr
714 4413 727 4484 ΙΙ
751 4416 769 4468 8
820 4411 1023 4483 ὀφθαλμοφανῶς
1049 4411 1186 4483 φαίνεσθαι.
1215 4419 1261 4468 scd
1279 4419 1342 4468 deus
1361 4423 1416 4484 φῶς
1439 4427 1477 4468 εει

110 4495 179 4550 ούτοι
211 4503 327 4569 Rocper:
355 4501 426 4554 αύτοί
454 4504 512 4554 libri
540 4499 554 4569 Η
582 4502 598 4554 9
626 4500 671 4571 δρᾷ
698 4501 712 4554 ὀ
739 4500 765 4553 δ’
820 4503 855 4564 (ν.
870 4503 911 4566 8),
935 4506 979 4568 qui
998 4519 1055 4554 cum
1074 4519 1178 4570 corpur,
1203 4521 1254 4569 quo
1273 4507 1337 4556 lucis
1355 4507 1477 4570 splendor

112 4583 195 4637 ὀπαῖον
214 4585 284 4655 ἥλιος
301 4587 318 4657 ἢ
338 4593 386 4658 πῦρ
404 4593 427 4640 Τ
447 4587 461 4656 li
485 4591 512 4642 11
534 4587 632 4658 φύσεως
650 4593 685 4640 T:
704 4588 768 4657 γνώ-
820 4593 986 4652 obscuratur,
1012 4594 1084 4642 exuit
1108 4594 1189 4643 oculis
1208 4595 1305 4658 percipi
1324 4602 1416 4658 potest.
1445 4594 1475 4642 ci.

110 4687 173 4731 σεως
197 4676 218 4724 C
242 4673 255 4742 ΙΙ
285 4675 420 4746 μυστήριον
443 4679 466 4728 Τ
495 4673 509 4744 ΙΙ
539 4676 582 4728 τὸν
605 4671 661 4728 θεὸν
687 4688 714 4727 ιιι
735 4693 768 4728 εκ
821 4679 914 4743 thgc
931 4680 1032 4730 Vcdcm
1052 4681 1121 4744 apud
1140 4681 1325 4731 Vilioissoncm
1344 4681 1377 4730 dc
1395 4679 1476 4730 Stoic.

113 4779 135 4812 ν.
151 4761 184 4813 10
202 4765 310 4814 inlatum
335 4765 419 4816 dclcvi
439 4761 453 4832 ΙΙ
476 4763 509 4816 12
529 4762 674 4833 βραχμιίνας
692 4765 713 4814 Β
733 4764 770 4826 (et
820 4767 899 4816 theol.
918 4783 944 4831 p.
958 4765 1008 4820 461
1025 4761 1039 4836 ΙΙ
1054 4765 1086 4818 21
1107 4765 1136 4818 τὸ
1150 4772 1224 4832 σῶμα
1237 4784 1290 4818 non
1304 4769 1476 4817 necessarium

111 4849 179 4899 Oui
204 4851 327 4913 viderunt
348 4868 413 4903 corr.
435 4852 539 4918 Rocpcr
563 4849 576 4918 Ιί
603 4850 635 4902 13
658 4847 673 4902 ὀ
696 4852 767 4902 libri:
820 4850 948 4920 νίύειοτίΙ
963 4851 997 4906 22
1016 4851 1124 4922 πόλεμον
1142 4858 1173 4906 cf.
1193 4853 1303 4921 p.574,2
1322 4849 1335 4920 ΙΙ
1354 4851 1475 4905 θέκελ-

112 4952 176 4986 corr.
200 4937 313 5004 Roepcr.
339 4935 355 5006 ἥ
382 4941 491 4991 Wolfluc
521 4935 534 5005 ίΙ
567 4939 599 4991 14
621 4935 769 5006 ὀνομάζουσι
820 4939 968 5008 νεμομένοισι
988 4943 1090 4994 induxit
1100 4943 1211 5008 Rocpcr‚
1231 4945 1275 5006 qui
1292 4937 1419 5007 πολεμίων
1436 4957 1475 4993 τε·

116 5026 185 5076 iibri:
205 5029 306 5077 cci-rexi
326 5042 339 5076 ε
357 5027 433 5077 Οτάτ.
452 5045 477 5092 p.
490 5025 577 5088 ‘2642
598 5033 697 5096 γυμνῶς
717 5025 769 5078 δια·
821 5031 922 5094 scripsit
941 5025 955 5098 ΙΙ
976 5027 1010 5081 28
1027 5030 1102 5099 μόνος
1120 5047 1147 5098 γε
1166 5031 1188 5081 Β
