3768 5736
666 413 768 462 auru
786 412 889 462 Puro.
904 412 944 460 111
966 409 996 462 ιτ
1010 417 1069 457 ι-ιι
1493 405 1555 470 383

510 477 871 512 m‘

308 565 311 576 ,
339 518 547 566 Ριυίνιιιοιιι
565 519 656 567 auru
672 519 714 566 111
736 517 765 566 ιι
874 477 1302 564 Ἥκω
1322 509 1356 561 38
1369 509 1428 573 [33]

897 649 931 713 ἀν
958 651 1036 736 τύχη
1064 652 1251 736 παραποστάς
1279 647 1510 713 δποσυνέλκοντι.

892 755 1038 817 τοῦτοδὲ
1068 753 1232 839 συμβαίνειν
1264 752 1329 836 περί
1354 749 1405 818 τὰς
1433 748 1511 834 ἑῴας

891 856 1012 926 καὶτὰς
1036 856 1234 942 μεσημβρινός
1257 852 1409 921 ἐκκλίσεις.

273 959 413 1028 Πυθέας
436 963 451 1023 ό
476 958 692 1043 Μασσαλιώτης
713 959 752 1041 τῇ
773 961 843 1042 πλη·
863 963 879 1016 3
943 957 1081 1030 Πυθέας
1103 961 1119 1022 δ
1143 955 1359 1038 Μασσαλιώτης
1380 960 1417 1037 τῇ
1440 957 1512 1037 πλη-

231 1065 317 1147 ρώσει
350 1067 402 1146 τῆς
430 1063 552 1147 σελήνης
585 1063 637 1132 τὰς
669 1062 844 1146 πλημμύρας
896 1063 984 1144 ρώσει
1013 1065 1066 1144 τῆς
1093 1061 1216 1144 σελήνης
1245 1059 1293 1122 καὶ
1323 1062 1361 1140 τῇ
1392 1060 1509 1140 μειώσει
1535 1077 1546 1113 ⁵

231 1164 374 1246 γίνεσθαι,
403 1165 442 1248 τῇ
469 1165 502 1228 δὲ
530 1167 648 1246 μειώσει
670 1165 721 1234 τὰς
743 1165 844 1246 ἀμπώ-
895 1163 946 1233 τὰς
979 1161 1117 1247 ἑκατέρου
1148 1162 1257 1226 τούτων
1292 1159 1384 1229 αἰτίας
1418 1159 1510 1222 ἀνατί-

232 1267 321 1334 τιδας.
897 1266 994 1349 θησιν.

863 1369 880 1421 4
942 1367 1179 1436 Ποσειδώνιος
1213 1366 1268 1429 ὑπδ
1298 1365 1349 1446 μὲν
1383 1368 1435 1448 τῆς
1468 1385 1511 1427 σε-

896 1472 987 1555 λήνης
1015 1469 1157 1534 κινεῖσθαι
1185 1467 1253 1538 τούς
1283 1465 1421 1549 ἀνέμους,
1455 1468 1511 1530 ύπδ

897 1572 930 1635 δὲ
962 1573 1072 1636 τούτων
1106 1572 1142 1634 τὰ
1174 1571 1302 1652 πελάγη,
1335 1569 1365 1632 ἐν
1399 1569 1442 1638 οίς
1474 1569 1510 1632 τὰ
1523 1589 1547 1628 ιο

896 1673 1091 1760 προειρημένα
1112 1673 1258 1758 γίγνεσθαι
1281 1671 1374 1754 πάθη.

210 1801 222 1836 o
276 1778 420 1843 Πλάτων
446 1779 493 1841 ἐπὶ
521 1779 574 1861 τήν
596 1777 706 1862 αἰώραν
728 1779 881 1864 φέρεται5
942 1775 1086 1840 Πλάτων
1114 1777 1162 1840 ἐπὶ
1188 1777 1240 1859 τὴν
1263 1775 1372 1859 αἰώραν
1395 1775 1511 1860 φέρεται

236 1885 294 1944 τῶν
318 1882 444 1944 ὑδάτων·
478 1879 550 1944 εἰναι
577 1883 631 1965 γάρ
653 1904 715 1944 τινα
737 1881 846 1968 αἰώραν
898 1881 957 1941 τῶν
979 1880 1103 1943 ὑδάτων.
1136 1877 1208 1942 εἴναι
1230 1878 1284 1962 γάρ
1305 1901 1369 1942 τινα
1388 1879 1511 1962 φυσικήν

233 1984 281 2046 διά
302 2005 376 2052 τινος
398 1980 540 2069 [στομίου]
562 1986 707 2068 τρήματος
733 1983 847 2068 περιφέ-
897 1981 1007 2065 αἰώραν
1037 1983 1084 2046 διά
1116 2004 1191 2050 τινος
1224 1979 1334 2064 ἐγγείου
1367 1983 1512 2064 τρήματος

235 2105 339 2168 ρουσαν
373 2085 557 2169 παλίρροιαν,
591 2084 639 2170 ὑφ’
675 2085 711 2170 ἧς
737 2087 846 2149 ἀντικυ-
897 2083 1106 2168 περιφέρουσαν
1129 2084 1181 2167 τὴν
1203 2082 1382 2168 παλίρροιαν,
1405 2080 1454 2168 ὑφ’
1475 2081 1511 2166 ής
1524 2101 1547 2140 ιι

237 2187 390 2268 μαίνεσθαι
411 2187 448 2250 τά
470 2189 593 2269 πελάγη.
898 2185 1151 2268 ἀντικυμαίνεσθαι
1173 2185 1210 2247 τὰ
1231 2185 1354 2267 πελάγη.

200 2307 224 2344 ιο
278 2285 424 2370 Τίμαιος
450 2289 517 2359 τοὺς
545 2289 741 2375 ἐμβάλλοντας
763 2314 848 2355 ποτα·
867 2299 883 2351 6
941 2283 1092 2369 Τίμαιος
1115 2285 1360 2371 όΤαυρομενίτης
1381 2287 1449 2355 τοὺς
1464 2285 1511 2367 ἑμ-

236 2390 307 2473 μοδς
343 2389 384 2460 εἰς
416 2392 468 2474 τὴν
498 2389 682 2476 Ἀτλαντικὴν
715 2393 763 2456 διὰ
795 2397 847 2477 τῆς
899 2389 1056 2473 βάλλοντας
1080 2389 1229 2471 ποταμούς
1257 2388 1298 2458 εἰς
1323 2389 1376 2472 τὴν
1399 2385 1512 2452 Ἀτλαν·

236 2489 379 2576 Κελτικῆς
395 2492 508 2577 ὀρεινῆς
522 2493 658 2571 αἰτιᾶται,
680 2493 847 2577 προωθούν-
898 2493 981 2575 τικήν
1004 2491 1052 2555 διά
1070 2496 1123 2576 τῆς
1139 2481 1282 2574 Κελτικῆς
1297 2490 1409 2574 ὀρεινῆς
1424 2489 1512 2552 αίτιᾶ-

235 2618 286 2664 τας
309 2595 361 2676 μὲν
380 2598 442 2664 ταῖς
457 2594 573 2680 ἐφόδοις
595 2593 656 2682 [καί
672 2597 847 2681 πλήμμυραν
898 2617 945 2656 ται
971 2594 1178 2678 προωθοῦντας
1206 2593 1258 2675 μὲν
1290 2597 1353 2662 ταῖς
1385 2591 1547 2676 ἐφόδοις,νο

234 2694 413 2782 ποιοῦνταςή,
440 2697 615 2782 ὑφέλκοντας
642 2699 675 2762 δὲ
696 2701 759 2768 ταῖς
782 2701 847 2763 ἀνα·
900 2696 1076 2780 ὑφέλκοντας
1098 2697 1131 2759 δὲ
1152 2701 1215 2765 ταῖς
1237 2695 1426 2762 ἀναπαύλαις.

201 2798 359 2868 ιοπαύλαις
387 2796 447 2884 [καί
476 2800 647 2882 ἀμπώτιδας
673 2801 848 2864 κατασκευά-
935 2834 942 2851 ·

235 2899 358 2987 ζονταςῙ.

864 3027 880 3080 γ
942 3001 1083 3088 Κράτης
1110 3005 1346 3089 όγραμματικδς
1367 3005 1416 3066 τδν
1439 3002 1511 3065 ἀντι-

898 3107 1032 3188 σπασμδν
1053 3111 1105 3190 τής
1128 3105 1279 3190 θαλάσσης
1300 3104 1437 3168 αἰτιᾶται.

864 3226 882 3279 8
938 3203 1200 3290 Ἀπολλόδωρος
1224 3210 1240 3271 ό
1260 3205 1439 3292 Κερκυραῖος
1460 3203 1511 3274 τὰς

780 3371 784 3379 ,
896 3309 930 3373 ἐκ
952 3313 1003 3373 τοῦ
1027 3312 1157 3373 ὠκεανοῦ
1179 3309 1358 3394 παλιρροίας.
1523 3325 1547 3363 2⁵

276 3410 446 3482 Σέλευκος
468 3414 484 3475 δ
509 3411 726 3495 μαθηματικός,
757 3415 844 3474 κινῶν
864 3433 880 3485 9
940 3409 1114 3481 Σέλευκος
1141 3413 1157 3474 ό
1181 3410 1385 3494 μαθηματικὸς
1407 3408 1511 3490 ἀντιγε

234 3513 283 3576 καί
306 3511 389 3583 ούτος
407 3513 460 3598 τὴν
474 3518 539 3597 γῆν,
561 3514 739 3578 ἀντικόπτειν
754 3513 845 3598 αὐτῆς
896 3515 1014 3597 γραφώς
1057 3509 1232 3596 Κράτητι,
1276 3516 1362 3575 κινῶν
1407 3509 1512 3577 καύτδς

233 3615 272 3696 τῇ
302 3615 366 3699 δίνη
395 3616 466 3700 φησί
499 3616 547 3679 καί
578 3615 619 3699 πή
651 3617 760 3704 κινήσει
792 3617 845 3701 τὴν
897 3613 949 3697 τὴν
970 3619 1040 3698 γῆν,
1063 3613 1241 3677 ἀντικόπτειν
1263 3613 1354 3697 αύτής
1376 3613 1421 3697 τῷ
1442 3611 1512 3696 δίνιρ

198 3716 428 3803 νοπεριστροφὴν
460 3722 513 3801 τής
545 3720 684 3805 σελήνης·
728 3723 780 3782 τού
813 3719 846 3781 δὲ
897 3717 968 3800 φησὶ
998 3717 1051 3800 τήν
1079 3717 1273 3801 περιστροφὴν
1300 3720 1352 3800 τῆς
1380 3715 1513 3798 σελήνης.

236 3819 340 3903 ρεταίδ
364 3817 535 3904 ἀμφοτέρων
557 3824 616 3883 τῶν
639 3822 783 3902 σωμάτων
800 3822 845 3884 ἀν·
897 3821 948 3880 τοῦ
976 3818 1009 3880 δὲ
1036 3817 1142 3900 μεταξὺ
1171 3818 1344 3903 ἀμφοτέρων
1369 3821 1428 3880 τῶν
1456 3813 1547 3880 oro-³⁰

233 3921 479 4007 τιπερισπωμένου
505 3922 668 4004 πνεύματος
692 3924 741 3986 καί
768 3924 848 4006 ἐμπί·
900 3921 998 4002 μάτων
1036 3920 1319 4006 ἀντιπερισπωμένου
1351 3919 1513 4002 πνεύματος

233 4048 351 4094 πτοντος
385 4023 426 4093 εἰς
458 4025 491 4086 τδ
516 4022 697 4088 Ἀτλαντικὸν
724 4024 849 4107 πέλαγος
900 4023 947 4087 καὶ
981 4021 1171 4105 ἐμπίπτοντος
1198 4023 1238 4092 εἰς
1270 4023 1304 4085 τδ
1332 4020 1513 4086 Ἀτλαντικὸν

234 4126 308 4190 κατὰ
335 4126 420 4210 λόγον
453 4125 536 4212 αύτηῑ
565 4126 762 4210 συγκυκᾶσθαι
795 4127 848 4210 τήν
898 4125 1024 4210 πέλαγος
1049 4127 1124 4190 κατά
1152 4125 1236 4207 λόγον
1259 4125 1338 4187 οὕτω
1361 4125 1513 4208 συγκυμαί-

198 4247 223 4287 u
235 4229 397 4293 θαλασσαν.
899 4229 1003 4293 νεοθαι’
1022 4229 1074 4311 τὴν
1097 4227 1259 4291 θάλασσαν.

191 4391 389 4402 -...-.„.....
901 4391 1102 4401 o———n-n

227 4481 322 4538 5et6
346 4483 442 4554 αἰώραν
458 4489 493 4539 Βι
518 4485 600 4556 ἐώραν
617 4488 687 4550 <Ate
711 4483 724 4555 ΙΙ
749 4485 850 4555 φίρεται
899 4488 1032 4536 transitiva
1057 4501 1097 4552 ap.
1122 4486 1227 4551 Orphio.
1251 4485 1315 4549 Arg.
1334 4483 1394 4538 492.
1431 4487 1511 4538 Philo
1529 4488 1563 4536 d:

196 4572 282 4624 ABG:
302 4569 419 4640 φέρεσθαι
438 4579 515 4640 vulgo
901 4575 988 4624 mund.
1008 4570 1070 4638 opii.
1086 4573 1115 4624 ll
1140 4571 1196 4638 μθ
1212 4581 1238 4622 at
1250 4569 1283 4623 27
1303 4573 1340 4621 M.
1358 4574 1445 4636 itaquo
1462 4576 1556 4624 frustra

226 4659 241 4711 7
261 4657 363 4727 στομίου
382 4664 510 4726 glossema
527 4678 578 4727 quo
598 4663 738 4726 genuinum
756 4658 850 4729 ἰγγείου
902 4663 1022 4712 Mainake
1041 4657 1198 4728 πλημμυρείν
1216 4660 1326 4710 ποιοῦντι
1346 4655 1359 4726 θ
1378 4657 1482 4727 ίπύχης
1499 4661 1524 4711 D
1541 4655 1553 4726 ΙΙ

194 4753 325 4798 extrusum
344 4759 383 4798 eat
900 4747 916 4800 θ
935 4747 1002 4817 παρὰ
1020 4749 1059 4798 Βκ
1078 4747 1134 4815 περὶ
1162 4763 1227 4797 corr.
1252 4747 1372 4796 Moinoke
1392 4743 1404 4813 Ιί
1426 4747 1442 4796 4
1460 4741 1555 4801 καθέας

230 4833 261 4886 13
280 4836 427 4900 impeditior
450 4845 577 4888 structura
596 4837 728 4890 Plutarchi
748 4835 847 4885 addita·
898 4831 1086 4903 δμασαλιήτης
1107 4835 1145 4884 D:
1165 4849 1229 4883 οοιτ.
1255 4833 1375 4884 Gaisford
1396 4829 1411 4898 Η
1429 4829 1464 4884 33
1487 4825 1555 4882 οὖτα

191 4931 278 4972 manta
296 4921 506 4981 καί-ποιοῦντος
524 4933 550 4975 at
562 4923 605 4974 καὶ
618 4919 849 4980 κατασκευάζοντας
899 4923 924 4974 Ι)
944 4924 1015 4985 quod
1033 4921 1169 4972 emandare
1188 4921 1259 4970 nolui

193 5009 281 5073 prodit
299 5009 330 5060 oi.
349 5011 420 5062 Prol.
439 5028 464 5076 p.
477 5011 511 5064 65
