3648 5736
362 391 427 458 590
630 391 823 444 ΕΡΙΡΗΑΝΠ
842 391 997 444 Anvnns.
1016 391 1168 444 nnus.
1188 389 1294 453 {1129
1312 393 1455 456 (ms-1⁶)

175 609 197 647 p,
212 598 344 640 ΜΛΝ,
450 561 470 624 5
503 555 693 644 Ἀρχέλαος
715 559 982 644 όἈπολλοδύιρου,
1004 561 1078 626 κατὰ
1099 560 1134 624 δέ
1153 583 1231 630 τινας
1246 558 1408 638 Μίλτωνος,
1419 559 1574 650 Ἀθηναῖος
1588 563 1621 625 δὲ
1634 559 1666 644 ήν

359 660 490 748 φυσικός,
512 661 546 724 ἐκ
567 666 621 745 γῆς
641 663 678 726 τὰ
699 663 793 726 πάντα
814 662 889 746 λέγει
911 662 1093 746 γεγενῆσθαι.
1130 665 1205 747 ωθτη
1226 663 1280 747 γάρ
1302 664 1382 748 ἀρχὴ
1404 667 1463 727 τῶν
1485 664 1563 728 όλων
1586 665 1667 740 ἐστίν,

359 765 403 835 ὥς
423 784 506 850 φησι.

445 869 468 930 θ
509 855 769 950 Σωκράτηςγό
796 871 848 930 τοῦ
874 867 1019 950 δλμάγλου
1049 868 1069 952 ἢ
1098 868 1306 954 Σωφρονίσκου
1333 867 1383 932 ιιαδ
1408 867 1593 954 Φαιναρέτης
1619 875 1667 952 τῆς

360 969 448 1054 μαίας
463 971 479 1032 ό
495 968 600 1053 ήθικδς
613 968 650 1031 τὰ
672 967 741 1032 καθ’
762 969 865 1032 ἑαυτὸν
887 965 970 1052 ἔλεγε
992 969 1078 1052 μόνον
1102 973 1162 1034 δεῖν
1182 971 1420 1055 περιεργάζεσθαι
1440 972 1490 1034 τδν
1505 971 1691 1055 άνθρωπον,ι

358 1071 477 1135 πλείονα
499 1071 532 1133 δὲ
554 1073 606 1154 μή.
899 1067 901 1072 ’
950 1154 952 1160 Ι

444 1177 462 1239 7
506 1173 713 1257 Φερεκύδης
735 1173 783 1236 καί
805 1173 893 1242 αύτδς
914 1179 967 1258 γῆν
990 1197 1062 1260 φησι
1083 1177 1139 1260 πρὸ
1161 1177 1278 1240 πάντων
1298 1175 1480 1260 γεγενῆσθαι.

443 1280 464 1342 8
509 1275 726 1358 Πυθαγόρας
748 1278 765 1339 ό
787 1273 898 1356 Σάμιος
927 1275 1108 1362 Μνησάρχου
1131 1279 1192 1348 υίδς
1214 1279 1283 1342 θεὸν
1305 1277 1364 1364 έφη
1386 1277 1534 1362 εἶναιτὴν
1562 1281 1669 1360 μονάδα

359 1379 408 1442 καὶ
437 1379 508 1463 δίχα
534 1379 640 1461 ταύτης
668 1379 759 1461 μηδὲν
786 1379 967 1462 γεγενῆσθαι.
1012 1377 1093 1463 ἔλεγε
1119 1381 1153 1444 δὲ
1175 1381 1217 1464 μὴ
1240 1382 1299 1444 δεῖν
1322 1381 1402 1444 θύειν
1424 1385 1484 1450 τοῖς
1506 1381 1589 1452 θεοῖς
1609 1385 1668 1464 ζῷα

323 1481 436 1564 ομηδδ
465 1481 523 1564 μὴν
550 1481 659 1545 ἐσθίειν
688 1502 715 1542 τι
736 1483 796 1542 τῶν
819 1481 959 1566 ἐμψύχων
983 1483 1058 1564 μηδὲ
1079 1485 1209 1565 κυάμους
1232 1483 1308 1566 μηδὲ
1329 1482 1406 1547 οἶνον
1428 1483 1518 1546 πίνειν
1539 1484 1610 1554 τοδς
1627 1505 1668 1548 σο-
1684 1511 1702 1548 ιι

359 1583 442 1668 φούς.
486 1581 569 1666 ἔλεγε
590 1583 623 1646 δὲ
644 1583 681 1646 τὰ
701 1584 761 1646 ἀπὸ
783 1585 907 1667 σελήνης
928 1585 1009 1648 κάτω
1034 1585 1156 1670 παθητὰ
1181 1585 1254 1650 εἶναι
1281 1588 1389 1662 πάντα,
1414 1586 1451 1650 τά
1478 1587 1511 1649 δὲ
1538 1588 1669 1671 ὑπεράνω

359 1689 412 1767 τῆς
441 1687 565 1770 σελήνης
594 1685 698 1769 ἀπαθῆ
728 1684 811 1749 εἶναι.
854 1683 936 1768 ἔλεγε
965 1687 998 1750 δὲ
1026 1681 1089 1752 καί
1105 1688 1284 1774 μεταβαίνειν
1310 1690 1363 1772 τήν
1390 1689 1489 1774 ψυχὴν
1515 1689 1557 1758 εἰς
1580 1691 1669 1754 πολλὰ

359 1791 433 1872 ζῷα.
479 1787 615 1852 ἐκέλευσε
636 1789 670 1850 δέ
691 1787 740 1850 καὶ
761 1793 821 1857 τοῖς
844 1788 990 1870 μαθηταῖς
1012 1790 1102 1854 αὐτοῦ
1125 1794 1238 1854 σιωπᾶν
1259 1791 1307 1854 ἐπὶ
1329 1797 1470 1876 πενταετῆ
1493 1792 1601 1876 χρόνον
1624 1793 1667 1855 καὶ

358 1889 576 1954 τὸτελευταῖον
598 1891 668 1954 θεὸν
690 1889 792 1952 ἑαυτὸν
814 1890 998 1972 ἐπωνόμασε.

442 1995 464 2057 θ
506 1993 708 2078 Ξενοφάνης
737 1993 752 2056 ό
779 1995 831 2056 τοῦ
854 1989 1049 2075 Ὀρθομένους
1071 1989 1260 2080 Κολοφώνιος
1281 1995 1315 2060 ἐκ
1339 2001 1394 2080 γῆς
1415 1997 1463 2059 καὶ
1487 1997 1592 2065 ύδατος
1610 1993 1664 2078 ἔφη
1681 2023 1699 2058 ιι

357 2093 394 2157 τὰ
423 2095 517 2158 πάντα
547 2095 686 2178 γίνεσθαι.
731 2093 803 2158 εἶναι
832 2095 866 2156 δὲ
893 2094 929 2158 τὰ
958 2095 1051 2158 πάντα
1081 2099 1121 2166 ὡς
1151 2094 1209 2182 ἔφη
1239 2097 1322 2161 οὐδὲν
1352 2097 1474 2182 α’ληθές.
1517 2099 1611 2169 οὕτως
1635 2099 1666 2160 τδ

323 2215 337 2250 c
359 2196 477 2278 ἀτρεκὲς
499 2196 618 2280 ἄδηλον,
640 2197 759 2280 δόκησις
780 2197 813 2260 δδ
835 2197 883 2260 ἐπὶ
905 2199 976 2260 πᾶσι
998 2196 1129 2262 τέτυκται
1153 2200 1278 2281 μαλιστα
1298 2203 1357 2263 τῶν
1379 2201 1525 2284 ἀφανέων.

443 2301 485 2363 10
529 2299 754 2383 Παρμενίδης
776 2301 792 2362 ό
814 2303 865 2362 τοῦ
889 2297 1022 2382 Πύρητος
1043 2301 1077 2363 τδ
1096 2299 1177 2382 γένος
1187 2299 1324 2385 ’Ἐλεάτης
1338 2303 1386 2366 καὶ
1401 2302 1489 2373 αὐτὸς
1502 2305 1536 2366 τὸ
1551 2303 1666 2387 ἄπειρον

358 2397 454 2482 ἔλεγεν
478 2403 573 2486 ἀρχὴν
594 2407 653 2464 τῶν
675 2402 800 2464 πάντων.

441 2506 480 2569 11
523 2503 646 2588 Ζήνων
674 2506 690 2568 ό
715 2501 891 2586 Ἔλεάτηςδ
919 2503 1060 2588 ἐριστικός
1082 2503 1131 2570 ἴσα
1152 2511 1195 2591 τῷ
1218 2505 1310 2592 ἑτέρῳ
1332 2505 1446 2592 Ζήνωνι
1469 2509 1518 2572 καὶ
1541 2510 1596 2593 τήν
1618 2511 1667 2590 γῆν
1681 2533 1700 2570 ιο

359 2605 493 2688 ἀκίνητον
516 2607 592 2688 λέγει
615 2607 663 2671 καὶ
687 2605 798 2690 μηδένα
820 2607 907 2672 τύπον
930 2607 1013 2670 κενδν
1035 2605 1116 2672 εἶναι.
1151 2609 1199 2673 καὶ
1222 2609 1298 2692 λέγει
1319 2609 1426 2680 οὕτως·
1449 2611 1483 2673 τδ
1504 2613 1666 2695 κινούμενον

314 2791 316 2794 Ι
357 2705 422 2790 ήτοι
445 2709 476 2771 ἐν
505 2707 530 2794 ᾦ
563 2709 624 2772 ἐστι
646 2708 728 2793 τόπῳ
752 2715 868 2774 κινεῖται
896 2711 915 2794 ἢ
944 2711 974 2773 ἐν
1002 2709 1027 2796 ᾦ
1051 2711 1105 2774 οίνκ
1127 2709 1197 2774 ἔστι.
1242 2713 1290 2775 καὶ
1312 2710 1380 2775 ούτε
1400 2713 1431 2776 ἐν
1453 2711 1479 2800 ᾧ
1503 2714 1564 2777 ἐστι
1586 2714 1663 2797 τόπῳ

358 2814 476 2873 κινεῖται
499 2809 566 2874 οὔτε
587 2812 617 2874 ἐν
640 2809 666 2896 ᾧ
690 2811 744 2874 οόκ
765 2810 856 2876 ἔστιν·
879 2813 933 2877 ούκ
955 2813 1012 2899 άρα
1032 2837 1059 2876 τι
1082 2817 1208 2876 κινεῖται.

319 2934 337 2969 ο
442 2913 483 2977 12
527 2911 712 2984 ,Μέλισσος
741 2917 830 2978 ότοδ
849 2914 1009 2998 Ἰθαγένους
1030 2915 1139 2998 Σάμιος
1160 2918 1193 2979 τδ
1215 2917 1296 2999 γένος
1318 2917 1349 2980 ἓν
1370 2919 1404 2981 τδ
1426 2922 1484 2981 πᾶν
1505 2916 1563 3005 ἔφη
1587 2919 1664 2982 εἶναι.

53 3055 124 3074 ω,
138 3059 146 3067 .
160 3061 182 3068 ..
358 3014 448 3096 μηδὲν
471 3014 504 3078 δὲ
527 3015 642 3100 βέβαιον
665 3018 806 3102 ὑπάρχειν
829 3019 867 3101 τῇ
889 3019 984 3103 φύσει,
1006 3018 1081 3082 ἀλλὰ
1103 3020 1196 3082 πάντα
1217 3017 1289 3082 εἶναι
1311 3019 1429 3106 φθαρτὰ
1451 3021 1481 3084 ἐν
1503 3023 1631 3105 δυνάμει.
1676 3047 1696 3083 ιι

440 3118 480 3182 13
523 3117 730 3190 Λεύκιππος
752 3122 768 3184 ὁ
785 3119 938 3206 Μιλήσιος,
961 3121 1036 3185 κατὰ
1048 3121 1081 3186 δέ
1095 3144 1172 3190 τινας
1183 3119 1329 3206 Ἐλεάτης,
1352 3123 1400 3186 καὶ
1415 3121 1500 3194 οὗτος
1514 3125 1660 3209 ἐριστικός-

357 3219 387 3282 έν
414 3217 526 3304 ἀπείρῳ
559 3221 607 3284 καί
636 3221 720 3292 οὗτος
747 3225 780 3287 τδ
807 3227 863 3287 πᾶν
887 3222 944 3309 ἔφη
973 3222 1056 3302 εἶναι,
1083 3223 1158 3286 κατὰ
1184 3225 1342 3309 φαντασίαν
1366 3227 1467 3290 δὲκαὶ
1491 3227 1610 3310 δόκησιν
1631 3226 1663 3288 τὰ

356 3323 450 3386 πάντα
476 3322 605 3406 γίνεσθαι
631 3325 679 3387 καὶ
702 3327 792 3408 μηδὲν
815 3327 889 3391 κατὰ
911 3327 1068 3412 ἀλήθειαν,
1096 3324 1160 3390 ἀλλ’
1188 3327 1266 3391 οὕτω
1287 3328 1442 3412 φαίνεσθαι
1469 3330 1543 3394 κατὰ
1564 3332 1618 3414 τήν
1637 3329 1663 3390 έν

356 3430 398 3511 τῷ
423 3425 504 3490 ὕδατι
525 3428 637 3510 κώπην.
1159 3455 1161 3461 ·

173 3559 195 3598 ρ.
209 3547 341 3589 mama.
444 3531 485 3596 14
527 3529 745 3613 Δημόκριτος
767 3533 784 3595 ό
805 3535 857 3594 τοῦ
871 3532 1066 3615 Δαμασίππου
1084 3530 1254 3618 Ἀβδηρίτης
1274 3533 1323 3597 τδν
1346 3535 1455 3617 κόσμον
1476 3535 1596 3620 ἄπειρον
1612 3532 1664 3619 ἔφη
1678 3557 1698 3594 ιο
1770 3611 1771 3618 ¹

355 3632 404 3695 καὶ
427 3631 500 3715 ὑπὲρ
522 3636 606 3695 κενοῦ
629 3631 753 3696 κεῖσθαι.
791 3631 849 3718 ἔφη
874 3633 976 3698 δὲκαὶ
999 3635 1029 3697 ἓν
1052 3635 1134 3704 τέλος
1155 3633 1227 3698 εἶναι
1249 3641 1308 3699 τῶν
1330 3638 1446 3702 πάντων
1464 3639 1513 3703 καὶ
1528 3637 1665 3722 εὐθυμίαν

355 3735 388 3796 τδ
416 3736 566 3818 κράτιστον
592 3733 680 3810 εἶναι,
707 3733 759 3803 τάς
787 3735 820 3798 δὲ
842 3734 934 3806 λύπας
957 3737 1041 3820 όρους
1069 3737 1182 3808 κακίας.
1217 3739 1265 3802 καὶ
1286 3741 1320 3803 τδ
1349 3742 1452 3805 δοκοῦν
1475 3741 1587 3806 δίκαιον
1615 3741 1663 3804 οὐκ
1770 3757 1771 3824 γ

356 3835 427 3900 εἶναι
454 3836 578 3912 δίκαιον,
605 3835 704 3899 ἄδικον
734 3838 767 3900 δέ
794 3839 827 3901 τδ
855 3837 982 3904 ἐναντίον
1004 3845 1057 3924 τῆς
1078 3841 1204 3925 φύσεως.
1248 3840 1374 3906 ἐπίνοιαν
1400 3845 1455 3928 γὰρ
1483 3846 1576 3928 κακὴν
1603 3845 1663 3912 τοὺς

356 3939 461 4022 νόμους
475 3936 560 4022 ἔλεγε
579 3938 644 4001 καί·
667 3938 701 4001 ού
723 3941 782 4024 χρὴ
805 3941 904 4024 νόμοις
926 3943 1096 4028 πειθαρχεῖν
1118 3946 1168 4006 τὸν
1190 3945 1291 4029 σοφόν,
1314 3945 1389 4009 ἀλλὰ
1411 3946 1586 4030 ἐλευθερίως
1608 3951 1663 4029 ζῆν.

440 4045 479 4107 15
524 4039 761 4124 Μητρόδωρος
789 4044 805 4106 ὁ
830 4041 904 4112 Χῖος
926 4041 984 4130 ἔφη
1007 4045 1119 4129 μηδένα
1141 4048 1232 4131 μηδὲν
1253 4047 1441 4126 ἐπίστασθαι,
1468 4051 1543 4113 ἀλλὰ
1565 4055 1661 4120 τοῶτας
1675 4071 1694 4108 ⁸³
1770 4079 1771 4082 ’

318 4141 531 4227 εᾶδοκοδμεν
554 4145 713 4227 γινώσκειν,
735 4145 862 4231 ἀκριβῶς
885 4146 938 4210 οὐκ
960 4147 1142 4231 ἐπιστάμεθα
1164 4149 1233 4214 οὐδὲ
1254 4153 1316 4218 ταῖς
1338 4151 1493 4234 αἰσθήσεσι
1516 4154 1562 4215 δεῖ
1582 4171 1661 4238 προσ·

354 4247 448 4332 ἐχειν·
471 4247 588 4331 δοκήσει
610 4248 664 4331 γάρ
686 4247 747 4310 ἐστι
768 4247 805 4311 τὰ
826 4250 929 4312 πάντα.

355 4431 480 4439 -ι--ι-
483 4430 555 4438 -υ-ι

356 4542 368 4593 l
394 4537 531 4611 άμχαίλαος
553 4541 612 4594 libri
631 4542 663 4594 uf.
688 4543 759 4594 Ptol.
779 4560 803 4608 p.
820 4541 868 4595 177
889 4539 903 4610 ΙΙ
923 4557 1010 4596 verum
1061 4539 1214 4612 ὀρθουμένου
1232 4544 1580 4612 κολ.νυ13ο.δεᾱοοιτ1πε
1597 4551 1627 4602 ef.
1643 4543 1700 4599 Ptol·
1770 4551 1771 4622 γ

353 4639 393 4682 eut
421 4623 537 4687 Μίδωνος
563 4638 608 4682 tut
637 4626 761 4688 Μύδωνος
779 4625 796 4697 ΙΙ
821 4629 839 4682 4
863 4641 1010 4698 comptum
1060 4625 1699 4704 p.177n¹8‹101²am0ni‹100f.1³r01.1271?ss
1770 4629 1771 4656 ¹

353 4733 386 4768 ex
414 4711 594 4785 Σωφρονίσκον
619 4717 665 4768 τοῦ
693 4712 851 4785 έρμογλύφου
877 4720 908 4770 τί.
937 4721 1009 4770 Prol.
1062 4718 1699 4792 20dozen0ueef.supnp.588,15mede

353 4803 443 4869 p.176
470 4802 484 4871 ΙΙ
509 4801 581 4856 όδιῖ
600 4805 691 4872 vulgo:
710 4819 776 4856 οοτι.
797 4806 914 4858 ΒΙαάοιί
936 4802 949 4873 Η
978 4807 1011 4860 10
1062 4809 1193 4874 Leucippo
1217 4811 1249 4860 ef.
1268 4813 1340 4862 Prol.
1358 4829 1383 4876 ρ.
1397 4810 1448 4862 177
1473 4807 1485 4877 ΙΙ
1510 4809 1545 4864 32
1570 4804 1698 4864 καλιάδι·

353 4888 418 4959 μήτε
441 4891 554 4958 κυάμους
577 4890 641 4962 μήτε
662 4888 727 4942 οἶνον
745 4893 835 4956 vulgo:
860 4909 926 4946 corr.
945 4895 1011 4946 Din-
1062 4898 1124 4946 κοῡν
1139 4892 1195 4948 κτλ.
1214 4898 1329 4948 οέΡιοΙ.
1343 4916 1368 4964 p.
1380 4895 1446 4950 177²
1465 4895 1479 4966 ΙΙ
1498 4897 1534 4950 34
1546 4903 1634 4971 χρῆναι
1645 4895 1697 4948 οουλ

354 4978 415 5030 θοή
425 4973 441 5046 ΙΙ
457 4975 489 5030 15
501 4973 654 5048 ὀρθουμένου
673 4976 844 5049 σκολοφιίινιος
861 4981 1011 5046 uenenum:
1063 4984 1184 5048 Dindorf,
1203 4985 1251 5036 ned
1269 4986 1300 5036 cs.
1319 4986 1386 5038 infra
1405 5003 1429 5037 v.
1442 4983 1477 5040 36
