3756 5736
354 384 417 446 240
643 387 735 436 XVIII
772 387 820 436 Dr:
841 387 978 436 GALENI
999 385 1167 437 HISTORIA
1189 386 1417 438 Prrlnosor‘ttn

354 551 543 617 Pioinensis.
590 572 630 617 ex
657 552 832 618 Plutarcho
865 554 948 618 huno
975 554 1091 620 librum
1118 555 1187 622 fere
1215 561 1316 620 totum
1344 559 1506 636 sumptum
1528 571 1601 619 esse
1623 561 1711 622 reete

354 660 579 737 perspexerat,
609 653 698 718 euius
725 653 977 738 discrepantiam
995 657 1125 740 passim
1149 658 1286 740 margini
1308 655 1480 739 adscripsit
1502 655 1554 738 [al.
1578 654 1713 722 Waehs·

353 757 443 822 muth
478 759 499 822 l.
523 777 548 821 c.
583 778 613 840 p.
636 753 718 841 leel.
774 777 834 824 neo
868 765 976 826 tamen
1008 760 1112 826 Rotae
1144 759 1303 826 versionis
1336 759 1441 842 qualis
1475 763 1561 827 esset
1593 765 1712 825 natura

353 859 543 942 intellegere
575 864 631 922 aut
663 859 767 924 voluit
801 868 858 926 aut
890 862 1005 945 potuit.
1046 882 1122 926 nam
1155 879 1349 945 quamquam
1382 861 1424 928 de
1457 859 1528 926 cius
1559 859 1623 928 fide
1656 862 1712 928 du-

354 961 476 1027 bitasse
510 960 653 1044 videtur,
692 967 800 1028 tammr
835 964 869 1028 in
899 963 1090 1047 gravissimo
1123 982 1250 1047 quoque
1285 963 1357 1028 loco
1385 961 1538 1028 recedere
1565 962 1608 1028 ab
1641 963 1711 1030 eins

354 1063 546 1129 auctoritate
568 1083 633 1128 non
655 1082 754 1130 ausus
777 1071 836 1131 est.
873 1067 906 1130 in
930 1065 1091 1150 prioribus
1113 1065 1244 1149 quidem
1266 1083 1341 1131 rara
1362 1069 1455 1129 namt
1475 1064 1612 1132 aliarum
1635 1087 1712 1149 quo-

354 1186 417 1248 qne
439 1165 613 1231 editionum
637 1169 807 1254 memoria,
834 1176 869 1234 at
895 1170 929 1234 in
957 1170 1074 1236 ceteris
1102 1188 1234 1252 prorsus
1260 1174 1310 1234 est
1330 1166 1482 1232 Martiani
1504 1167 1711 1252 mancipium.

355 1268 438 1334 adeo
467 1267 553 1332 illius
580 1274 668 1334 artes
696 1269 793 1337 etiam
821 1273 976 1354 aequales
1004 1291 1043 1337 ac
1071 1271 1195 1338 fraudis
1222 1270 1369 1337 conscios
1391 1267 1539 1335 homines
1561 1289 1712 1354 praegra-

353 1369 485 1435 rabant.

441 1472 578 1539 Saeculo
601 1474 770 1541 interiecto
794 1496 864 1541 cum
888 1475 1120 1544 Obarterius
1141 1495 1295 1559 magnum
1317 1473 1524 1559 Hippocratis
1546 1481 1579 1540 et
1594 1475 1713 1541 Galeni

354 1573 546 1657 scriptorum
568 1595 685 1659 corpus
707 1579 846 1646 condere
873 1578 1047 1663 coepisset,
1080 1579 1185 1645 Rotae
1215 1578 1457 1644 fraudulentum
1485 1597 1567 1660 opus
1593 1576 1640 1642 ita
1665 1577 1712 1642 in·

356 1677 530 1758 veteravit,
564 1684 600 1741 ut
625 1678 668 1743 ab
694 1678 755 1745 boo
781 1682 983 1764 potissImum
1010 1680 1276 1766 proficiscendum
1307 1699 1379 1746 esse
1407 1678 1468 1745 sibi
1491 1678 1710 1745 arbitraretur.

354 1778 439 1844 inest
460 1777 604 1844 Historia
632 1779 828 1866 philosopha
854 1791 931 1850 tom.
947 1785 979 1849 Π
1001 1805 1032 1868 p.
1048 1785 1186 1850 21—58
1213 1785 1429 1866 (Hippocratis
1458 1781 1515 1846 cm·
1536 1792 1565 1846 el
1587 1783 1712 1846 Claudii

354 1883 464 1944 Galerii
492 1882 672 1963 Pergameni
694 1885 888 1950 Arabiatraa
914 1907 1020 1968 opera.
1055 1889 1194 1952 Iieaatae
1216 1889 1397 1952 Obarteriaa
1424 1905 1535 1967 praece
1561 1895 1589 1948 et
1616 1887 1712 1948 latiae

343 1982 473 2064 'primae
496 1985 593 2048 edidit
613 1987 754 2051 Lutetiae
780 1991 973 2054 Parisiorum
1000 1990 1089 2054 1679.
1118 1988 1223 2055 forma
1244 1985 1410 2072 maxima).
1455 2007 1528 2052 cum
1558 1987 1601 2052 ad
1629 2005 1712 2054 oom-

354 2085 507 2168 plendam
520 2085 742 2156 Basileensem
757 2091 943 2176 editionem,
959 2092 1046 2158 unde
1062 2089 1277 2157 Oharteriana
1291 2089 1360 2156 iere
1374 2089 1539 2171 descripta
1555 2095 1615 2173 est,
1631 2089 1712 2154 nibil

354 2189 501 2253 valerent
527 2189 656 2256 codices
684 2192 822 2258 Parisini
851 2193 966 2277 quibus
992 2193 1026 2258 in
1052 2191 1170 2259 ceteris
1192 2191 1282 2257 libris
1304 2193 1418 2276 utitur,
1444 2191 1549 2257 Rotae
1578 2190 1712 2257 inventa

354 2307 470 2371 graeoe
492 2309 586 2356 versa
608 2293 748 2360 traditae
770 2295 945 2362 memoriae
967 2293 1147 2360 immiscuit
1171 2293 1258 2376 quod
1278 2293 1443 2376 negotium
1458 2293 1493 2358 in
1508 2291 1711 2360 Platarebeis

355 2410 435 2456 sane
457 2391 616 2474 capitibus
636 2415 792 2480 prospere
814 2397 912 2464 cessit
934 2417 1006 2462 eum
1036 2397 1202 2479 vulgatam
1229 2396 1417 2463 memoriam
1440 2395 1634 2462 Plaeitorum
1664 2415 1712 2462 se

353 2498 517 2576 queretur,
541 2495 708 2562 molestius
729 2498 762 2562 in
784 2499 888 2565 Rotae
909 2497 1132 2583 interpolatis,
1154 2518 1238 2581 quae
1260 2505 1317 2564 aut
1339 2498 1373 2564 in
1394 2504 1501 2564 artum
1522 2495 1711 2579 rediguntur

354 2594 457 2681 (velut
485 2595 527 2661 de
555 2605 679 2681 septem
706 2599 914 2684 ineptissimis
942 2601 1047 2667 Rotae
1074 2601 1216 2684 itemque
1244 2599 1371 2666 Rasarii
1397 2599 1594 2685 syllogismis
1622 2602 1712 2666 alb

353 2699 417 2764 duo
440 2697 658 2786 remittuntur)
685 2708 741 2766 aut
769 2709 884 2786 aperta
915 2702 1063 2768 novicIae
1085 2702 1229 2769 labrIeae
1255 2703 1348 2786 signa
1370 2701 1518 2785 produnt.
1547 2707 1582 2768 ut
1609 2702 1712 2768 Rotae

352 2802 453 2868 verba
481 2803 545 2866 act
582 2823 644 2866 aaa
676 2805 763 2867 illam
794 2823 937 2868 raucam
968 2807 1102 2868 motione
1137 2807 1305 2870 aeduam
1336 2805 1528 2868 dabediaem
1557 2805 1613 2868 aed
1645 2825 1713 2868 eam

353 2907 603 2980 coinitialem,
636 2909 689 2987 qai
715 2908 874 2970 molestiae
901 2910 941 2970 ait
971 2927 1082 2988 capere
1109 2929 1166 2972 aaa
1190 2909 1265 2972 allia
1291 2907 1444 2972 illecabris
1471 2908 1642 2972 mulceatur
1669 2907 1714 2973 sle

354 3025 473 3089 graeca
495 3011 586 3070 veste
613 3005 804 3072 induuntur:
839 3010 914 3093 μηδὲ
940 3011 992 3093 τὴν
1015 3011 1049 3073 ἐν
1070 3015 1128 3074 τῶν
1150 3011 1318 3094 αἰσθήσεων
1341 3009 1482 3094 triptota<
1504 3007 1573 3096 [sia]
1596 3011 1714 3094 ἡδονήν,

353 3109 428 3174 ἀλλὰ
450 3109 483 3171 δὲ
505 3103 573 3192 [sie]
596 3109 648 3191 τὴν
670 3114 723 3193 τῆς
746 3117 843 3196 ψυχῆς
865 3112 995 3176 διάθεσιν
1020 3111 1056 3176 δι’
1084 3114 1121 3198 ἧς
1143 3110 1215 3198 [fuit
1240 3111 1265 3176 b'
1293 3108 1341 3198 ἧς]
1362 3111 1470 3194 γίνεταί
1490 3135 1533 3182 τις
1555 3113 1714 3196 dvalmo<

353 3211 401 3274 sal
430 3212 637 3293 δυσγοήτευτος
667 3208 740 3296 [boo
766 3232 807 3277 ex
837 3214 982 3279 Platonis
1009 3215 1113 3297 repit
1136 3235 1167 3298 p.
1185 3211 1298 3300 41321.
1343 3211 1407 3278 iarn
1434 3212 1492 3280 tibi
1520 3233 1713 3298 componam

352 3311 614 3396 interpolationis
635 3311 758 3379 fontem
780 3315 827 3381 Io.
844 3315 1061 3399 Philoponum
1081 3313 1213 3399 (Brand.
1229 3315 1330 3381 sobal.
1353 3333 1384 3398 p.
1401 3315 1461 3380 ibt
1475 3313 1511 3400 8)
1533 3315 1590 3401 οὐχ
1605 3317 1712 3400 ἡδονὴν

353 3417 386 3480 δὲ
408 3415 515 3498 ταύτην
538 3415 574 3498 ἢν
590 3415 840 3501 ὑπολαμβάνουσιν
857 3420 884 3481 οἱ
899 3419 1012 3494 πολλοί,
1035 3417 1111 3500 λέγω
1126 3419 1162 3502 δὴ
1175 3419 1232 3502 τὴν
1247 3417 1423 3502 παθταικήν,
1446 3416 1522 3482 ἀλλὰ
1535 3419 1588 3502 τὴν
1603 3417 1713 3501 πολλὴν

352 3523 405 3602 τῆς
427 3521 526 3603 ψυχῆς
548 3516 732 3602 dudliaav,¹
759 3541 822 3603 quo
849 3519 976 3586 facilius
1002 3519 1211 3602 intellegatur
1237 3526 1392 3602 quantum
1420 3518 1541 3586 distent
1568 3538 1648 3586 aera
1668 3520 1714 3584 lu·

353 3619 448 3702 pinis.
483 3637 616 3702 perraro
639 3639 660 3683 a
681 3619 766 3686 Rota
787 3643 845 3687 sno
868 3621 1003 3689 recessit
1024 3627 1058 3687 et
1080 3640 1120 3686 ex
1142 3621 1276 3687 arbitrio
1299 3621 1442 3688 novavit.
1473 3641 1513 3688 ex
1536 3621 1711 3688 Plutarcho

354 3721 443 3786 1119
466 3720 638 3804 adscripsit
659 3743 791 3807 versus,
818 3743 859 3789 ex
881 3723 1023 3790 Stobaeo
1051 3722 1197 3809 (vulgato
1219 3725 1369 3790 nimirum
1391 3730 1465 3808 post
1487 3723 1606 3790 Rotam
1627 3743 1712 3789 anno

354 3820 454 3906 lete)
478 3821 573 3888 ideae
595 3823 760 3890 notionem
782 3825 1003 3910 amplificavit:
1027 3826 1105 3890 αἰτία
1127 3831 1185 3890 τῶν
1209 3827 1257 3891 olai
1271 3828 1346 3892 ἐστιν
1362 3827 1437 3912 αὐτὴ
1460 3828 1508 3891 καὶ
1531 3827 1712 3910 παράδειγμα

352 3930 412 3988 τῶν
438 3925 513 3988 κατὰ
534 3926 619 4009 φύσιν
641 3927 769 4011 ἐχόντων
792 3929 942 4013 αἰσθητῶν
966 3931 1168 4007 ὑποστάσεων,
1190 3930 1306 3996 ubine
1329 3928 1578 3996 reconditiorem
1600 3926 1714 3994 (lotiti-

352 4047 428 4091 nam
452 4025 586 4110 rimeris,
607 4025 823 4095 Oanterianae
845 4032 963 4098 menda
984 4031 1122 4098 fideliter
1143 4033 1304 4098 translata
1325 4053 1453 4099 moneo.
1486 4036 1522 4096 at
1544 4030 1629 4096 enim
1648 4049 1712 4096 uno

353 4129 425 4192 loco
449 4128 546 4210 plane
568 4128 700 4212 propria
722 4149 762 4196 ac
783 4151 842 4197 sua
864 4134 1025 4218 sapientia
1047 4133 1205 4220 enitescit,
1228 4154 1312 4218 quae
1333 4153 1376 4199 ne
1397 4133 1536 4198 intereat
1558 4132 1620 4198 huc
1642 4131 1713 4198 sub

352 4229 447 4295 iciam
470 4230 490 4294 ².
532 4230 603 4314 quis
635 4230 696 4296 fuit
728 4233 906 4302 audaculus
935 4235 992 4302 ille
1024 4235 1079 4319 qui
1112 4254 1216 4319 nugas
1247 4237 1329 4301 istas
1360 4235 1530 4302 venditare
1556 4233 1714 4300 auderet?

353 4331 559 4398 Charterium
585 4334 715 4416 quidem
740 4356 805 4402 non
831 4359 959 4406 accuso.
1004 4339 1062 4406 sed
1089 4337 1150 4403 luit
1176 4337 1314 4405 fortasse
1342 4340 1451 4402 Petras
1481 4338 1588 4402 coma
1609 4338 1714 4400 iaaiar

429 4526 435 4554 ¹
456 4527 600 4576 Martianus
619 4526 687 4576 Rota
705 4528 815 4578 Nicolao
834 4531 923 4580 nititur
942 4533 986 4593 qui
998 4537 1120 4580 vertent:
1139 4537 1164 4580 et
1176 4527 1344 4594 intellegebat
1356 4526 1558 4578 delectationem
1570 4542 1624 4576 aaa
1635 4525 1713 4576 illusa

350 4612 484 4679 passivam
507 4611 554 4663 aad
580 4611 752 4664 omnimodam
778 4615 890 4679 [videtur
916 4619 1009 4680 legisse
1033 4616 1124 4680 πᾶσαν]
1148 4616 1254 4668 animae
1279 4612 1518 4682 insperabilitatem
1541 4621 1653 4676 ceterum
1681 4614 1713 4662 el.

353 4701 433 4750 Dio.
531 4697 552 4749 I.
1073 4721 1078 4731 ·

409 4716 435 4817 ε’
452 4699 581 4852 bxssib'li.
611 4781 758 4856 Πυθαγόρας
776 4787 837 4857 φησὶ
854 4787 898 4846 τὰς
917 4788 1002 4847 νόσους
1020 4787 1128 4858 γίνεσθαι
1146 4795 1191 4842 τοῦ
1210 4789 1329 4858 σώματος
1346 4787 1386 4840 bid
1404 4785 1433 4838 rb
1450 4781 1600 4856 θερμότερον
1618 4783 1635 4855 ἡ
1654 4802 1713 4854 κρυ-

352 4873 506 4943 μωδέυτερυν
529 4871 637 4942 γίνεσθαι
658 4873 687 4925 τὸ
711 4880 793 4943 σῶμα.
823 4875 852 4926 τὸ
876 4875 920 4940 μὲν
943 4875 989 4945 γὰρ
1011 4875 1159 4946 θερμότερόν
1182 4875 1235 4928 ἐστι
1252 4875 1282 4929 τὸ
1300 4875 1376 4930 πλέον
1393 4879 1430 4944 τῷ
1449 4871 1543 4942 μετρίῳ
1561 4873 1621 4938 [sia]
1639 4871 1670 4924 rb
1686 4870 1713 4924 tl

352 4960 555 5030 αρυμωόἑοτερον
574 4959 677 5012 Ιλασσον
694 4965 768 5014 τοῦτο
787 4962 856 5026 [sic].
