3756 5736
330 394 392 456 236
621 399 713 446 xviri
749 399 798 447 Du
819 399 955 448 GALENI
975 395 1146 447 HISTORIA
1165 396 1395 447 PHILOSOPHA

330 562 465 629 eonsueu
488 573 571 632 sant.
607 566 768 632 interdum
791 586 831 632 ex
854 565 1049 632 seholastiea
1067 565 1206 631 leelione
1221 565 1344 649 aliquid
1360 566 1481 651 proprii
1497 567 1688 651 adspersum

328 671 386 748 est,
408 669 498 733 velut
520 689 546 734 a.
563 671 601 732 de
624 669 928 732 denominationibus
947 669 1201 750 philosophorum
1224 687 1326 738 uerae
1348 667 1472 736 formae
1495 670 1535 751 [e.
1551 670 1586 752 4]
1608 669 1690 736 nihil

325 768 387 834 nisi
414 771 559 836 umbram
585 771 692 838 refert.
736 789 796 836 nee
830 769 935 835 minus
957 769 1111 836 abhorret
1136 777 1234 854 eaput
1264 773 1302 840 de
1331 772 1573 836 mmomuoaoa
1598 783 1690 853 parte

327 874 541 955 philosophiae
570 895 625 938 seu
657 877 695 938 de
719 874 1014 956 spllopiaalloailrue.
1058 873 1131 957 ipsa
1156 872 1264 940 versio
1293 872 1433 938 barbara
1457 872 1514 938 illa
1542 872 1690 940 oratione

328 973 462 1056 insignis
484 983 543 1060 est,
572 996 636 1060 qua
658 975 803 1059 plerique
826 995 938 1040 omnes
960 981 1037 1040 ante
1059 980 1190 1041 renatas
1211 975 1337 1040 litteras
1361 993 1480 1057 graeea
1496 975 1598 1041 latine
1619 975 1690 1042 red·

326 1075 404 1142 dere
426 1079 584 1144 solebant.
628 1077 768 1143 verbum
790 1077 900 1161 verbo,
923 1078 1083 1161 partieula
1104 1077 1284 1161 particulae
1312 1077 1488 1159 respondet
1509 1083 1576 1142 tam
1598 1097 1690 1144 aeon-

214 1253 224 1270 ·
328 1185 407 1262 rate,
430 1187 465 1244 ut
486 1181 547 1246 nisi
570 1199 689 1264 greeae
711 1179 876 1263 restituas,
900 1179 977 1262 quid
993 1178 1054 1244 sibi
1077 1178 1157 1245 velit
1178 1197 1278 1262 saepe
1299 1197 1432 1246 numero
1454 1201 1496 1246 ne
1517 1180 1690 1264 intellegas

327 1281 466 1363 quidem.
505 1283 635 1347 omnino
667 1283 756 1346 valet
782 1281 868 1364 quod
895 1281 1055 1364 interpres
1080 1281 1151 1363 ipse
1178 1281 1221 1346 de
1247 1280 1454 1348 suaratione
1477 1285 1511 1346 in
1531 1285 1690 1364 proaemio
1734 1296 1739 1304 “

326 1386 515 1450 traducianis
538 1387 580 1449 ad
601 1387 856 1466 plorieeieeimum
877 1384 1072 1448 Hierusalem
1102 1395 1130 1447 et
1151 1385 1281 1448 Siciliae
1306 1403 1407 1465 repam
1429 1385 1594 1450 liebertum
1613 1385 1692 1452 diait

326 1487 407 1552 libre
422 1489 560 1574 Myamir
581 1485 759 1570 praelatus:
788 1508 843 1569 epe
859 1489 1010 1552 Nleolaue
1040 1488 1078 1550 de
1101 1489 1197 1568 llepia
1219 1489 1356 1552 mediant
1376 1487 1478 1565 fidelis
1500 1498 1529 1552 et
1549 1491 1691 1554 ealditune

327 1601 425 1654 uester
450 1595 541 1654 luata
570 1591 749 1652 mandatam
775 1602 908 1655 uestrum
940 1590 978 1652 de
1005 1608 1119 1669 praeeo
1148 1591 1296 1654 idiomate
1325 1591 1359 1652 in
1386 1590 1515 1653 latinum
1546 1596 1692 1656 transtuli

325 1695 403 1756 nituit
423 1695 542 1757 addens
565 1697 702 1756 minuens
724 1696 773 1756 vel
785 1702 964 1774 permutans
988 1689 1039 1776 [ef.
1054 1690 1184 1756 Bonnel
1199 1712 1230 1774 p.
1244 1688 1287 1776 41.
1310 1696 1418 1756 lamen
1433 1711 1499 1758 nen
1514 1713 1690 1778 numquam

326 1815 409 1878 qnae
438 1797 543 1861 minus
571 1795 775 1876 intellegeret
804 1793 949 1860 omisisse
981 1792 1108 1858 videtur
1136 1799 1172 1856 ut
1202 1794 1265 1858 a‘l
1288 1814 1319 1876 p.
1335 1794 1399 1858 224
1421 1797 1596 1880 χρηστοήθη
1623 1817 1692 1862 eor-

325 1903 451 1981 ruptam
465 1919 577 1966 venem
594 1898 776 1981 similiaque
791 1897 867 1962 alia.
897 1895 1074 1980 praeeipue
1091 1895 1231 1980 propriis
1246 1894 1429 1960 nominibus
1444 1895 1576 1962 horrida
1590 1917 1690 1981 saepe

327 1999 477 2066 barbarie
498 2001 532 2064 in
556 2001 647 2066 libris
670 1997 857 2082 depravatis
881 2000 962 2061 alios
985 1997 1178 2063 substituere
1200 2003 1298 2062 amat.
1340 2018 1400 2064 nee
1423 1998 1541 2064 desunt
1562 1999 1625 2066 leel
1646 2001 1690 2066 od

326 2101 494 2167 arbitrium
517 2103 686 2168 immutati.
723 2101 781 2166 sed
803 2119 884 2166 aare
907 2099 1048 2182 iniquius
1070 2099 1112 2164 de
1127 2099 1264 2164 Nieolae
1287 2099 1518 2166 iudieaveris.¹
1552 2102 1690 2184 primurn

326 2223 392 2268 non
414 2203 516 2287 ipsius
540 2208 746 2291 seriptionem
770 2202 927 2268 habemus
955 2201 1014 2268 sed
1034 2201 1191 2267 Italorum
1217 2202 1505 2286 neglegentissime
1527 2203 1690 2289 deseripla

325 2307 483 2389 exempla.
522 2309 611 2374 velut
633 2313 747 2373 uultum
768 2306 960 2387 impressum
982 2325 1040 2387 pro
1062 2305 1208 2379 miletum,
1230 2323 1291 2370 nee
1315 2306 1514 2371 vernaeulae
1539 2307 1690 2389 loquelae

325 2405 404 2472 vitia
425 2408 567 2474 vitantur
587 2411 677 2476 velut
699 2412 926 2474 direelaueruul
948 2427 1006 2490 pro
1030 2408 1290 2486 disceptaverunt.
1326 2411 1394 2470 tum
1417 2406 1492 2488 quia
1518 2407 1553 2472 in
1575 2408 1690 2475 ueteris

325 2507 510 2592 interpretis
532 2509 612 2576 fides
631 2511 710 2576 satis
731 2510 867 2594 probata
891 2514 940 2574 est
963 2505 1101 2593 [Bonnet
1123 2530 1154 2593 p.
1170 2511 1200 2574 3.
1224 2510 1277 2593 41,
1293 2503 1357 2594 20],
1380 2527 1531 2574 maneum
1548 2515 1581 2576 et
1595 2509 1691 2576 inter·

323 2611 468 2692 polutum
490 2612 519 2677 ei
542 2632 692 2695 graecum
715 2614 881 2697 exemplar
904 2609 1004 2674 luisse
1026 2629 1084 2674 sue
1105 2610 1176 2676 iure
1196 2609 1315 2692 aliquis
1331 2609 1522 2693 suspieetur.
1556 2612 1614 2678 sed
1630 2633 1689 2695 pre

327 2717 414 2777 eerto
437 2715 517 2778 nihil
539 2715 778 2781 affirmaverim.
823 2711 950 2779 Nieolai
978 2731 1114 2793 graeeue
1135 2712 1240 2778 codex
1264 2711 1446 2778 simillimus
1467 2711 1528 2778 init
1549 2712 1585 2778 Β.
1628 2734 1689 2779 nee

327 2813 444 2879 desunt
465 2817 655 2900 antiquioris
676 2817 854 2883 memoriae
876 2813 1026 2898 quamvis
1048 2814 1238 2882 tenuissima
1258 2814 1406 2898 vestigia
1433 2814 1581 2880 nimirum
1603 2816 1689 2899 quod

327 2935 352 2980 e.
366 2917 407 2980 29
431 2917 518 3000 μίξεις
540 2917 574 2982 in
591 2918 653 2983 AB
675 2917 827 2984 omissum
843 2916 982 2982 restituit
999 2935 1068 2981 non
1083 2917 1251 2982 reeondita
1267 2936 1349 3002 epus
1366 2923 1436 2983 erat
1451 2917 1608 3003 doctrina,
1630 2919 1690 2985 sed

327 3019 515 3101 exquisitius
530 3027 600 3086 erat
622 3041 648 3086 o.
665 3023 685 3086 5
707 3021 727 3084 l.
746 3021 785 3084 15
810 3039 850 3086 ex
866 3025 1016 3103 eorrupte
1034 3019 1074 3090 εἰς
1090 3019 1123 3082 ul
1145 3018 1205 3104 (sia
1218 3018 1294 3105 AB)
1317 3019 1528 3086 eonieetando
1544 3022 1599 3086 εἰσὶ
1615 3021 1639 3086 δ’
1661 3023 1688 3086 οἳ

327 3121 444 3188 elieere
465 3123 519 3208 vel
539 3125 596 3188 al
620 3145 650 3206 p.
664 3124 727 3188 234
750 3121 883 3206 ἔνδειγμα
906 3122 939 3186 in
963 3123 993 3186 ἓν
1010 3123 1103 3204 δόγμα
1119 3123 1303 3208 emendare,
1326 3124 1412 3207 quod
1427 3130 1596 3208 utrumque
1611 3124 1690 3191 Use-

329 3243 427 3288 nerus
443 3240 570 3307 queque
585 3223 718 3290 invenit.
748 3245 849 3309 quare
871 3225 958 3308 quod
979 3245 1006 3290 e.
1023 3225 1043 3290 8
1066 3247 1097 3309 p.
1114 3227 1177 3292 235
1198 3225 1314 3292 vitiose
1336 3226 1525 3294 nudabatur
1546 3227 1620 3291 κατὰ
1636 3229 1688 3310 μὲν

328 3327 476 3410 ἰσωκράτη
500 3328 582 3394 duee
604 3327 740 3393 Nieolaa
763 3327 816 3410 qui
838 3327 936 3392 vertit
957 3330 1124 3393 seeundum
1144 3339 1334 3394 umoeratem
1357 3329 1433 3392 κατὰ
1454 3329 1619 3414 Ξενοκράτη
1641 3349 1689 3396 re

326 3427 412 3512 finxi,
435 3429 521 3512 quod
536 3449 576 3496 ex
591 3429 750 3495 Martiano
774 3429 962 3516 (perperam
984 3437 1116 3496 servata
1139 3433 1191 3515 μέν
1213 3429 1386 3516 partieula)
1409 3431 1485 3497 elim
1501 3432 1688 3499 (lharterius

326 3539 517 3597 eorrexerat.
563 3533 728 3617 ceteroqui
754 3553 820 3598 non
843 3552 962 3615 magna
983 3533 1106 3600 utilitas
1127 3533 1204 3600 iude
1232 3533 1408 3619 redundat,
1435 3534 1494 3601 sed
1516 3541 1552 3600 ut
1573 3535 1687 3600 leeturi

197 3626 199 3630 ’
325 3631 388 3715 ipsi
414 3633 557 3699 iudicare
584 3642 731 3719 possent,
757 3636 856 3719 priori
888 3635 961 3702 libri
990 3636 1075 3720 parti
1101 3636 1228 3702 Nieolai
1254 3637 1408 3704 seleetern
1437 3637 1687 3722 discrepantiam

325 3734 454 3800 adieere
476 3737 606 3820 plaouit.
644 3738 820 3820 optandum
841 3758 925 3804 vero
950 3745 1009 3822 est,
1032 3757 1168 3820 graecus
1190 3737 1246 3803 ille
1267 3737 1400 3804 Roberti
1423 3739 1525 3806 eodex
1546 3745 1583 3804 ut
1604 3740 1687 3806 forte

325 3835 454 3901 fortuna
476 3858 517 3903 ex
538 3838 657 3904 abditis
679 3839 848 3905 euiusdam
872 3841 1094 3908 bibliotheeae
1115 3839 1296 3906 reeessibus
1318 3841 1525 3923 protrahatur
1540 3863 1606 3909 non
1621 3849 1687 3908 tam

326 3937 367 4002 ob
390 3939 564 4004 Historiam
585 3941 812 4025 philosopham
827 3962 923 4025 quam
947 3943 988 4010 ob
1005 3941 1238 4028 Hypotypesin
1260 3943 1446 4026 empirieam
1462 3944 1579 4012 Gelani
1594 3945 1688 4012 simul

324 4040 413 4106 illine
436 4043 649 4124 prodituram.

411 4145 529 4209 Verum
558 4147 643 4212 enim
670 4167 749 4212 vero
773 4147 954 4212 Laeanae
990 4165 1140 4229 graeeum
1169 4148 1351 4232 exemplum
1379 4150 1465 4217 unde
1493 4149 1549 4215 ille
1570 4151 1688 4234 spretis

325 4247 466 4329 priorum
489 4248 582 4314 vanis
605 4249 775 4314 uenatibus
798 4248 975 4314 Historiam
998 4247 1226 4332 philosopham
1249 4269 1284 4314 se
1303 4249 1504 4318 instaurasse
1526 4272 1565 4318 aa
1587 4253 1687 4319 latine

325 4349 504 4417 reddidisse
525 4351 634 4435 iactat,
658 4356 778 4434 quante
805 4350 912 4433 magis
935 4351 1152 4434 expetendum
1174 4357 1224 4416 est
1244 4352 1468 4436 utaliquando
1491 4353 1686 4420 invenietur!

325 4451 434 4516 audite
462 4452 547 4517 enim
570 4473 653 4536 quae
676 4454 704 4518 is
725 4451 760 4516 in
782 4452 949 4534 prooemio
971 4453 1050 4518 iliv
1070 4471 1148 4520 suae
1171 4453 1328 4520 versionis
1350 4453 1478 4540 (Gelon.
1497 4455 1594 4542 1543)
1617 4477 1687 4542 pro·

324 4554 420 4619 ferat:
443 4557 516 4618 milri
536 4577 625 4632 aero,
648 4555 764 4640 inquit,
787 4566 913 4636 praeter
935 4557 1113 4620 Basileease
1135 4567 1226 4638 atque
1247 4559 1398 4621 Aldinum
1415 4561 1585 4638 exemplar,
1609 4581 1687 4642 quae

326 4665 372 4732 (at
395 4665 529 4734 eormtat)
552 4669 623 4722 suut
645 4662 727 4722 mille
748 4661 866 4722 mendis
886 4661 1097 4722 contaminata
1116 4663 1208 4723 eliam
1223 4659 1330 4740 oblipil
1352 4663 1472 4723 tertium
1494 4681 1586 4725 manu
1610 4683 1687 4726 eoa-

324 4765 486 4842 seru'plum,
512 4763 652 4842 idemque
674 4765 738 4824 iarn
759 4770 909 4825 uetustate
932 4770 1157 4842 consumptum:
1187 4765 1274 4826 euius
1301 4764 1375 4826 mint
1396 4765 1469 4839 (elei
1493 4785 1556 4828 aaa
1578 4765 1687 4844 facile)

399 4985 404 5015 ¹
424 4989 494 5050 qnod
513 4989 573 5036 lecit
591 4987 800 5038 Wechsmnthius
821 4987 907 5040 Goett.
929 4988 978 5051 gel.
997 5001 1054 5036 aaz.
1077 4983 1142 5037 1871
1162 5003 1187 5050 p.
1200 4984 1259 5038 tot.
