<?xml version="1.0" encoding="UTF-8"?>
<!DOCTYPE html PUBLIC "-//W3C//DTD XHTML 1.0 Transitional//EN"
    "http://www.w3.org/TR/xhtml1/DTD/xhtml1-transitional.dtd">
<html xmlns="http://www.w3.org/1999/xhtml" xml:lang="en" lang="en">
 <head>
  <title>
</title>
<meta http-equiv="Content-Type" content="text/html;charset=utf-8" />
  <meta name='ocr-system' content='tesseract 3.04.00' />
  <meta name='ocr-capabilities' content='ocr_page ocr_carea ocr_par ocr_line ocrx_word'/>
</head>
<body>
  <div class='ocr_page' id='page_1' title='image "./doxographigraec01dielgoog/doxographigraec01dielgoog_0121.png"; bbox 0 0 3708 5732; ppageno 0'>
   <div class='ocr_carea' id='block_1_1' title="bbox 339 391 1487 456">
    <p class='ocr_par' dir='ltr' id='par_1_1' title="bbox 339 391 1487 456">
     <span class='ocr_line' id='line_1_1' title="bbox 339 391 1487 456; baseline 0.002 -12"><span class='ocrx_word' id='word_1_1' title='bbox 339 391 401 456; x_wconf 85' lang='grc'><strong>106</strong></span> <span class='ocrx_word' id='word_1_2' title='bbox 547 397 615 446; x_wconf 89' lang='lat' dir='ltr'><strong>Vlll</strong></span> <span class='ocrx_word' id='word_1_3' title='bbox 651 397 701 446; x_wconf 82' lang='lat' dir='ltr'><strong>nn</strong></span> <span class='ocrx_word' id='word_1_4' title='bbox 721 395 978 448; x_wconf 79' lang='lat' dir='ltr'><strong>THZOPHRASTI</strong></span> <span class='ocrx_word' id='word_1_5' title='bbox 996 395 1231 449; x_wconf 74' lang='lat' dir='ltr'><strong>Persicouum</strong></span> <span class='ocrx_word' id='word_1_6' title='bbox 1251 396 1487 449; x_wconf 83' lang='lat' dir='ltr'>OPINIONIBUS</span> 
     </span>
    </p>
   </div>
   <div class='ocr_carea' id='block_1_2' title="bbox 337 563 1706 1471">
    <p class='ocr_par' dir='ltr' id='par_1_2' title="bbox 337 563 1703 1062">
     <span class='ocr_line' id='line_1_2' title="bbox 338 563 1701 651; baseline 0.001 -21"><span class='ocrx_word' id='word_1_7' title='bbox 338 569 475 648; x_wconf 76' lang='lat' dir='ltr'><strong>speetat.</strong></span> <span class='ocrx_word' id='word_1_8' title='bbox 508 563 567 632; x_wconf 90' lang='lat' dir='ltr'><strong>sed</strong></span> <span class='ocrx_word' id='word_1_9' title='bbox 589 565 623 632; x_wconf 91' lang='lat' dir='ltr'><strong>in</strong></span> <span class='ocrx_word' id='word_1_10' title='bbox 644 564 875 651; x_wconf 85' lang='lat' dir='ltr'><strong>metaphysieis</strong></span> <span class='ocrx_word' id='word_1_11' title='bbox 897 564 1072 650; x_wconf 90' lang='lat' dir='ltr'><strong>praeeipne</strong></span> <span class='ocrx_word' id='word_1_12' title='bbox 1094 571 1127 632; x_wconf 95' lang='lat' dir='ltr'><strong>et</strong></span> <span class='ocrx_word' id='word_1_13' title='bbox 1147 563 1226 632; x_wconf 89' lang='lat' dir='ltr'><strong>alibi</strong></span> <span class='ocrx_word' id='word_1_14' title='bbox 1247 564 1426 634; x_wconf 78' lang='lat' dir='ltr'><strong>identidem</strong></span> <span class='ocrx_word' id='word_1_15' title='bbox 1455 563 1580 632; x_wconf 86' lang='lat' dir='ltr'><strong>semina</strong></span> <span class='ocrx_word' id='word_1_16' title='bbox 1604 583 1701 650; x_wconf 82' lang='lat' dir='ltr'><strong>qnae</strong></span> 
     </span>
     <span class='ocr_line' id='line_1_3' title="bbox 339 665 1703 753; baseline 0.001 -21"><span class='ocrx_word' id='word_1_17' title='bbox 339 665 415 732; x_wconf 88' lang='lat' dir='ltr'><strong>dam</strong></span> <span class='ocrx_word' id='word_1_18' title='bbox 438 666 594 734; x_wconf 75' lang='lat' dir='ltr'><strong>historiae</strong></span> <span class='ocrx_word' id='word_1_19' title='bbox 616 667 880 752; x_wconf 92' lang='lat' dir='ltr'><strong>philosophorum</strong></span> <span class='ocrx_word' id='word_1_20' title='bbox 896 668 1024 753; x_wconf 80' lang='lat' dir='ltr'><strong>sparsit,</strong></span> <span class='ocrx_word' id='word_1_21' title='bbox 1046 687 1130 752; x_wconf 91' lang='lat' dir='ltr'><strong>qnae</strong></span> <span class='ocrx_word' id='word_1_22' title='bbox 1145 687 1166 734; x_wconf 91' lang='lat' dir='ltr'><strong>a</strong></span> <span class='ocrx_word' id='word_1_23' title='bbox 1180 665 1338 750; x_wconf 90' lang='lat' dir='ltr'><strong>disoipnlo</strong></span> <span class='ocrx_word' id='word_1_24' title='bbox 1354 666 1441 733; x_wconf 89' lang='lat' dir='ltr'><strong>hand</strong></span> <span class='ocrx_word' id='word_1_25' title='bbox 1456 687 1536 734; x_wconf 91' lang='lat' dir='ltr'><strong>sane</strong></span> <span class='ocrx_word' id='word_1_26' title='bbox 1550 667 1703 750; x_wconf 81' lang='lat' dir='ltr'><strong>negleeta</strong></span> 
     </span>
     <span class='ocr_line' id='line_1_4' title="bbox 340 767 1702 854; baseline 0 -20"><span class='ocrx_word' id='word_1_27' title='bbox 340 777 424 834; x_wconf 86' lang='lat' dir='ltr'><strong>sunt.</strong></span> <span class='ocrx_word' id='word_1_28' title='bbox 462 769 501 836; x_wconf 90' lang='lat' dir='ltr'><strong>of.</strong></span> <span class='ocrx_word' id='word_1_29' title='bbox 525 771 569 836; x_wconf 86' lang='lat' dir='ltr'><strong>ad</strong></span> <span class='ocrx_word' id='word_1_30' title='bbox 591 769 629 838; x_wconf 91' lang='lat' dir='ltr'><strong>fr.</strong></span> <span class='ocrx_word' id='word_1_31' title='bbox 655 773 683 838; x_wconf 93' lang='lat'><strong>1.</strong></span> <span class='ocrx_word' id='word_1_32' title='bbox 705 773 736 837; x_wconf 89' lang='grc'><strong>4.</strong></span> <span class='ocrx_word' id='word_1_33' title='bbox 759 773 789 837; x_wconf 89' lang='grc'><strong>6.</strong></span> <span class='ocrx_word' id='word_1_34' title='bbox 815 773 842 838; x_wconf 85' lang='grc'><strong>7.</strong></span> <span class='ocrx_word' id='word_1_35' title='bbox 866 773 897 838; x_wconf 84' lang='grc'><strong>8.</strong></span> <span class='ocrx_word' id='word_1_36' title='bbox 920 772 951 836; x_wconf 88' lang='lat'><strong>9.</strong></span> <span class='ocrx_word' id='word_1_37' title='bbox 975 774 1026 836; x_wconf 90' lang='lat'><strong>11.</strong></span> <span class='ocrx_word' id='word_1_38' title='bbox 1049 771 1101 838; x_wconf 92' lang='grc'><strong>22.</strong></span> <span class='ocrx_word' id='word_1_39' title='bbox 1123 767 1199 836; x_wconf 77' lang='grc'><strong>23.1</strong></span> <span class='ocrx_word' id='word_1_40' title='bbox 1237 787 1338 851; x_wconf 90' lang='lat' dir='ltr'><strong>quare</strong></span> <span class='ocrx_word' id='word_1_41' title='bbox 1359 769 1458 836; x_wconf 92' lang='lat' dir='ltr'><strong>etiam</strong></span> <span class='ocrx_word' id='word_1_42' title='bbox 1481 777 1580 854; x_wconf 87' lang='lat' dir='ltr'><strong>atque</strong></span> <span class='ocrx_word' id='word_1_43' title='bbox 1602 768 1702 836; x_wconf 86' lang='lat' dir='ltr'><strong>etiam</strong></span> 
     </span>
     <span class='ocr_line' id='line_1_5' title="bbox 339 870 1703 958; baseline 0.001 -22"><span class='ocrx_word' id='word_1_44' title='bbox 339 872 519 938; x_wconf 89' lang='lat' dir='ltr'><strong>eavendum</strong></span> <span class='ocrx_word' id='word_1_45' title='bbox 542 879 656 940; x_wconf 88' lang='lat' dir='ltr'><strong>estne</strong></span> <span class='ocrx_word' id='word_1_46' title='bbox 678 879 810 958; x_wconf 90' lang='lat' dir='ltr'><strong>propter</strong></span> <span class='ocrx_word' id='word_1_47' title='bbox 830 872 1015 940; x_wconf 88' lang='lat' dir='ltr'><strong>Aristotelis</strong></span> <span class='ocrx_word' id='word_1_48' title='bbox 1036 870 1277 940; x_wconf 89' lang='lat' dir='ltr'><strong>similitudinem</strong></span> <span class='ocrx_word' id='word_1_49' title='bbox 1300 871 1459 938; x_wconf 90' lang='lat' dir='ltr'><strong>selamin</strong></span> <span class='ocrx_word' id='word_1_50' title='bbox 1482 871 1703 956; x_wconf 85' lang='lat' dir='ltr'><strong>Simplieianis</strong></span> 
     </span>
     <span class='ocr_line' id='line_1_6' title="bbox 337 971 1703 1062; baseline 0.003 -26"><span class='ocrx_word' id='word_1_51' title='bbox 337 971 527 1056; x_wconf 79' lang='lat' dir='ltr'><strong>fragmentis</strong></span> <span class='ocrx_word' id='word_1_52' title='bbox 548 975 757 1060; x_wconf 84' lang='lat' dir='ltr'><strong>interpretem</strong></span> <span class='ocrx_word' id='word_1_53' title='bbox 773 977 992 1062; x_wconf 89' lang='lat' dir='ltr'><strong>potiusquam</strong></span> <span class='ocrx_word' id='word_1_54' title='bbox 1009 973 1269 1059; x_wconf 77' lang='lat' dir='ltr'><strong>Theophrastum</strong></span> <span class='ocrx_word' id='word_1_55' title='bbox 1284 972 1378 1039; x_wconf 89' lang='lat' dir='ltr'><strong>nohis</strong></span> <span class='ocrx_word' id='word_1_56' title='bbox 1392 973 1507 1042; x_wconf 90' lang='lat' dir='ltr'><strong>andire</strong></span> <span class='ocrx_word' id='word_1_57' title='bbox 1523 975 1703 1042; x_wconf 86' lang='lat' dir='ltr'><strong>videamur.</strong></span> 
     </span>
    </p>

    <p class='ocr_par' dir='ltr' id='par_1_3' title="bbox 338 1075 1706 1471">
     <span class='ocr_line' id='line_1_7' title="bbox 424 1075 1704 1164; baseline 0.002 -25"><span class='ocrx_word' id='word_1_58' title='bbox 424 1075 625 1144; x_wconf 89' lang='lat' dir='ltr'><strong>Peeuliarem</strong></span> <span class='ocrx_word' id='word_1_59' title='bbox 648 1078 708 1145; x_wconf 89' lang='lat' dir='ltr'><strong>sihi</strong></span> <span class='ocrx_word' id='word_1_60' title='bbox 731 1079 836 1163; x_wconf 85' lang='lat' dir='ltr'><strong>poenit</strong></span> <span class='ocrx_word' id='word_1_61' title='bbox 861 1077 1113 1164; x_wconf 87' lang='lat' dir='ltr'><strong>disputationem</strong></span> <span class='ocrx_word' id='word_1_62' title='bbox 1138 1075 1354 1160; x_wconf 78' lang='lat' dir='ltr'><strong>fragmentum</strong></span> <span class='ocrx_word' id='word_1_63' title='bbox 1377 1077 1417 1142; x_wconf 95' lang='grc'><strong>12</strong></span> <span class='ocrx_word' id='word_1_64' title='bbox 1440 1097 1480 1144; x_wconf 87' lang='lat' dir='ltr'><strong>ex</strong></span> <span class='ocrx_word' id='word_1_65' title='bbox 1503 1075 1704 1161; x_wconf 89' lang='lat' dir='ltr'><strong>Pseudophi-</strong></span> 
     </span>
     <span class='ocr_line' id='line_1_8' title="bbox 338 1176 1704 1267; baseline 0.003 -27"><span class='ocrx_word' id='word_1_66' title='bbox 338 1176 414 1242; x_wconf 90' lang='lat' dir='ltr'><strong>lone</strong></span> <span class='ocrx_word' id='word_1_67' title='bbox 435 1180 499 1262; x_wconf 82' lang='grc' dir='ltr'>περὶ</span> <span class='ocrx_word' id='word_1_68' title='bbox 522 1181 688 1267; x_wconf 75' lang='grc' dir='ltr'>ἀφθαρσίας</span> <span class='ocrx_word' id='word_1_69' title='bbox 710 1182 821 1265; x_wconf 81' lang='grc' dir='ltr'>κόσμου</span> <span class='ocrx_word' id='word_1_70' title='bbox 844 1181 1004 1248; x_wconf 88' lang='lat' dir='ltr'><strong>haustum.</strong></span> <span class='ocrx_word' id='word_1_71' title='bbox 1049 1178 1135 1264; x_wconf 93' lang='lat' dir='ltr'><strong>quod</strong></span> <span class='ocrx_word' id='word_1_72' title='bbox 1162 1197 1184 1244; x_wconf 89' lang='lat' dir='ltr'><strong>a</strong></span> <span class='ocrx_word' id='word_1_73' title='bbox 1211 1183 1390 1244; x_wconf 90' lang='lat' dir='ltr'><strong>oeterorum</strong></span> <span class='ocrx_word' id='word_1_74' title='bbox 1414 1179 1629 1262; x_wconf 80' lang='lat' dir='ltr'><strong>similitudine¹</strong></span> <span class='ocrx_word' id='word_1_75' title='bbox 1645 1178 1704 1244; x_wconf 93' lang='lat' dir='ltr'><strong>ali-</strong></span> 
     </span>
     <span class='ocr_line' id='line_1_9' title="bbox 338 1281 1704 1368; baseline 0.004 -26"><span class='ocrx_word' id='word_1_76' title='bbox 338 1284 493 1360; x_wconf 91' lang='lat' dir='ltr'><strong>quantum</strong></span> <span class='ocrx_word' id='word_1_77' title='bbox 512 1283 643 1350; x_wconf 89' lang='lat' dir='ltr'><strong>reeedit.</strong></span> <span class='ocrx_word' id='word_1_78' title='bbox 667 1285 812 1352; x_wconf 88' lang='lat' dir='ltr'><strong>eontinet</strong></span> <span class='ocrx_word' id='word_1_79' title='bbox 826 1285 913 1352; x_wconf 90' lang='lat' dir='ltr'><strong>enim</strong></span> <span class='ocrx_word' id='word_1_80' title='bbox 929 1291 1119 1368; x_wconf 89' lang='lat' dir='ltr'><strong>tanquama</strong></span> <span class='ocrx_word' id='word_1_81' title='bbox 1137 1281 1363 1366; x_wconf 67' lang='lat' dir='ltr'><strong>Theophrasto</strong></span> <span class='ocrx_word' id='word_1_82' title='bbox 1382 1283 1529 1366; x_wconf 87' lang='lat' dir='ltr'><strong>prolatas</strong></span> <span class='ocrx_word' id='word_1_83' title='bbox 1549 1289 1704 1367; x_wconf 87' lang='lat' dir='ltr'><strong>quattuor</strong></span> 
     </span>
     <span class='ocr_line' id='line_1_10' title="bbox 338 1378 1706 1471; baseline 0.006 -29"><span class='ocrx_word' id='word_1_84' title='bbox 338 1378 503 1446; x_wconf 87' lang='lat' dir='ltr'><strong>interitum</strong></span> <span class='ocrx_word' id='word_1_85' title='bbox 518 1386 628 1450; x_wconf 89' lang='lat' dir='ltr'><strong>mnndi</strong></span> <span class='ocrx_word' id='word_1_86' title='bbox 644 1387 803 1454; x_wconf 91' lang='lat' dir='ltr'><strong>tuentium</strong></span> <span class='ocrx_word' id='word_1_87' title='bbox 820 1386 1086 1471; x_wconf 88' lang='lat' dir='ltr'><strong>philosophorum</strong></span> <span class='ocrx_word' id='word_1_88' title='bbox 1103 1381 1281 1468; x_wconf 83' lang='lat' dir='ltr'><strong>opiniones,</strong></span> <span class='ocrx_word' id='word_1_89' title='bbox 1297 1403 1434 1466; x_wconf 87' lang='lat' dir='ltr'><strong>quorum</strong></span> <span class='ocrx_word' id='word_1_90' title='bbox 1448 1391 1558 1452; x_wconf 91' lang='lat' dir='ltr'><strong>tamen</strong></span> <span class='ocrx_word' id='word_1_91' title='bbox 1570 1385 1706 1450; x_wconf 90' lang='lat' dir='ltr'><strong>nomina</strong></span> 
     </span>
    </p>
   </div>
   <div class='ocr_carea' id='block_1_3' title="bbox 340 1462 1840 1573">
    <p class='ocr_par' dir='ltr' id='par_1_4' title="bbox 340 1462 1840 1573">
     <span class='ocr_line' id='line_1_11' title="bbox 340 1462 1840 1573; baseline 0.005 -27"><span class='ocrx_word' id='word_1_92' title='bbox 340 1488 496 1548; x_wconf 89' lang='lat' dir='ltr'><strong>taeentur.</strong></span> <span class='ocrx_word' id='word_1_93' title='bbox 532 1487 648 1568; x_wconf 90' lang='lat' dir='ltr'><strong>quibus</strong></span> <span class='ocrx_word' id='word_1_94' title='bbox 666 1490 845 1556; x_wconf 72' lang='lat' dir='ltr'><strong>enucleatis</strong></span> <span class='ocrx_word' id='word_1_95' title='bbox 867 1489 1015 1573; x_wconf 87' lang='lat' dir='ltr'><strong>singulae</strong></span> <span class='ocrx_word' id='word_1_96' title='bbox 1036 1486 1191 1570; x_wconf 88' lang='lat' dir='ltr'><strong>deinoeps</strong></span> <span class='ocrx_word' id='word_1_97' title='bbox 1210 1484 1429 1570; x_wconf 86' lang='lat' dir='ltr'><strong>Peripatetiea</strong></span> <span class='ocrx_word' id='word_1_98' title='bbox 1450 1487 1600 1554; x_wconf 86' lang='lat' dir='ltr'><strong>doetrina</strong></span> <span class='ocrx_word' id='word_1_99' title='bbox 1621 1487 1707 1554; x_wconf 90' lang='lat' dir='ltr'><strong>refu·</strong></span> <span class='ocrx_word' id='word_1_100' title='bbox 1836 1462 1840 1507; x_wconf 69' lang='lat'>⁵</span> 
     </span>
    </p>
   </div>
   <div class='ocr_carea' id='block_1_4' title="bbox 316 1586 1713 4031">
    <p class='ocr_par' dir='ltr' id='par_1_5' title="bbox 316 1586 1712 4031">
     <span class='ocr_line' id='line_1_12' title="bbox 338 1586 1708 1674; baseline 0.005 -25"><span class='ocrx_word' id='word_1_101' title='bbox 338 1590 457 1650; x_wconf 88' lang='lat' dir='ltr'><strong>tantur.</strong></span> <span class='ocrx_word' id='word_1_102' title='bbox 486 1587 754 1674; x_wconf 88' lang='lat' dir='ltr'><strong>philosophorum</strong></span> <span class='ocrx_word' id='word_1_103' title='bbox 776 1593 908 1658; x_wconf 87' lang='lat' dir='ltr'><strong>deereta</strong></span> <span class='ocrx_word' id='word_1_104' title='bbox 930 1611 971 1658; x_wconf 83' lang='lat' dir='ltr'><strong>ex</strong></span> <span class='ocrx_word' id='word_1_105' title='bbox 989 1587 1185 1673; x_wconf 89' lang='lat' dir='ltr'><strong>Opinionum</strong></span> <span class='ocrx_word' id='word_1_106' title='bbox 1207 1586 1290 1653; x_wconf 93' lang='lat' dir='ltr'><strong>libro</strong></span> <span class='ocrx_word' id='word_1_107' title='bbox 1313 1586 1424 1654; x_wconf 79' lang='lat' dir='ltr'><strong>recisis</strong></span> <span class='ocrx_word' id='word_1_108' title='bbox 1445 1589 1629 1656; x_wconf 90' lang='lat' dir='ltr'><strong>nominibus</strong></span> <span class='ocrx_word' id='word_1_109' title='bbox 1652 1611 1708 1656; x_wconf 85' lang='lat' dir='ltr'><strong>ex-</strong></span> 
     </span>
     <span class='ocr_line' id='line_1_13' title="bbox 336 1688 1708 1776; baseline 0.004 -24"><span class='ocrx_word' id='word_1_110' title='bbox 336 1695 449 1772; x_wconf 88' lang='lat' dir='ltr'><strong>eerpta</strong></span> <span class='ocrx_word' id='word_1_111' title='bbox 463 1689 638 1758; x_wconf 88' lang='lat' dir='ltr'><strong>arbitratus</strong></span> <span class='ocrx_word' id='word_1_112' title='bbox 654 1701 704 1760; x_wconf 90' lang='lat' dir='ltr'><strong>est</strong></span> <span class='ocrx_word' id='word_1_113' title='bbox 720 1694 894 1760; x_wconf 88' lang='lat' dir='ltr'><strong>Usensrus.</strong></span> <span class='ocrx_word' id='word_1_114' title='bbox 938 1699 1036 1776; x_wconf 89' lang='lat' dir='ltr'><strong>atque</strong></span> <span class='ocrx_word' id='word_1_115' title='bbox 1052 1690 1079 1757; x_wconf 92' lang='lat' dir='ltr'><strong>si</strong></span> <span class='ocrx_word' id='word_1_116' title='bbox 1095 1688 1343 1774; x_wconf 89' lang='lat' dir='ltr'><strong>Theophrastea</strong></span> <span class='ocrx_word' id='word_1_117' title='bbox 1364 1711 1442 1758; x_wconf 84' lang='lat' dir='ltr'><strong>vere</strong></span> <span class='ocrx_word' id='word_1_118' title='bbox 1465 1698 1550 1776; x_wconf 89' lang='lat' dir='ltr'><strong>sunt,</strong></span> <span class='ocrx_word' id='word_1_119' title='bbox 1572 1691 1708 1758; x_wconf 86' lang='lat' dir='ltr'><strong>diffinite</strong></span> 
     </span>
     <span class='ocr_line' id='line_1_14' title="bbox 337 1790 1708 1876; baseline 0.003 -20"><span class='ocrx_word' id='word_1_120' title='bbox 337 1790 398 1856; x_wconf 92' lang='lat' dir='ltr'><strong>erit</strong></span> <span class='ocrx_word' id='word_1_121' title='bbox 420 1793 579 1876; x_wconf 83' lang='lat' dir='ltr'><strong>aptiorem</strong></span> <span class='ocrx_word' id='word_1_122' title='bbox 602 1795 707 1862; x_wconf 85' lang='lat' dir='ltr'><strong>locum</strong></span> <span class='ocrx_word' id='word_1_123' title='bbox 729 1796 884 1862; x_wconf 85' lang='lat' dir='ltr'><strong>invenire.</strong></span> <span class='ocrx_word' id='word_1_124' title='bbox 920 1795 979 1862; x_wconf 89' lang='lat' dir='ltr'><strong>sed</strong></span> <span class='ocrx_word' id='word_1_125' title='bbox 1000 1793 1141 1860; x_wconf 79' lang='lat' dir='ltr'><strong>maxima</strong></span> <span class='ocrx_word' id='word_1_126' title='bbox 1164 1793 1239 1860; x_wconf 90' lang='lat' dir='ltr'><strong>huie</strong></span> <span class='ocrx_word' id='word_1_127' title='bbox 1254 1791 1398 1876; x_wconf 92' lang='lat' dir='ltr'><strong>opinioni</strong></span> <span class='ocrx_word' id='word_1_128' title='bbox 1414 1793 1530 1860; x_wconf 84' lang='lat' dir='ltr'><strong>oborta</strong></span> <span class='ocrx_word' id='word_1_129' title='bbox 1552 1801 1603 1860; x_wconf 87' lang='lat' dir='ltr'><strong>est</strong></span> <span class='ocrx_word' id='word_1_130' title='bbox 1623 1794 1708 1860; x_wconf 87' lang='lat' dir='ltr'><strong>diffi-</strong></span> 
     </span>
     <span class='ocr_line' id='line_1_15' title="bbox 339 1893 1708 1980; baseline 0.003 -22"><span class='ocrx_word' id='word_1_131' title='bbox 339 1895 453 1978; x_wconf 91' lang='lat' dir='ltr'><strong>oultas,</strong></span> <span class='ocrx_word' id='word_1_132' title='bbox 476 1903 648 1979; x_wconf 89' lang='lat' dir='ltr'><strong>postquam</strong></span> <span class='ocrx_word' id='word_1_133' title='bbox 662 1899 808 1966; x_wconf 88' lang='lat' dir='ltr'><strong>Zellerus</strong></span> <span class='ocrx_word' id='word_1_134' title='bbox 823 1899 932 1964; x_wconf 91' lang='lat' dir='ltr'><strong>Herm.</strong></span> <span class='ocrx_word' id='word_1_135' title='bbox 948 1897 997 1962; x_wconf 90' lang='lat' dir='ltr'><strong>XI</strong></span> <span class='ocrx_word' id='word_1_136' title='bbox 1010 1897 1075 1964; x_wconf 89' lang='grc'><strong>422</strong></span> <span class='ocrx_word' id='word_1_137' title='bbox 1087 1917 1156 1980; x_wconf 90' lang='lat' dir='ltr'><strong>sqq.</strong></span> <span class='ocrx_word' id='word_1_138' title='bbox 1188 1893 1318 1962; x_wconf 88' lang='lat' dir='ltr'><strong>tertium</strong></span> <span class='ocrx_word' id='word_1_139' title='bbox 1335 1901 1368 1960; x_wconf 87' lang='lat' dir='ltr'><strong>et</strong></span> <span class='ocrx_word' id='word_1_140' title='bbox 1390 1903 1539 1980; x_wconf 87' lang='lat' dir='ltr'><strong>quartum</strong></span> <span class='ocrx_word' id='word_1_141' title='bbox 1555 1895 1708 1964; x_wconf 92' lang='lat' dir='ltr'><strong>Philonis</strong></span> 
     </span>
     <span class='ocr_line' id='line_1_16' title="bbox 336 1995 1709 2083; baseline 0.004 -23"><span class='ocrx_word' id='word_1_142' title='bbox 336 1995 501 2062; x_wconf 90' lang='lat' dir='ltr'><strong>deoretum</strong></span> <span class='ocrx_word' id='word_1_143' title='bbox 535 1999 719 2068; x_wconf 89' lang='lat' dir='ltr'><strong>Stoioorum</strong></span> <span class='ocrx_word' id='word_1_144' title='bbox 753 2019 826 2068; x_wconf 88' lang='lat' dir='ltr'><strong>esse</strong></span> <span class='ocrx_word' id='word_1_145' title='bbox 858 1999 985 2066; x_wconf 88' lang='lat' dir='ltr'><strong>inviotis</strong></span> <span class='ocrx_word' id='word_1_146' title='bbox 1018 1997 1198 2064; x_wconf 89' lang='lat' dir='ltr'><strong>rationibus</strong></span> <span class='ocrx_word' id='word_1_147' title='bbox 1231 1995 1476 2064; x_wconf 89' lang='lat' dir='ltr'><strong>demonstravit.</strong></span> <span class='ocrx_word' id='word_1_148' title='bbox 1500 1998 1511 2030; x_wconf 82' lang='lat'>²</span> <span class='ocrx_word' id='word_1_149' title='bbox 1535 2019 1637 2083; x_wconf 64' lang='lat' dir='ltr'><strong>rergo</strong></span> <span class='ocrx_word' id='word_1_150' title='bbox 1671 1999 1709 2065; x_wconf 91' lang='lat' dir='ltr'><strong>in</strong></span> 
     </span>
     <span class='ocr_line' id='line_1_17' title="bbox 337 2096 1709 2186; baseline 0.004 -22"><span class='ocrx_word' id='word_1_151' title='bbox 337 2096 550 2181; x_wconf 82' lang='lat' dir='ltr'><strong>Opinionibns</strong></span> <span class='ocrx_word' id='word_1_152' title='bbox 576 2123 618 2170; x_wconf 91' lang='lat' dir='ltr'><strong>ne</strong></span> <span class='ocrx_word' id='word_1_153' title='bbox 640 2111 707 2170; x_wconf 89' lang='lat' dir='ltr'><strong>tum</strong></span> <span class='ocrx_word' id='word_1_154' title='bbox 730 2103 861 2186; x_wconf 89' lang='lat' dir='ltr'><strong>quidem</strong></span> <span class='ocrx_word' id='word_1_155' title='bbox 886 2102 912 2168; x_wconf 90' lang='lat' dir='ltr'><strong>si</strong></span> <span class='ocrx_word' id='word_1_156' title='bbox 936 2101 1091 2166; x_wconf 85' lang='lat' dir='ltr'><strong>Zenones</strong></span> <span class='ocrx_word' id='word_1_157' title='bbox 1116 2099 1174 2165; x_wconf 90' lang='lat' dir='ltr'><strong>illa</strong></span> <span class='ocrx_word' id='word_1_158' title='bbox 1195 2097 1307 2183; x_wconf 91' lang='lat' dir='ltr'><strong>opinio</strong></span> <span class='ocrx_word' id='word_1_159' title='bbox 1328 2098 1405 2184; x_wconf 91' lang='lat' dir='ltr'><strong>fuit,</strong></span> <span class='ocrx_word' id='word_1_160' title='bbox 1429 2100 1564 2168; x_wconf 82' lang='lat' dir='ltr'><strong>infuisse</strong></span> <span class='ocrx_word' id='word_1_161' title='bbox 1585 2109 1709 2186; x_wconf 87' lang='lat' dir='ltr'><strong>potest,</strong></span> 
     </span>
     <span class='ocr_line' id='line_1_18' title="bbox 336 2200 1712 2284; baseline 0.004 -20"><span class='ocrx_word' id='word_1_162' title='bbox 336 2201 413 2282; x_wconf 88' lang='lat' dir='ltr'><strong>qnia</strong></span> <span class='ocrx_word' id='word_1_163' title='bbox 434 2221 500 2267; x_wconf 90' lang='lat' dir='ltr'><strong>non</strong></span> <span class='ocrx_word' id='word_1_164' title='bbox 517 2205 606 2270; x_wconf 89' lang='lat' dir='ltr'><strong>ultra</strong></span> <span class='ocrx_word' id='word_1_165' title='bbox 619 2207 791 2272; x_wconf 88' lang='lat' dir='ltr'><strong>Platonem</strong></span> <span class='ocrx_word' id='word_1_166' title='bbox 816 2205 989 2270; x_wconf 84' lang='lat' dir='ltr'><strong>desursum</strong></span> <span class='ocrx_word' id='word_1_167' title='bbox 1012 2223 1085 2270; x_wconf 91' lang='lat' dir='ltr'><strong>esse</strong></span> <span class='ocrx_word' id='word_1_168' title='bbox 1108 2207 1141 2268; x_wconf 92' lang='lat' dir='ltr'><strong>et</strong></span> <span class='ocrx_word' id='word_1_169' title='bbox 1159 2201 1233 2268; x_wconf 91' lang='lat' dir='ltr'><strong>aliis</strong></span> <span class='ocrx_word' id='word_1_170' title='bbox 1248 2200 1439 2284; x_wconf 79' lang='lat' dir='ltr'><strong>fragmentis</strong></span> <span class='ocrx_word' id='word_1_171' title='bbox 1454 2209 1487 2269; x_wconf 91' lang='lat' dir='ltr'><strong>et</strong></span> <span class='ocrx_word' id='word_1_172' title='bbox 1501 2203 1543 2270; x_wconf 92' lang='lat' dir='ltr'><strong>de</strong></span> <span class='ocrx_word' id='word_1_173' title='bbox 1557 2204 1712 2270; x_wconf 85' lang='lat' dir='ltr'><strong>sensibus</strong></span> 
     </span>
     <span class='ocr_line' id='line_1_19' title="bbox 316 2301 1710 2393; baseline 0.005 -26"><span class='ocrx_word' id='word_1_174' title='bbox 316 2302 418 2384; x_wconf 64' lang='lat' dir='ltr'><strong>ulibro</strong></span> <span class='ocrx_word' id='word_1_175' title='bbox 440 2305 608 2388; x_wconf 87' lang='lat' dir='ltr'><strong>probabile</strong></span> <span class='ocrx_word' id='word_1_176' title='bbox 624 2308 779 2374; x_wconf 87' lang='lat' dir='ltr'><strong>redditur.</strong></span> <span class='ocrx_word' id='word_1_177' title='bbox 811 2307 869 2374; x_wconf 89' lang='lat' dir='ltr'><strong>sed</strong></span> <span class='ocrx_word' id='word_1_178' title='bbox 885 2306 969 2372; x_wconf 91' lang='lat' dir='ltr'><strong>hane</strong></span> <span class='ocrx_word' id='word_1_179' title='bbox 989 2305 1120 2388; x_wconf 91' lang='lat' dir='ltr'><strong>quidem</strong></span> <span class='ocrx_word' id='word_1_180' title='bbox 1136 2301 1274 2372; x_wconf 90' lang='lat' dir='ltr'><strong>Useneri</strong></span> <span class='ocrx_word' id='word_1_181' title='bbox 1296 2303 1514 2372; x_wconf 88' lang='lat' dir='ltr'><strong>oonieeturam</strong></span> <span class='ocrx_word' id='word_1_182' title='bbox 1536 2308 1710 2393; x_wconf 84' lang='lat' dir='ltr'><strong>paulisper</strong></span> 
     </span>
     <span class='ocr_line' id='line_1_20' title="bbox 335 2404 1703 2492; baseline 0.004 -21"><span class='ocrx_word' id='word_1_183' title='bbox 335 2425 540 2490; x_wconf 84' lang='lat' dir='ltr'><strong>seponamus.</strong></span> <span class='ocrx_word' id='word_1_184' title='bbox 573 2428 636 2491; x_wconf 91' lang='lat' dir='ltr'><strong>age</strong></span> <span class='ocrx_word' id='word_1_185' title='bbox 658 2409 827 2476; x_wconf 90' lang='lat' dir='ltr'><strong>videamus</strong></span> <span class='ocrx_word' id='word_1_186' title='bbox 846 2409 887 2475; x_wconf 92' lang='lat' dir='ltr'><strong>de</strong></span> <span class='ocrx_word' id='word_1_187' title='bbox 901 2407 1042 2475; x_wconf 87' lang='lat' dir='ltr'><strong>Zenonis</strong></span> <span class='ocrx_word' id='word_1_188' title='bbox 1064 2415 1097 2474; x_wconf 88' lang='lat' dir='ltr'><strong>et</strong></span> <span class='ocrx_word' id='word_1_189' title='bbox 1112 2404 1328 2490; x_wconf 84' lang='lat' dir='ltr'><strong>Theophrasti</strong></span> <span class='ocrx_word' id='word_1_190' title='bbox 1347 2407 1414 2491; x_wconf 88' lang='lat' dir='ltr'><strong>lite,</strong></span> <span class='ocrx_word' id='word_1_191' title='bbox 1438 2427 1534 2492; x_wconf 90' lang='lat' dir='ltr'><strong>quam</strong></span> <span class='ocrx_word' id='word_1_192' title='bbox 1551 2409 1703 2476; x_wconf 89' lang='lat' dir='ltr'><strong>Zellerus</strong></span> 
     </span>
     <span class='ocr_line' id='line_1_21' title="bbox 335 2507 1706 2597; baseline 0.004 -25"><span class='ocrx_word' id='word_1_193' title='bbox 335 2507 420 2574; x_wconf 92' lang='lat' dir='ltr'><strong>sibi</strong></span> <span class='ocrx_word' id='word_1_194' title='bbox 411 2511 576 2578; x_wconf 79' lang='lat' dir='ltr'><strong>invenisse</strong></span> <span class='ocrx_word' id='word_1_195' title='bbox 591 2511 680 2578; x_wconf 89' lang='lat' dir='ltr'><strong>visus</strong></span> <span class='ocrx_word' id='word_1_196' title='bbox 695 2519 754 2579; x_wconf 89' lang='lat' dir='ltr'><strong>est.</strong></span> <span class='ocrx_word' id='word_1_197' title='bbox 777 2513 914 2597; x_wconf 89' lang='lat' dir='ltr'><strong>primum</strong></span> <span class='ocrx_word' id='word_1_198' title='bbox 930 2529 1046 2577; x_wconf 90' lang='lat' dir='ltr'><strong>moneo</strong></span> <span class='ocrx_word' id='word_1_199' title='bbox 1061 2510 1095 2574; x_wconf 93' lang='lat' dir='ltr'><strong>in</strong></span> <span class='ocrx_word' id='word_1_200' title='bbox 1110 2509 1297 2576; x_wconf 87' lang='lat' dir='ltr'><strong>eonieotnra</strong></span> <span class='ocrx_word' id='word_1_201' title='bbox 1310 2510 1450 2593; x_wconf 89' lang='lat' dir='ltr'><strong>positam</strong></span> <span class='ocrx_word' id='word_1_202' title='bbox 1466 2531 1539 2578; x_wconf 90' lang='lat' dir='ltr'><strong>esse</strong></span> <span class='ocrx_word' id='word_1_203' title='bbox 1559 2512 1706 2578; x_wconf 87' lang='lat' dir='ltr'><strong>Zenonis</strong></span> 
     </span>
     <span class='ocr_line' id='line_1_22' title="bbox 335 2611 1703 2696; baseline 0.003 -20"><span class='ocrx_word' id='word_1_204' title='bbox 335 2612 572 2680; x_wconf 88' lang='lat' dir='ltr'><strong>auetoritatem.</strong></span> <span class='ocrx_word' id='word_1_205' title='bbox 605 2635 680 2682; x_wconf 90' lang='lat' dir='ltr'><strong>nam</strong></span> <span class='ocrx_word' id='word_1_206' title='bbox 704 2615 850 2682; x_wconf 88' lang='lat' dir='ltr'><strong>Philonis</strong></span> <span class='ocrx_word' id='word_1_207' title='bbox 878 2611 1095 2680; x_wconf 89' lang='lat' dir='ltr'><strong>testimonium</strong></span> <span class='ocrx_word' id='word_1_208' title='bbox 1121 2611 1163 2678; x_wconf 87' lang='lat' dir='ltr'><strong>de</strong></span> <span class='ocrx_word' id='word_1_209' title='bbox 1185 2612 1343 2696; x_wconf 86' lang='lat' dir='ltr'><strong>providl</strong></span> <span class='ocrx_word' id='word_1_210' title='bbox 1365 2633 1397 2696; x_wconf 91' lang='lat' dir='ltr'><strong>p.</strong></span> <span class='ocrx_word' id='word_1_211' title='bbox 1415 2615 1455 2679; x_wconf 90' lang='grc'><strong>12</strong></span> <span class='ocrx_word' id='word_1_212' title='bbox 1471 2613 1571 2680; x_wconf 85' lang='lat' dir='ltr'><strong>Auch.</strong></span> <span class='ocrx_word' id='word_1_213' title='bbox 1602 2613 1703 2680; x_wconf 90' lang='lat' dir='ltr'><strong>inter·</strong></span> 
     </span>
     <span class='ocr_line' id='line_1_23' title="bbox 336 2713 1703 2801; baseline 0.003 -23"><span class='ocrx_word' id='word_1_214' title='bbox 336 2715 481 2796; x_wconf 91' lang='lat' dir='ltr'><strong>polatum</strong></span> <span class='ocrx_word' id='word_1_215' title='bbox 503 2735 602 2800; x_wconf 91' lang='lat' dir='ltr'><strong>supra</strong></span> <span class='ocrx_word' id='word_1_216' title='bbox 622 2718 704 2784; x_wconf 83' lang='lat' dir='ltr'><strong>srioi</strong></span> <span class='ocrx_word' id='word_1_217' title='bbox 727 2736 832 2801; x_wconf 91' lang='lat' dir='ltr'><strong>neque</strong></span> <span class='ocrx_word' id='word_1_218' title='bbox 854 2735 875 2780; x_wconf 95' lang='lat' dir='ltr'><strong>a</strong></span> <span class='ocrx_word' id='word_1_219' title='bbox 896 2715 1023 2782; x_wconf 90' lang='lat' dir='ltr'><strong>Zellero</strong></span> <span class='ocrx_word' id='word_1_220' title='bbox 1046 2713 1117 2798; x_wconf 90' lang='lat' dir='ltr'><strong>ipso</strong></span> <span class='ocrx_word' id='word_1_221' title='bbox 1139 2713 1173 2778; x_wconf 91' lang='lat' dir='ltr'><strong>in</strong></span> <span class='ocrx_word' id='word_1_222' title='bbox 1197 2734 1334 2782; x_wconf 84' lang='lat' dir='ltr'><strong>examen</strong></span> <span class='ocrx_word' id='word_1_223' title='bbox 1361 2723 1512 2782; x_wconf 83' lang='lat' dir='ltr'><strong>voeatum</strong></span> <span class='ocrx_word' id='word_1_224' title='bbox 1535 2723 1595 2784; x_wconf 92' lang='lat' dir='ltr'><strong>est.</strong></span> <span class='ocrx_word' id='word_1_225' title='bbox 1639 2717 1703 2782; x_wconf 92' lang='lat' dir='ltr'><strong>sed</strong></span> 
     </span>
     <span class='ocr_line' id='line_1_24' title="bbox 336 2814 1702 2902; baseline 0.002 -21"><span class='ocrx_word' id='word_1_226' title='bbox 336 2814 388 2882; x_wconf 87' lang='lat' dir='ltr'><strong>fae</strong></span> <span class='ocrx_word' id='word_1_227' title='bbox 402 2815 566 2884; x_wconf 87' lang='lat' dir='ltr'><strong>Zenonem</strong></span> <span class='ocrx_word' id='word_1_228' title='bbox 590 2819 750 2902; x_wconf 89' lang='lat' dir='ltr'><strong>opinionis</strong></span> <span class='ocrx_word' id='word_1_229' title='bbox 772 2827 946 2886; x_wconf 82' lang='lat' dir='ltr'><strong>suetorum.</strong></span> <span class='ocrx_word' id='word_1_230' title='bbox 982 2815 1284 2900; x_wconf 89' lang='lat' dir='ltr'><strong>Theophrastumne</strong></span> <span class='ocrx_word' id='word_1_231' title='bbox 1299 2816 1467 2902; x_wconf 85' lang='lat' dir='ltr'><strong>probabile</strong></span> <span class='ocrx_word' id='word_1_232' title='bbox 1489 2825 1539 2886; x_wconf 88' lang='lat' dir='ltr'><strong>est</strong></span> <span class='ocrx_word' id='word_1_233' title='bbox 1553 2817 1702 2884; x_wconf 87' lang='lat' dir='ltr'><strong>Stoieum</strong></span> 
     </span>
     <span class='ocr_line' id='line_1_25' title="bbox 336 2917 1703 3006; baseline 0.004 -24"><span class='ocrx_word' id='word_1_234' title='bbox 336 2917 368 2982; x_wconf 90' lang='lat' dir='ltr'><strong>in</strong></span> <span class='ocrx_word' id='word_1_235' title='bbox 392 2918 543 3003; x_wconf 92' lang='lat' dir='ltr'><strong>quopiam</strong></span> <span class='ocrx_word' id='word_1_236' title='bbox 566 2920 648 2986; x_wconf 90' lang='lat' dir='ltr'><strong>libro</strong></span> <span class='ocrx_word' id='word_1_237' title='bbox 671 2922 809 2990; x_wconf 76' lang='lat' dir='ltr'><strong>citasse?</strong></span> <span class='ocrx_word' id='word_1_238' title='bbox 835 2928 1015 3005; x_wconf 88' lang='lat' dir='ltr'><strong>temporum</strong></span> <span class='ocrx_word' id='word_1_239' title='bbox 1038 2919 1182 2986; x_wconf 89' lang='lat' dir='ltr'><strong>rationes</strong></span> <span class='ocrx_word' id='word_1_240' title='bbox 1196 2939 1262 2986; x_wconf 92' lang='lat' dir='ltr'><strong>non</strong></span> <span class='ocrx_word' id='word_1_241' title='bbox 1277 2920 1422 3006; x_wconf 84' lang='lat' dir='ltr'><strong>afferam,</strong></span> <span class='ocrx_word' id='word_1_242' title='bbox 1444 2941 1529 3005; x_wconf 89' lang='lat' dir='ltr'><strong>quas</strong></span> <span class='ocrx_word' id='word_1_243' title='bbox 1544 2922 1604 2988; x_wconf 91' lang='lat' dir='ltr'><strong>etsi</strong></span> <span class='ocrx_word' id='word_1_244' title='bbox 1619 2943 1703 2988; x_wconf 92' lang='lat' dir='ltr'><strong>non-</strong></span> 
     </span>
     <span class='ocr_line' id='line_1_26' title="bbox 336 3021 1706 3110; baseline 0.004 -25"><span class='ocrx_word' id='word_1_245' title='bbox 336 3021 412 3086; x_wconf 92' lang='lat' dir='ltr'><strong>dum</strong></span> <span class='ocrx_word' id='word_1_246' title='bbox 440 3027 515 3086; x_wconf 91' lang='lat' dir='ltr'><strong>sunt</strong></span> <span class='ocrx_word' id='word_1_247' title='bbox 540 3029 691 3088; x_wconf 87' lang='lat' dir='ltr'><strong>aeeurate</strong></span> <span class='ocrx_word' id='word_1_248' title='bbox 723 3023 906 3108; x_wconf 85' lang='lat' dir='ltr'><strong>explieetae</strong></span> <span class='ocrx_word' id='word_1_249' title='bbox 932 3029 1041 3088; x_wconf 86' lang='lat' dir='ltr'><strong>tamen</strong></span> <span class='ocrx_word' id='word_1_250' title='bbox 1070 3021 1302 3106; x_wconf 86' lang='lat' dir='ltr'><strong>impedimento</strong></span> <span class='ocrx_word' id='word_1_251' title='bbox 1331 3044 1404 3090; x_wconf 91' lang='lat' dir='ltr'><strong>esse</strong></span> <span class='ocrx_word' id='word_1_252' title='bbox 1437 3045 1503 3092; x_wconf 91' lang='lat' dir='ltr'><strong>non</strong></span> <span class='ocrx_word' id='word_1_253' title='bbox 1530 3025 1706 3110; x_wconf 80' lang='lat' dir='ltr'><strong>possunt.⁸</strong></span> 
     </span>
     <span class='ocr_line' id='line_1_27' title="bbox 336 3123 1702 3209; baseline 0.002 -19"><span class='ocrx_word' id='word_1_254' title='bbox 336 3123 395 3190; x_wconf 90' lang='lat' dir='ltr'><strong>sed</strong></span> <span class='ocrx_word' id='word_1_255' title='bbox 417 3123 682 3208; x_wconf 90' lang='lat' dir='ltr'><strong>philosophorum</strong></span> <span class='ocrx_word' id='word_1_256' title='bbox 706 3125 930 3192; x_wconf 79' lang='lat' dir='ltr'><strong>commertium</strong></span> <span class='ocrx_word' id='word_1_257' title='bbox 952 3145 1019 3190; x_wconf 91' lang='lat' dir='ltr'><strong>non</strong></span> <span class='ocrx_word' id='word_1_258' title='bbox 1038 3145 1078 3192; x_wconf 84' lang='lat' dir='ltr'><strong>ex</strong></span> <span class='ocrx_word' id='word_1_259' title='bbox 1094 3124 1173 3190; x_wconf 90' lang='lat' dir='ltr'><strong>solis</strong></span> <span class='ocrx_word' id='word_1_260' title='bbox 1188 3125 1343 3209; x_wconf 89' lang='lat' dir='ltr'><strong>temporis</strong></span> <span class='ocrx_word' id='word_1_261' title='bbox 1358 3127 1601 3194; x_wconf 86' lang='lat' dir='ltr'><strong>eondioionibns</strong></span> <span class='ocrx_word' id='word_1_262' title='bbox 1622 3147 1702 3194; x_wconf 89' lang='lat' dir='ltr'><strong>eon·</strong></span> 
     </span>
     <span class='ocr_line' id='line_1_28' title="bbox 337 3225 1706 3313; baseline 0.004 -23"><span class='ocrx_word' id='word_1_263' title='bbox 337 3225 533 3294; x_wconf 82' lang='lat' dir='ltr'><strong>stituendnm</strong></span> <span class='ocrx_word' id='word_1_264' title='bbox 555 3233 613 3293; x_wconf 91' lang='lat' dir='ltr'><strong>est.</strong></span> <span class='ocrx_word' id='word_1_265' title='bbox 647 3227 741 3293; x_wconf 88' lang='lat' dir='ltr'><strong>alitor</strong></span> <span class='ocrx_word' id='word_1_266' title='bbox 756 3226 881 3293; x_wconf 88' lang='lat' dir='ltr'><strong>mireris</strong></span> <span class='ocrx_word' id='word_1_267' title='bbox 896 3227 1072 3292; x_wconf 86' lang='lat' dir='ltr'><strong>Demoeriti</strong></span> <span class='ocrx_word' id='word_1_268' title='bbox 1088 3247 1109 3294; x_wconf 91' lang='lat' dir='ltr'><strong>a</strong></span> <span class='ocrx_word' id='word_1_269' title='bbox 1124 3229 1272 3313; x_wconf 89' lang='lat' dir='ltr'><strong>Platone,</strong></span> <span class='ocrx_word' id='word_1_270' title='bbox 1291 3228 1449 3312; x_wconf 83' lang='lat' dir='ltr'><strong>Aristippi</strong></span> <span class='ocrx_word' id='word_1_271' title='bbox 1467 3228 1510 3294; x_wconf 93' lang='lat' dir='ltr'><strong>ab</strong></span> <span class='ocrx_word' id='word_1_272' title='bbox 1523 3228 1706 3296; x_wconf 85' lang='lat' dir='ltr'><strong>Aristotele</strong></span> 
     </span>
     <span class='ocr_line' id='line_1_29' title="bbox 333 3327 1709 3424; baseline 0.002 -30.029"><span class='ocrx_word' id='word_1_273' title='bbox 333 3327 401 3394; x_wconf 91' lang='lat' dir='ltr'><strong>fere</strong></span> <span class='ocrx_word' id='word_1_274' title='bbox 417 3329 599 3424; x_wconf 51' lang='lat' dir='ltr'><strong>aneetam</strong></span> <span class='ocrx_word' id='word_1_275' title='bbox 614 3329 657 3395; x_wconf 93' lang='lat' dir='ltr'><strong>do</strong></span> <span class='ocrx_word' id='word_1_276' title='bbox 666 3329 812 3396; x_wconf 83' lang='lat' dir='ltr'><strong>utrinam.</strong></span> <span class='ocrx_word' id='word_1_277' title='bbox 852 3349 933 3412; x_wconf 91' lang='lat' dir='ltr'><strong>quos</strong></span> <span class='ocrx_word' id='word_1_278' title='bbox 947 3336 1086 3413; x_wconf 87' lang='lat' dir='ltr'><strong>apparet</strong></span> <span class='ocrx_word' id='word_1_279' title='bbox 1101 3329 1222 3396; x_wconf 88' lang='lat' dir='ltr'><strong>fastidii</strong></span> <span class='ocrx_word' id='word_1_280' title='bbox 1237 3330 1339 3398; x_wconf 88' lang='lat' dir='ltr'><strong>fuisse</strong></span> <span class='ocrx_word' id='word_1_281' title='bbox 1353 3330 1586 3398; x_wconf 89' lang='lat' dir='ltr'><strong>delioatissimi.</strong></span> <span class='ocrx_word' id='word_1_282' title='bbox 1625 3331 1709 3415; x_wconf 88' lang='lat' dir='ltr'><strong>quid</strong></span> 
     </span>
     <span class='ocr_line' id='line_1_30' title="bbox 336 3430 1713 3548; baseline 0.002 -52"><span class='ocrx_word' id='word_1_283' title='bbox 336 3431 433 3548; x_wconf 82' lang='lat' dir='ltr'><strong>igitur</strong></span> <span class='ocrx_word' id='word_1_284' title='bbox 447 3431 536 3498; x_wconf 90' lang='lat' dir='ltr'><strong>Zeno</strong></span> <span class='ocrx_word' id='word_1_285' title='bbox 560 3451 632 3496; x_wconf 91' lang='lat' dir='ltr'><strong>eum</strong></span> <span class='ocrx_word' id='word_1_286' title='bbox 649 3431 887 3516; x_wconf 83' lang='lat' dir='ltr'><strong>Theophrasto,</strong></span> <span class='ocrx_word' id='word_1_287' title='bbox 910 3430 1050 3498; x_wconf 79' lang='lat' dir='ltr'><strong>Cratetis</strong></span> <span class='ocrx_word' id='word_1_288' title='bbox 1072 3431 1168 3498; x_wconf 92' lang='lat' dir='ltr'><strong>modo</strong></span> <span class='ocrx_word' id='word_1_289' title='bbox 1191 3431 1368 3516; x_wconf 88' lang='lat' dir='ltr'><strong>diseipulus</strong></span> <span class='ocrx_word' id='word_1_290' title='bbox 1392 3453 1464 3499; x_wconf 91' lang='lat' dir='ltr'><strong>enm</strong></span> <span class='ocrx_word' id='word_1_291' title='bbox 1486 3453 1527 3499; x_wconf 89' lang='lat' dir='ltr'><strong>eo</strong></span> <span class='ocrx_word' id='word_1_292' title='bbox 1549 3453 1644 3516; x_wconf 90' lang='lat' dir='ltr'><strong>quem</strong></span> <span class='ocrx_word' id='word_1_293' title='bbox 1659 3433 1713 3499; x_wconf 90' lang='lat' dir='ltr'><strong>in·</strong></span> 
     </span>
     <span class='ocr_line' id='line_1_31' title="bbox 337 3532 1710 3622; baseline 0.003 -24"><span class='ocrx_word' id='word_1_294' title='bbox 337 3533 419 3616; x_wconf 90' lang='lat' dir='ltr'><strong>signi</strong></span> <span class='ocrx_word' id='word_1_295' title='bbox 446 3533 587 3618; x_wconf 89' lang='lat' dir='ltr'><strong>quodam</strong></span> <span class='ocrx_word' id='word_1_296' title='bbox 614 3534 727 3618; x_wconf 88' lang='lat' dir='ltr'><strong>lepore</strong></span> <span class='ocrx_word' id='word_1_297' title='bbox 749 3533 862 3600; x_wconf 91' lang='lat' dir='ltr'><strong>fabula</strong></span> <span class='ocrx_word' id='word_1_298' title='bbox 885 3533 998 3618; x_wconf 86' lang='lat' dir='ltr'><strong>eynieo</strong></span> <span class='ocrx_word' id='word_1_299' title='bbox 1031 3533 1182 3617; x_wconf 88' lang='lat' dir='ltr'><strong>opposuit</strong></span> <span class='ocrx_word' id='word_1_300' title='bbox 1207 3532 1314 3621; x_wconf 89' lang='lat' dir='ltr'><strong>[Diog.</strong></span> <span class='ocrx_word' id='word_1_301' title='bbox 1337 3536 1382 3601; x_wconf 93' lang='lat' dir='ltr'><strong>VI</strong></span> <span class='ocrx_word' id='word_1_302' title='bbox 1404 3533 1480 3622; x_wconf 79' lang='lat'>90]?</span> <span class='ocrx_word' id='word_1_303' title='bbox 1512 3553 1588 3600; x_wconf 91' lang='lat' dir='ltr'><strong>nam</strong></span> <span class='ocrx_word' id='word_1_304' title='bbox 1616 3537 1710 3618; x_wconf 91' lang='lat' dir='ltr'><strong>quod</strong></span> 
     </span>
     <span class='ocr_line' id='line_1_32' title="bbox 338 3635 1708 3722; baseline 0.003 -22"><span class='ocrx_word' id='word_1_305' title='bbox 338 3635 500 3717; x_wconf 85' lang='lat' dir='ltr'><strong>sagaeiter</strong></span> <span class='ocrx_word' id='word_1_306' title='bbox 529 3635 675 3703; x_wconf 87' lang='lat' dir='ltr'><strong>defendit</strong></span> <span class='ocrx_word' id='word_1_307' title='bbox 702 3637 848 3704; x_wconf 86' lang='lat' dir='ltr'><strong>Zellerus</strong></span> <span class='ocrx_word' id='word_1_308' title='bbox 871 3657 902 3720; x_wconf 93' lang='lat' dir='ltr'><strong>p.</strong></span> <span class='ocrx_word' id='word_1_309' title='bbox 917 3637 981 3702; x_wconf 88' lang='grc'><strong>428</strong></span> <span class='ocrx_word' id='word_1_310' title='bbox 1009 3655 1128 3702; x_wconf 90' lang='lat' dir='ltr'><strong>nomen</strong></span> <span class='ocrx_word' id='word_1_311' title='bbox 1154 3656 1228 3704; x_wconf 86' lang='lat' dir='ltr'><strong>esee</strong></span> <span class='ocrx_word' id='word_1_312' title='bbox 1252 3656 1274 3702; x_wconf 92' lang='lat' dir='ltr'><strong>a</strong></span> <span class='ocrx_word' id='word_1_313' title='bbox 1295 3637 1522 3722; x_wconf 87' lang='lat' dir='ltr'><strong>Theophrasto</strong></span> <span class='ocrx_word' id='word_1_314' title='bbox 1548 3637 1708 3704; x_wconf 87' lang='lat' dir='ltr'><strong>omissum</strong></span> 
     </span>
     <span class='ocr_line' id='line_1_33' title="bbox 336 3738 1710 3824; baseline 0.003 -23"><span class='ocrx_word' id='word_1_315' title='bbox 336 3757 430 3821; x_wconf 81' lang='lat' dir='ltr'><strong>qnasi</strong></span> <span class='ocrx_word' id='word_1_316' title='bbox 421 3738 574 3820; x_wconf 89' lang='lat' dir='ltr'><strong>oollega</strong></span> <span class='ocrx_word' id='word_1_317' title='bbox 589 3739 747 3821; x_wconf 89' lang='lat' dir='ltr'><strong>oollsgsm</strong></span> <span class='ocrx_word' id='word_1_318' title='bbox 763 3738 976 3806; x_wconf 90' lang='lat' dir='ltr'><strong>nominatim</strong></span> <span class='ocrx_word' id='word_1_319' title='bbox 968 3758 1160 3823; x_wconf 89' lang='lat' dir='ltr'><strong>rmpugnare</strong></span> <span class='ocrx_word' id='word_1_320' title='bbox 1175 3741 1458 3824; x_wconf 81' lang='lat' dir='ltr'><strong>verecundaretur,</strong></span> <span class='ocrx_word' id='word_1_321' title='bbox 1474 3739 1508 3806; x_wconf 92' lang='lat' dir='ltr'><strong>id</strong></span> <span class='ocrx_word' id='word_1_322' title='bbox 1518 3738 1710 3806; x_wconf 85' lang='lat' dir='ltr'><strong>Aristotelis</strong></span> 
     </span>
     <span class='ocr_line' id='line_1_34' title="bbox 337 3838 1709 3926; baseline 0.002 -21"><span class='ocrx_word' id='word_1_323' title='bbox 337 3841 486 3922; x_wconf 84' lang='lat' dir='ltr'><strong>exemplo</strong></span> <span class='ocrx_word' id='word_1_324' title='bbox 502 3838 681 3906; x_wconf 89' lang='lat' dir='ltr'><strong>doetrinam</strong></span> <span class='ocrx_word' id='word_1_325' title='bbox 696 3840 889 3908; x_wconf 81' lang='lat' dir='ltr'><strong>Xenocratis</strong></span> <span class='ocrx_word' id='word_1_326' title='bbox 905 3840 1045 3926; x_wconf 88' lang='lat' dir='ltr'><strong>saepius,</strong></span> <span class='ocrx_word' id='word_1_327' title='bbox 1062 3861 1180 3908; x_wconf 92' lang='lat' dir='ltr'><strong>nomen</strong></span> <span class='ocrx_word' id='word_1_328' title='bbox 1194 3861 1368 3925; x_wconf 89' lang='lat' dir='ltr'><strong>numquam</strong></span> <span class='ocrx_word' id='word_1_329' title='bbox 1384 3841 1452 3908; x_wconf 90' lang='lat' dir='ltr'><strong>fere</strong></span> <span class='ocrx_word' id='word_1_330' title='bbox 1468 3841 1633 3908; x_wconf 83' lang='lat' dir='ltr'><strong>afferentis</strong></span> <span class='ocrx_word' id='word_1_331' title='bbox 1649 3861 1709 3926; x_wconf 88' lang='lat' dir='ltr'><strong>pa-</strong></span> 
     </span>
     <span class='ocr_line' id='line_1_35' title="bbox 336 3940 1710 4031; baseline 0.004 -25"><span class='ocrx_word' id='word_1_332' title='bbox 336 3963 405 4007; x_wconf 93' lang='lat' dir='ltr'><strong>rum</strong></span> <span class='ocrx_word' id='word_1_333' title='bbox 417 3940 567 4008; x_wconf 89' lang='lat' dir='ltr'><strong>munitur.</strong></span> <span class='ocrx_word' id='word_1_334' title='bbox 591 3941 636 4006; x_wconf 88' lang='lat' dir='ltr'><strong>illi</strong></span> <span class='ocrx_word' id='word_1_335' title='bbox 650 3941 734 4006; x_wconf 90' lang='lat' dir='ltr'><strong>enim</strong></span> <span class='ocrx_word' id='word_1_336' title='bbox 747 3943 800 4026; x_wconf 89' lang='lat' dir='ltr'><strong>qui</strong></span> <span class='ocrx_word' id='word_1_337' title='bbox 813 3942 1007 4027; x_wconf 85' lang='lat' dir='ltr'><strong>aliquotiens</strong></span> <span class='ocrx_word' id='word_1_338' title='bbox 1020 3963 1056 4010; x_wconf 84' lang='lat' dir='ltr'><strong>se</strong></span> <span class='ocrx_word' id='word_1_339' title='bbox 1067 3942 1172 4027; x_wconf 85' lang='lat' dir='ltr'><strong>ipsum</strong></span> <span class='ocrx_word' id='word_1_340' title='bbox 1183 3943 1361 4010; x_wconf 89' lang='lat' dir='ltr'><strong>Platonieis</strong></span> <span class='ocrx_word' id='word_1_341' title='bbox 1376 3943 1569 4012; x_wconf 85' lang='lat' dir='ltr'><strong>adnumerat</strong></span> <span class='ocrx_word' id='word_1_342' title='bbox 1580 3942 1631 4031; x_wconf 85' lang='lat' dir='ltr'><strong>[ef.</strong></span> <span class='ocrx_word' id='word_1_343' title='bbox 1644 3944 1710 4012; x_wconf 86' lang='lat' dir='ltr'><strong>Bo-</strong></span> 
     </span>
    </p>
   </div>
   <div class='ocr_carea' id='block_1_5' title="bbox 335 4195 1710 5060">
    <p class='ocr_par' dir='ltr' id='par_1_6' title="bbox 335 4195 1710 4526">
     <span class='ocr_line' id='line_1_36' title="bbox 409 4195 1707 4266; baseline 0.003 -20"><span class='ocrx_word' id='word_1_344' title='bbox 409 4195 415 4226; x_wconf 89' lang='lat'>¹</span> <span class='ocrx_word' id='word_1_345' title='bbox 443 4213 508 4261; x_wconf 85' lang='lat' dir='ltr'><strong>qnae</strong></span> <span class='ocrx_word' id='word_1_346' title='bbox 534 4199 595 4247; x_wconf 90' lang='lat' dir='ltr'><strong>olim</strong></span> <span class='ocrx_word' id='word_1_347' title='bbox 621 4200 733 4263; x_wconf 87' lang='lat' dir='ltr'><strong>pluribus</strong></span> <span class='ocrx_word' id='word_1_348' title='bbox 759 4203 867 4265; x_wconf 78' lang='lat' dir='ltr'><strong>exposui</strong></span> <span class='ocrx_word' id='word_1_349' title='bbox 886 4218 955 4251; x_wconf 90' lang='lat' dir='ltr'><strong>nunc</strong></span> <span class='ocrx_word' id='word_1_350' title='bbox 977 4203 1102 4263; x_wconf 85' lang='lat' dir='ltr'><strong>stringere</strong></span> <span class='ocrx_word' id='word_1_351' title='bbox 1131 4203 1204 4262; x_wconf 86' lang='lat' dir='ltr'><strong>licet,</strong></span> <span class='ocrx_word' id='word_1_352' title='bbox 1227 4209 1363 4265; x_wconf 85' lang='lat' dir='ltr'><strong>postquam</strong></span> <span class='ocrx_word' id='word_1_353' title='bbox 1387 4218 1469 4266; x_wconf 88' lang='lat' dir='ltr'><strong>nuper</strong></span> <span class='ocrx_word' id='word_1_354' title='bbox 1490 4201 1582 4251; x_wconf 89' lang='lat' dir='ltr'><strong>Zelleri</strong></span> <span class='ocrx_word' id='word_1_355' title='bbox 1607 4200 1707 4250; x_wconf 78' lang='lat' dir='ltr'><strong>disser-</strong></span> 
     </span>
     <span class='ocr_line' id='line_1_37' title="bbox 338 4286 1710 4353; baseline 0.001 -19"><span class='ocrx_word' id='word_1_356' title='bbox 338 4289 402 4334; x_wconf 87' lang='lat' dir='ltr'><strong>tatio</strong></span> <span class='ocrx_word' id='word_1_357' title='bbox 427 4286 458 4334; x_wconf 91' lang='lat' dir='ltr'><strong>de</strong></span> <span class='ocrx_word' id='word_1_358' title='bbox 478 4286 662 4351; x_wconf 77' lang='lat' dir='ltr'><strong>Metaphysiels</strong></span> <span class='ocrx_word' id='word_1_359' title='bbox 685 4304 701 4337; x_wconf 88' lang='lat' dir='ltr'><strong>a</strong></span> <span class='ocrx_word' id='word_1_360' title='bbox 724 4289 902 4353; x_wconf 83' lang='lat' dir='ltr'><strong>Peripateticis</strong></span> <span class='ocrx_word' id='word_1_361' title='bbox 925 4291 997 4337; x_wconf 84' lang='lat' dir='ltr'><strong>lectis</strong></span> <span class='ocrx_word' id='word_1_362' title='bbox 1021 4289 1124 4352; x_wconf 89' lang='lat' dir='ltr'><strong>prodiit.</strong></span> <span class='ocrx_word' id='word_1_363' title='bbox 1148 4287 1292 4350; x_wconf 88' lang='lat' dir='ltr'><strong>[Abhandl.</strong></span> <span class='ocrx_word' id='word_1_364' title='bbox 1312 4290 1358 4338; x_wconf 88' lang='lat' dir='ltr'><strong>der</strong></span> <span class='ocrx_word' id='word_1_365' title='bbox 1376 4291 1481 4353; x_wconf 75' lang='lat' dir='ltr'><strong>Konigl.</strong></span> <span class='ocrx_word' id='word_1_366' title='bbox 1507 4288 1633 4337; x_wconf 78' lang='lat' dir='ltr'><strong>Alsadem.</strong></span> <span class='ocrx_word' id='word_1_367' title='bbox 1656 4287 1710 4337; x_wconf 84' lang='lat' dir='ltr'><strong>der</strong></span> 
     </span>
     <span class='ocr_line' id='line_1_38' title="bbox 341 4373 1709 4440; baseline 0.003 -18"><span class='ocrx_word' id='word_1_368' title='bbox 341 4375 419 4423; x_wconf 88' lang='lat' dir='ltr'><strong>Wiss.</strong></span> <span class='ocrx_word' id='word_1_369' title='bbox 444 4374 588 4438; x_wconf 86' lang='lat' dir='ltr'><strong>phil-hist.</strong></span> <span class='ocrx_word' id='word_1_370' title='bbox 613 4376 655 4424; x_wconf 89' lang='grc' dir='ltr'><strong>ΚΙ.</strong></span> <span class='ocrx_word' id='word_1_371' title='bbox 681 4373 747 4426; x_wconf 90' lang='grc'><strong>1877</strong></span> <span class='ocrx_word' id='word_1_372' title='bbox 771 4393 796 4439; x_wconf 86' lang='lat' dir='ltr'><strong>p.</strong></span> <span class='ocrx_word' id='word_1_373' title='bbox 811 4374 860 4426; x_wconf 85' lang='lat'><strong>145</strong></span> <span class='ocrx_word' id='word_1_374' title='bbox 884 4377 1021 4440; x_wconf 87' lang='lat' dir='ltr'><strong>praecipue</strong></span> <span class='ocrx_word' id='word_1_375' title='bbox 1044 4373 1171 4439; x_wconf 70' lang='lat' dir='ltr'>150⁵qu</span> <span class='ocrx_word' id='word_1_376' title='bbox 1194 4377 1364 4440; x_wconf 79' lang='lat' dir='ltr'><strong>fragmentum</strong></span> <span class='ocrx_word' id='word_1_377' title='bbox 1387 4377 1419 4427; x_wconf 90' lang='lat' dir='ltr'><strong>de</strong></span> <span class='ocrx_word' id='word_1_378' title='bbox 1438 4391 1514 4428; x_wconf 81' lang='lat' dir='ltr'><strong>sensu</strong></span> <span class='ocrx_word' id='word_1_379' title='bbox 1533 4391 1586 4426; x_wconf 90' lang='lat' dir='ltr'><strong>non</strong></span> <span class='ocrx_word' id='word_1_380' title='bbox 1610 4377 1709 4438; x_wconf 83' lang='lat' dir='ltr'><strong>attigit,</strong></span> 
     </span>
     <span class='ocr_line' id='line_1_39' title="bbox 335 4461 881 4526; baseline 0.004 -16"><span class='ocrx_word' id='word_1_381' title='bbox 335 4475 414 4522; x_wconf 85' lang='lat' dir='ltr'><strong>quare</strong></span> <span class='ocrx_word' id='word_1_382' title='bbox 434 4471 460 4510; x_wconf 89' lang='lat' dir='ltr'><strong>tn</strong></span> <span class='ocrx_word' id='word_1_383' title='bbox 480 4461 537 4510; x_wconf 85' lang='lat' dir='ltr'><strong>vide</strong></span> <span class='ocrx_word' id='word_1_384' title='bbox 557 4469 631 4512; x_wconf 87' lang='lat' dir='ltr'><strong>notas</strong></span> <span class='ocrx_word' id='word_1_385' title='bbox 650 4463 683 4512; x_wconf 86' lang='lat' dir='ltr'><strong>ad</strong></span> <span class='ocrx_word' id='word_1_386' title='bbox 702 4461 732 4526; x_wconf 65' lang='grc' dir='ltr'><strong>ἐξ</strong></span> <span class='ocrx_word' id='word_1_387' title='bbox 748 4461 769 4512; x_wconf 92' lang='grc'><strong>1.</strong></span> <span class='ocrx_word' id='word_1_388' title='bbox 783 4461 825 4514; x_wconf 88' lang='grc'><strong>39.</strong></span> <span class='ocrx_word' id='word_1_389' title='bbox 839 4461 881 4514; x_wconf 85' lang='grc'><strong>40.</strong></span> 
     </span>
    </p>

    <p class='ocr_par' dir='ltr' id='par_1_7' title="bbox 336 4543 1709 4788">
     <span class='ocr_line' id='line_1_40' title="bbox 407 4543 1709 4616; baseline 0.004 -21"><span class='ocrx_word' id='word_1_390' title='bbox 407 4543 417 4575; x_wconf 86' lang='lat'><em>²</em></span> <span class='ocrx_word' id='word_1_391' title='bbox 435 4547 466 4596; x_wconf 89' lang='lat' dir='ltr'><strong>de</strong></span> <span class='ocrx_word' id='word_1_392' title='bbox 486 4549 612 4612; x_wconf 87' lang='lat' dir='ltr'><strong>prioribus</strong></span> <span class='ocrx_word' id='word_1_393' title='bbox 632 4552 789 4612; x_wconf 85' lang='lat' dir='ltr'><strong>argumentis</strong></span> <span class='ocrx_word' id='word_1_394' title='bbox 808 4550 898 4598; x_wconf 90' lang='lat' dir='ltr'><strong>dubito</strong></span> <span class='ocrx_word' id='word_1_395' title='bbox 917 4564 950 4598; x_wconf 89' lang='lat' dir='ltr'><strong>en</strong></span> <span class='ocrx_word' id='word_1_396' title='bbox 970 4565 1004 4598; x_wconf 86' lang='lat' dir='ltr'><strong>ex</strong></span> <span class='ocrx_word' id='word_1_397' title='bbox 1026 4549 1207 4599; x_wconf 86' lang='lat' dir='ltr'><strong>vetustioribus</strong></span> <span class='ocrx_word' id='word_1_398' title='bbox 1226 4549 1387 4616; x_wconf 86' lang='lat' dir='ltr'><strong>philosophis</strong></span> <span class='ocrx_word' id='word_1_399' title='bbox 1405 4561 1507 4616; x_wconf 82' lang='lat' dir='ltr'><strong>sumpta</strong></span> <span class='ocrx_word' id='word_1_400' title='bbox 1524 4551 1583 4600; x_wconf 84' lang='lat' dir='ltr'><strong>sint.</strong></span> <span class='ocrx_word' id='word_1_401' title='bbox 1620 4551 1709 4600; x_wconf 84' lang='lat' dir='ltr'><strong>altera</strong></span> 
     </span>
     <span class='ocr_line' id='line_1_41' title="bbox 336 4635 1707 4703; baseline 0.001 -18"><span class='ocrx_word' id='word_1_402' title='bbox 336 4636 492 4700; x_wconf 87' lang='lat' dir='ltr'><strong>Xenophani</strong></span> <span class='ocrx_word' id='word_1_403' title='bbox 513 4637 677 4686; x_wconf 80' lang='lat' dir='ltr'><strong>vindicanda</strong></span> <span class='ocrx_word' id='word_1_404' title='bbox 689 4638 789 4686; x_wconf 86' lang='lat' dir='ltr'><strong>videtur</strong></span> <span class='ocrx_word' id='word_1_405' title='bbox 808 4637 839 4686; x_wconf 87' lang='lat' dir='ltr'><strong>of.</strong></span> <span class='ocrx_word' id='word_1_406' title='bbox 853 4638 958 4700; x_wconf 89' lang='lat' dir='ltr'><strong>Hippoi.</strong></span> <span class='ocrx_word' id='word_1_407' title='bbox 977 4637 1069 4702; x_wconf 83' lang='lat' dir='ltr'><strong>philos.</strong></span> <span class='ocrx_word' id='word_1_408' title='bbox 1085 4635 1142 4686; x_wconf 78' lang='lat' dir='ltr'><strong>lto</strong></span> <span class='ocrx_word' id='word_1_409' title='bbox 1159 4638 1267 4686; x_wconf 85' lang='lat' dir='ltr'><strong>Aristot.</strong></span> <span class='ocrx_word' id='word_1_410' title='bbox 1281 4639 1392 4689; x_wconf 84' lang='lat' dir='ltr'><strong>Meteor.</strong></span> <span class='ocrx_word' id='word_1_411' title='bbox 1411 4639 1424 4688; x_wconf 94' lang='lat' dir='ltr'>I</span> <span class='ocrx_word' id='word_1_412' title='bbox 1441 4637 1472 4689; x_wconf 84' lang='grc'><strong>14</strong></span> <span class='ocrx_word' id='word_1_413' title='bbox 1491 4655 1515 4703; x_wconf 93' lang='lat' dir='ltr'><strong>p.</strong></span> <span class='ocrx_word' id='word_1_414' title='bbox 1528 4635 1598 4689; x_wconf 75' lang='grc' dir='ltr'><strong>359ι</strong></span> <span class='ocrx_word' id='word_1_415' title='bbox 1611 4635 1651 4687; x_wconf 87' lang='grc'><strong>17.</strong></span> <span class='ocrx_word' id='word_1_416' title='bbox 1669 4639 1707 4687; x_wconf 81' lang='lat' dir='ltr'><strong>de</strong></span> 
     </span>
     <span class='ocr_line' id='line_1_42' title="bbox 337 4721 1346 4788; baseline 0.004 -16"><span class='ocrx_word' id='word_1_417' title='bbox 337 4726 458 4773; x_wconf 84' lang='lat' dir='ltr'><strong>universa</strong></span> <span class='ocrx_word' id='word_1_418' title='bbox 477 4725 599 4788; x_wconf 87' lang='lat' dir='ltr'><strong>opinione</strong></span> <span class='ocrx_word' id='word_1_419' title='bbox 620 4725 652 4774; x_wconf 86' lang='lat' dir='ltr'><strong>cf.</strong></span> <span class='ocrx_word' id='word_1_420' title='bbox 670 4725 755 4773; x_wconf 85' lang='lat' dir='ltr'><strong>Zeller</strong></span> <span class='ocrx_word' id='word_1_421' title='bbox 773 4721 802 4772; x_wconf 68' lang='grc' dir='ltr'><strong>1ι</strong></span> <span class='ocrx_word' id='word_1_422' title='bbox 821 4722 873 4774; x_wconf 88' lang='grc'><strong>498</strong></span> <span class='ocrx_word' id='word_1_423' title='bbox 881 4721 898 4772; x_wconf 76' lang='lat'><strong>³.</strong></span> <span class='ocrx_word' id='word_1_424' title='bbox 918 4723 949 4772; x_wconf 79' lang='grc'><strong>11.</strong></span> <span class='ocrx_word' id='word_1_425' title='bbox 969 4723 1061 4774; x_wconf 90' lang='lat' dir='ltr'><strong>Rohde</strong></span> <span class='ocrx_word' id='word_1_426' title='bbox 1081 4739 1117 4786; x_wconf 91' lang='lat' dir='ltr'><strong>gr.</strong></span> <span class='ocrx_word' id='word_1_427' title='bbox 1136 4723 1212 4774; x_wconf 86' lang='lat' dir='ltr'><strong>Rom.</strong></span> <span class='ocrx_word' id='word_1_428' title='bbox 1230 4739 1255 4788; x_wconf 84' lang='lat' dir='ltr'><strong>p.</strong></span> <span class='ocrx_word' id='word_1_429' title='bbox 1272 4723 1320 4776; x_wconf 89' lang='grc'><strong>199</strong></span> <span class='ocrx_word' id='word_1_430' title='bbox 1328 4722 1346 4775; x_wconf 75' lang='lat'><strong>².</strong></span> 
     </span>
    </p>

    <p class='ocr_par' dir='ltr' id='par_1_8' title="bbox 336 4808 1706 5060">
     <span class='ocr_line' id='line_1_43' title="bbox 406 4808 1706 4876; baseline 0 -16"><span class='ocrx_word' id='word_1_431' title='bbox 406 4808 529 4874; x_wconf 73' lang='lat' dir='ltr'><strong>amagna</strong></span> <span class='ocrx_word' id='word_1_432' title='bbox 551 4813 595 4860; x_wconf 82' lang='lat' dir='ltr'><strong>lux</strong></span> <span class='ocrx_word' id='word_1_433' title='bbox 615 4827 647 4859; x_wconf 85' lang='lat' dir='ltr'><strong>err</strong></span> <span class='ocrx_word' id='word_1_434' title='bbox 667 4811 822 4874; x_wconf 84' lang='lat' dir='ltr'><strong>Apollodori</strong></span> <span class='ocrx_word' id='word_1_435' title='bbox 842 4813 989 4860; x_wconf 84' lang='lat' dir='ltr'><strong>testimonio</strong></span> <span class='ocrx_word' id='word_1_436' title='bbox 1009 4809 1134 4862; x_wconf 80' lang='lat' dir='ltr'><strong>effulsura</strong></span> <span class='ocrx_word' id='word_1_437' title='bbox 1152 4811 1253 4861; x_wconf 82' lang='lat' dir='ltr'><strong>videtur</strong></span> <span class='ocrx_word' id='word_1_438' title='bbox 1272 4813 1341 4874; x_wconf 87' lang='lat' dir='ltr'><strong>quod</strong></span> <span class='ocrx_word' id='word_1_439' title='bbox 1359 4822 1398 4862; x_wconf 87' lang='lat' dir='ltr'><strong>est</strong></span> <span class='ocrx_word' id='word_1_440' title='bbox 1415 4813 1483 4876; x_wconf 87' lang='lat' dir='ltr'><strong>apud</strong></span> <span class='ocrx_word' id='word_1_441' title='bbox 1502 4811 1648 4862; x_wconf 88' lang='lat' dir='ltr'><strong>Philodem.</strong></span> <span class='ocrx_word' id='word_1_442' title='bbox 1668 4811 1706 4860; x_wconf 85' lang='lat' dir='ltr'><strong>de</strong></span> 
     </span>
     <span class='ocr_line' id='line_1_44' title="bbox 336 4897 1706 4969; baseline 0 -23"><span class='ocrx_word' id='word_1_443' title='bbox 336 4899 482 4962; x_wconf 87' lang='lat' dir='ltr'><strong>philosoph.</strong></span> <span class='ocrx_word' id='word_1_444' title='bbox 501 4897 589 4959; x_wconf 87' lang='lat' dir='ltr'><strong>[Herc.</strong></span> <span class='ocrx_word' id='word_1_445' title='bbox 609 4898 651 4946; x_wconf 85' lang='lat' dir='ltr'><strong>vol</strong></span> <span class='ocrx_word' id='word_1_446' title='bbox 677 4898 742 4948; x_wconf 89' lang='lat' dir='ltr'>VIII</span> <span class='ocrx_word' id='word_1_447' title='bbox 760 4900 843 4962; x_wconf 87' lang='lat' dir='ltr'><strong>Neap.</strong></span> <span class='ocrx_word' id='word_1_448' title='bbox 865 4897 944 4961; x_wconf 88' lang='grc'><strong>1844]</strong></span> <span class='ocrx_word' id='word_1_449' title='bbox 964 4899 1014 4947; x_wconf 88' lang='lat' dir='ltr'><strong>ool.</strong></span> <span class='ocrx_word' id='word_1_450' title='bbox 1028 4897 1053 4949; x_wconf 84' lang='lat' dir='ltr'><strong>t.</strong></span> <span class='ocrx_word' id='word_1_451' title='bbox 1084 4897 1128 4947; x_wconf 88' lang='lat' dir='ltr'><strong>sed</strong></span> <span class='ocrx_word' id='word_1_452' title='bbox 1147 4899 1296 4948; x_wconf 81' lang='lat' dir='ltr'><strong>melioribus</strong></span> <span class='ocrx_word' id='word_1_453' title='bbox 1315 4902 1472 4966; x_wconf 84' lang='lat' dir='ltr'><strong>apographis</strong></span> <span class='ocrx_word' id='word_1_454' title='bbox 1491 4915 1556 4964; x_wconf 88' lang='lat' dir='ltr'><strong>opus</strong></span> <span class='ocrx_word' id='word_1_455' title='bbox 1574 4899 1623 4948; x_wconf 89' lang='lat' dir='ltr'><strong>erit</strong></span> <span class='ocrx_word' id='word_1_456' title='bbox 1642 4902 1706 4969; x_wconf 85' lang='lat' dir='ltr'><strong>qui-</strong></span> 
     </span>
     <span class='ocr_line' id='line_1_45' title="bbox 337 4985 1324 5060; baseline 0 -24"><span class='ocrx_word' id='word_1_457' title='bbox 337 4987 383 5042; x_wconf 78' lang='lat' dir='ltr'><strong>bus</strong></span> <span class='ocrx_word' id='word_1_458' title='bbox 402 5001 474 5036; x_wconf 86' lang='lat' dir='ltr'><strong>usum</strong></span> <span class='ocrx_word' id='word_1_459' title='bbox 494 4985 675 5060; x_wconf 83' lang='lat' dir='ltr'><strong>Gomperainm</strong></span> <span class='ocrx_word' id='word_1_460' title='bbox 695 4987 773 5036; x_wconf 89' lang='lat' dir='ltr'><strong>audio</strong></span> <span class='ocrx_word' id='word_1_461' title='bbox 792 5003 846 5037; x_wconf 88' lang='lat' dir='ltr'><strong>rem</strong></span> <span class='ocrx_word' id='word_1_462' title='bbox 865 4986 1040 5038; x_wconf 84' lang='lat' dir='ltr'><strong>difficillimam</strong></span> <span class='ocrx_word' id='word_1_463' title='bbox 1060 4987 1239 5055; x_wconf 83' lang='lat' dir='ltr'><strong>expediturum</strong></span> <span class='ocrx_word' id='word_1_464' title='bbox 1259 5001 1324 5042; x_wconf 82' lang='lat' dir='ltr'><strong>esse.</strong></span> 
     </span>
    </p>
   </div>
   <div class='ocr_carea' id='block_1_6' title="bbox 0 0 1858 5732">
    <p class='ocr_par' dir='ltr' id='par_1_9' title="bbox 0 0 1858 5732">
     <span class='ocr_line' id='line_1_46' title="bbox 0 0 1858 5732; baseline 0 0"><span class='ocrx_word' id='word_1_465' title='bbox 0 0 1858 5732; x_wconf 95' lang='lat' dir='ltr'><strong> </strong></span> 
     </span>
    </p>
   </div>
  </div>
 </body>
</html>
