3756 5736
731 403 1006 455 recenseremus
1480 403 1540 467 237

182 573 307 651 copiam
327 571 415 650 lecit,
443 571 516 632 dum
538 571 656 634 Caesen
683 591 765 635 anna
788 574 865 636 1539
893 581 972 635 esset
993 574 1153 648 (laudavi,
1176 574 1358 636 Hadrianus
1381 594 1402 636 o
1425 576 1544 636 Corone

185 675 235 736 uir
254 673 308 735 ille
336 676 464 736 natione
486 675 625 737 Graecm
651 675 887 738 eruditissimus.
923 677 1008 758 quad
1036 677 1330 756 complasmata
1360 678 1543 740 moliebatur

182 777 318 838 madae
338 779 472 856 propria
494 777 606 840 Halani
627 795 720 840 manu
743 787 909 841 enaratum
930 779 1038 858 [unte.
1085 789 1195 841 noctua
1217 782 1312 860 ipitur
1335 781 1467 854 tandem
1489 783 1544 842 oia

65 951 76 970 ·
182 879 288 941 multia
310 879 465 958 precibus,
487 881 521 942 in
543 881 610 943 diae
633 881 750 963 abnuat
769 881 805 942 id
819 882 912 944 multo
938 881 1141 942 emaculatine
1163 883 1322 962 exemplar
1344 902 1421 962 opus
1444 885 1544 962 iperrm

182 1001 276 1064 mom
290 982 469 1061 fideli-trime
482 985 552 1062 lieri
564 985 675 1064 potuit,
698 985 836 1046 conanti
850 983 998 1046 adhibitis
1014 985 1105 1045 etiam
1120 985 1153 1045 in
1168 984 1302 1046 studium
1325 986 1399 1047 aliia
1422 987 1543 1048 codici-

182 1086 239 1148 bus
261 1103 341 1166 qaae
363 1105 481 1149 matra
501 1087 582 1150 inter
602 1087 813 1151 studiosorum
834 1107 944 1150 manue
965 1085 1151 1150 curantur.
1184 1106 1225 1151 en
1248 1105 1368 1170 magna
1392 1087 1543 1152 Graeculi

182 1185 299 1271 rerba,
326 1185 429 1252 maior
457 1193 566 1254 antem
593 1189 746 1256 Lacenae
777 1189 846 1256 sive
874 1187 1048 1255 credulitas
1077 1188 1146 1253 sive
1177 1189 1324 1254 audacia.
1369 1209 1446 1254 nam
1472 1191 1544 1273 ipsa

183 1289 333 1355 versione
355 1287 574 1355 adamussim
596 1291 783 1358 examinate
813 1291 984 1374 nimiisque
1012 1291 1182 1356 verborum
1206 1290 1356 1374 ampullis
1380 1297 1478 1374 atque
1499 1293 1544 1356 iu-

184 1389 327 1457 roluaris
349 1391 492 1474 remotis,
514 1391 592 1475 quid
613 1393 744 1460 tandem
766 1393 937 1460 iuvenies?
958 1393 1054 1459 utiles
1077 1393 1234 1459 lectiones
1249 1411 1396 1475 quaeque
1418 1395 1543 1460 meliori

185 1492 290 1558 codici
310 1491 449 1560 fortasse
472 1493 631 1561 debentur
653 1494 725 1581 (sed
747 1517 789 1562 ne
811 1496 844 1561 id
867 1496 996 1580 quidem
1019 1497 1156 1577 certum)
1176 1493 1419 1580 paucissimas¹,
1442 1497 1542 1562 multo

185 1593 320 1678 saepius
340 1601 468 1662 veteres
484 1596 662 1663 editionum
677 1599 819 1682 priorum
835 1597 971 1665 sordes²
985 1598 1166 1664 incredibili
1187 1595 1366 1682 pertinacia
1388 1605 1541 1664 recoctas.

183 1695 282 1779 quid?
313 1696 400 1780 quod
432 1697 630 1766 Basileensis
665 1701 816 1768 editionis
847 1700 1044 1767 certissimas
1068 1700 1312 1766 emendationes
1345 1698 1448 1786 (velut
1473 1703 1543 1767 ab

183 1797 519 1882 prespiteratus
546 1800 664 1868 saltum
694 1824 811 1870 nomen
838 1803 904 1869 illie
937 1803 980 1868 ad
1015 1803 1194 1886 marginem
1220 1803 1253 1867 in
1277 1801 1449 1886 Μενέδημον
1478 1825 1544 1870 ccr-

182 1907 306 1967 rectum
329 1907 362 1967 et
383 1901 462 1988 alia)
485 1921 564 1988 prae
580 1903 697 1971 Galeui
713 1905 835 1973 scilicet
857 1905 1067 1990 autographo
1091 1911 1284 1988 aspernatus
1306 1909 1365 1970 est.
1389 1905 1465 1987 quid
1488 1905 1545 1989 igi-

185 2009 237 2068 tur
265 2003 307 2070 de
334 2001 467 2070 mirifico
494 2005 551 2072 illo
575 2009 732 2075 Hadriani
765 2007 900 2074 codice?
932 2007 1144 2074 mentitumue
1177 2007 1346 2073 credamus
1378 2007 1544 2072 Lacunam

187 2104 345 2172 medicum
379 2105 622 2176 celeberrimum
656 2131 695 2176 ac
728 2109 886 2193 dignitate
919 2109 1007 2194 apud
1041 2107 1282 2192 potentissimos
1314 2107 1400 2174 illius
1426 2111 1544 2175 aetatis

187 2206 383 2274 CarolumV
406 2217 438 2275 et
459 2211 576 2277 Iulium
591 2213 640 2278 ΠΙ
661 2232 782 2298 papam
803 2205 1084 2277 florentissimum?
1111 2229 1154 2274 an
1176 2209 1376 2275 Hadrianum
1399 2211 1543 2293 ignotum

187 2309 350 2377 hominem
385 2317 417 2377 et
450 2333 490 2378 ex
521 2313 760 2380 Simonidarum
791 2313 1016 2396 Minarumque
1049 2311 1155 2396 patria
1185 2319 1379 2396 prognatum
1413 2313 1543 2379 cn'mine

186 2412 260 2479 talei
282 2413 540 2497 postulabimus?
568 2417 644 2481 nolo
672 2435 804 2482 causam
830 2415 987 2482 incertam
1016 2413 1209 2481 coniecturis
1230 2413 1425 2497 diiudicare,
1454 2433 1544 2496 prae·

186 2513 295 2580 sertim
318 2503 404 2580 cum'
420 2515 462 2582 de
489 2515 601 2583 similis
628 2518 848 2602 praestantiae
881 2515 991 2583 codice
1015 2514 1230 2596 Dioscuridis,
1257 2535 1352 2596 quem
1380 2535 1462 2580 unus
1484 2517 1543 2580 La-

184 2637 271 2682 cuna
286 2617 466 2702 usurpavit,
488 2618 570 2685 nihil
585 2619 723 2688 habeam
739 2619 969 2705 compertam.⁸
991 2620 1019 2685 si
1034 2618 1185 2686 Graeculi
1200 2617 1368 2683 fraudibus
1388 2618 1544 2703 deeeptus

185 2725 249 2804 est,
272 2739 314 2786 ne
336 2719 432 2786 nimis
453 2719 645 2788 irrideamus
667 2723 737 2790 eius
759 2721 992 2788 credulitatem.
1025 2741 1101 2786 nam
1122 2727 1214 2786 tanta
1235 2720 1295 2785 iuit
1317 2719 1403 2786 iilius
1425 2723 1544 2788 aetatis

183 2821 217 2886 in
239 2821 530 2906 manuscriptorum
552 2823 714 2891 aetatibus
737 2824 918 2890 iudicandis
933 2823 1104 2908 imperitia,
1127 2829 1162 2888 ut
1185 2823 1312 2889 codices
1336 2825 1465 2890 saeculo
1488 2825 1543 2890 vix

184 2924 368 3008 superiores
390 2923 564 2990 infularum
587 2927 659 2992 loco
683 2925 889 2992 haberentur.
917 2925 994 3008 quid
1020 2926 1135 2991 mirum
1162 2925 1190 2989 si
1212 2925 1382 3008 aequalem
1404 2925 1542 2993 fortasse

182 3025 394 3091 Laurentiani
409 3025 438 3091 A
461 3028 668 3095 venerandae
690 3027 861 3095 vetustatis
876 3027 1054 3094 censebant
1068 3035 1166 3111 atque
1182 3027 1299 3093 Galeui
1314 3027 1342 3092 si
1364 3028 1414 3093 dis
1437 3030 1543 3114 placet

179 3125 431 3210 idiographum?
465 3147 565 3211 quare
592 3150 658 3196 non
687 3151 768 3216 opus
796 3137 846 3198 est
874 3131 1074 3196 Hadrianum
1103 3129 1253 3196 incusare
1283 3131 1370 3212 quod
1392 3131 1543 3214 antiques

181 3229 291 3312 apices
313 3230 457 3296 imitatus
480 3231 552 3314 ipse
575 3231 743 3299 mirificum
759 3233 902 3299 codicem
917 3232 1094 3299 fabricatus
1110 3231 1161 3315 sit,
1185 3232 1245 3297 etsi
1262 3235 1435 3313 antiquarii
1455 3232 1542 3296 illius

182 3329 310 3396 artificii
331 3351 398 3397 non
418 3332 524 3415 ignari
547 3333 696 3399 solebant
719 3354 800 3401 esse.
835 3335 893 3401 sed
916 3335 1149 3418 qualiscunque
1170 3333 1231 3397 tuit
1252 3333 1314 3400 iste
1337 3333 1454 3418 codex,
1476 3355 1542 3398 non

182 3431 305 3498 inutilis
327 3431 388 3499 fuit
408 3435 572 3519 Lacunae,
596 3436 716 3520 quippe
739 3457 802 3520 quo
825 3437 977 3502 Martiani
993 3435 1097 3502 Rotae
1120 3433 1292 3500 audaciam
1314 3441 1347 3500 et
1368 3435 1542 3518 interpola-

181 3533 304 3600 tionem
327 3535 535 3622 perspiceret,
558 3557 642 3620 quae
665 3538 781 3604 ceteris
803 3540 958 3622 deinceps
981 3537 1159 3604 editoribus
1181 3535 1287 3601 fraudi
1310 3535 1379 3601 fuit.

267 3635 361 3714 Quod
383 3659 468 3703 nunc
489 3638 530 3704 de
553 3641 770 3724 compluribus
794 3641 912 3707 Galeni
939 3639 1029 3705 libris
1056 3645 1184 3704 cunstat
1212 3643 1341 3722 praeter
1363 3638 1541 3722 principem

180 3739 305 3804 nullum
325 3739 482 3806 editorem
504 3743 814 3826 manuscriptorum
835 3743 989 3808 auxilium
1005 3740 1202 3824 adhibuisse,
1224 3740 1311 3806 idem
1335 3739 1376 3807 de
1399 3741 1543 3806 Historia

181 3839 377 3926 philosopha
399 3841 636 3909 dissertationis
658 3843 766 3930 priore
788 3851 881 3929 parte
905 3846 981 3911 clim
1003 3845 1226 3911 demonstrare
1241 3841 1360 3908 studui.
1382 3863 1467 3908 nune
1488 3842 1542 3907 do·

255 4030 263 4060 ¹
282 4041 311 4082 ut
329 4035 448 4099 exempla
465 4035 594 4099 proferam
613 4051 633 4084 a
648 4032 664 4084 2
681 4053 707 4100 p.
720 4032 772 4088 224
791 4035 940 4104 σαφέστερον
957 4045 986 4086 nt
1004 4039 1058 4102 ipse
1077 4037 1238 4086 coniecerim
1257 4037 1363 4095 omittit,
1381 4033 1430 4084 el
1451 4050 1476 4098 p.
1490 4030 1541 4084 223

179 4115 361 4188 &apenninis
380 4122 441 4170 olim
460 4124 582 4172 omissum
601 4123 673 4172 addit
691 4121 933 4189 (exploratricem),
952 4119 1003 4174 ο.2
1021 4142 1046 4190 p.
1060 4120 1111 4176 224
1130 4116 1278 4190 χρηστοήθη
1298 4123 1374 4170 vertit
1391 4119 1499 4186 inuenio
1517 4129 1542 4170 et

180 4220 266 4255 meree
288 4205 474 4260 menteomni.
499 4225 521 4258 a.
537 4205 553 4258 2
572 4217 636 4260 extr.
660 4205 700 4259 tm
722 4207 803 4260 ταύτά
825 4226 873 4275 pro
895 4210 975 4260 ταῦτα
1000 4208 1157 4274 (similiter).
1190 4212 1312 4274 optimam
1335 4208 1541 4258 emendationem

180 4292 212 4354 (a.
225 4289 259 4343 35
277 4291 441 4356 Diagorae
460 4297 555 4346 omissa
573 4298 670 4360 patriae
689 4299 794 4348 nomine
813 4297 963 4360 restituitur)
982 4313 1035 4348 nou
1054 4313 1087 4348 ex
1106 4295 1201 4358 codice,
1221 4295 1265 4344 sed
1285 4311 1317 4344 ex
1336 4295 1469 4344 Ciceronis
1488 4309 1541 4344 me·

182 4381 266 4429 morie
285 4394 363 4442 quum
381 4383 435 4446 ipse
455 4383 563 4432 adnotat
581 4384 691 4433 reduxit.

250 4463 391 4532 'excerpo
415 4469 537 4532 graviora
560 4471 700 4532 quaedam:
724 4467 773 4519 al
794 4467 883 4536 τιμίων
901 4472 1006 4521 retinnit
1027 4470 1167 4535 adprime.
1187 4471 1320 4530 mendum,
1347 4465 1398 4518 ε.2
1417 4466 1541 4536 σποράδην

178 4569 237 4604 cnm
255 4553 315 4604 edd.
333 4555 411 4618 prior.
432 4558 525 4618 omisit,
544 4553 597 4607 ab
616 4573 641 4621 p.
655 4553 706 4608 227
725 4552 854 4624 ἐριτρικήν
872 4565 899 4608 et
916 4554 932 4607 2
951 4575 976 4622 p.
990 4554 1041 4610 229
1060 4552 1114 4624 elin
1134 4573 1191 4608 cnm
1209 4557 1360 4618 Busileensi,
1379 4572 1400 4606 c.
1415 4554 1432 4607 3
1450 4573 1475 4620 p.
1489 4553 1540 4608 226

181 4639 317 4692 creater
336 4655 393 4692 eum
412 4643 471 4694 edd.
489 4647 569 4709 prior.

248 4725 404 4794 ²Sprengsl
428 4732 507 4795 praei.
532 4731 565 4781 ad
589 4730 769 4781 Dioscorid.1
792 4747 817 4796 p.
831 4745 883 4782 xrx
907 4729 1018 4782 minim
1036 4730 1094 4798 filit
1117 4737 1141 4780 et
1166 4728 1200 4779 ab
1223 4729 1343 4780 amnibus
1366 4729 1540 4792 ateurmtt)

177 4811 258 4864 codex
277 4828 352 4881 ouem
370 4813 400 4864 in
419 4817 530 4885 eprepiie
548 4815 775 4868 emendationibus
793 4823 918 4881 eequutue
937 4826 976 4868 eet
994 4816 1081 4868 Andr.
1096 4815 1206 4868 lacuna
1223 4814 1388 4884 &pacientis
1407 4814 1477 4867 Iulii
1489 4811 1543 4864 ΙΙΙ

173 4900 307 4970 pontificia
324 4901 435 4954 marini
452 4901 578 4956 medicus.
597 4903 701 4970 copiam
720 4901 776 4953 eiue
788 4901 858 4968 feeit
877 4900 919 4952 Io.
938 4902 1054 4956 Porciae
1074 4903 1237 4966 Castrensis,
1256 4901 1304 4954 ted
1321 4903 1368 4954 att
1388 4903 1441 4954 inm
1460 4901 1541 4953 lateat

173 4986 259 5054 plane
276 4989 415 5040 metamur.
432 4987 567 5056 probabile
587 4999 622 5040 est
642 4989 670 5040 in
695 4985 825 5039 Vaticana
843 4991 953 5040 seruari.
984 4993 1059 5043 valde
1079 4993 1177 5041 dubito.
