3756 5736
308 351 371 416 216
539 355 619 403 11111
655 355 705 404 us
725 353 973 406 vunnsnonunr
992 353 1231 406 1110110111
1251 353 1431 406 susumus

309 526 434 607 partem
457 521 668 608 posteriorem
692 520 856 587 adnexuit.
891 541 955 604 quo
978 521 1094 588 referri
1116 519 1174 586 illa
1195 522 1284 586 nullo
1307 517 1403 585 modo
1426 527 1572 604 possunt.
1608 541 1670 588 nec

244 617 250 630 ”
310 623 352 690 ad
372 623 482 708 priora
497 623 658 706 quadrant
673 629 833 708 accurate,
856 623 1028 706 siquidem
1050 623 1187 707 quinta
1209 621 1405 690 essentia¹
1428 623 1470 688 ab
1485 623 1670 690 Aristotelis

311 725 457 792 oratione
479 725 641 790 abhorret.
677 744 753 806 ergo
777 726 803 789 si
827 725 870 790 ad
892 725 1001 810 priora
1023 725 1199 810 pertinent,
1221 723 1373 790 liberiore
1394 724 1491 790 modo
1514 725 1670 792 caelestia

312 827 376 891 illio
406 827 537 892 tractari
566 825 757 892 meminerat
782 827 810 892 is
840 828 893 910 qui
922 827 1102 912 adscripsit.
1138 826 1197 892 sed
1223 824 1371 909 quisnam
1398 826 1512 893 scholii
1534 827 1669 893 auctor?

312 929 339 994 si
360 929 517 994 formulas
540 929 615 1012 λέγει
637 933 704 1012 γοῦν
727 932 820 1001 οὕτως
842 932 872 994 ἐν
895 935 937 1014 τῷ
955 928 1070 1014 Τιμαίῳ
1094 936 1126 995 01
1141 927 1263 994 similes
1278 927 1482 994 Stobaeanas
1503 949 1576 996 esse
1597 948 1671 994 con·

313 1031 447 1098 cesseris
471 1030 524 1114 [cf.
547 1026 645 1114 supra
667 1052 698 1114 p.
715 1032 784 1116 75]‚
817 1032 858 1098 de
881 1031 1015 1098 Stobaei
1037 1030 1287 1115 interpolatione
1312 1051 1379 1096 non
1401 1030 1581 1116 dubitabis,
1610 1029 1672 1096 etsi

311 1135 384 1218 ipsa
406 1131 570 1216 scriptoris
597 1131 698 1198 rerba
720 1153 785 1198 non
817 1141 852 1198 ut
873 1133 940 1198 illic
961 1138 1036 1216 post
1058 1135 1151 1203 οὕτως
1172 1131 1285 1197 addita
1306 1138 1390 1196 sunt.
1434 1153 1519 1216 quae
1541 1131 1568 1198 si
1588 1130 1673 1197 forte

313 1236 472 1320 quispiam
494 1233 695 1300 intercidisse
717 1235 751 1300 in
773 1235 865 1301 libris
887 1241 993 1319 putet,
1019 1234 1107 1300 haud
1129 1235 1305 1300 adsentior.
1348 1253 1424 1298 uam
1446 1233 1574 1317 gemino
1597 1235 1674 1300 lem-

313 1344 400 1402 mate
427 1338 490 1422 περὶ
514 1343 565 1422 τῆς
587 1342 710 1422 φυσικῆς
733 1339 902 1422 ἀκροάσεως
925 1339 973 1400 καὶ
996 1337 1120 1421 0ορανοῦ
1143 1336 1249 1420 [codd.
1274 1336 1382 1414 αὐτοῦ,
1409 1357 1476 1402 uon
1497 1335 1608 1400 dubito
1631 1335 1673 1400 (10

315 1440 481 1524 Spengelii
505 1438 747 1522 emendatione]
770 1461 837 1505 non
859 1442 886 1506 is
908 1441 955 1506 uti
978 1443 1060 1506 solet
1082 1441 1136 1524 qui
1158 1441 1295 1504 alterum
1311 1445 1385 1522 post
1407 1439 1545 1504 alterum
1567 1437 1673 1502 locum

315 1543 473 1606 allaturus
502 1548 561 1606 est.
606 1561 683 1624 ergo
717 1542 891 1608 Stobaeum
924 1543 1020 1609 credo
1055 1563 1096 1608 ex
1124 1539 1318 1608 scholastica
1354 1540 1510 1607 memoria
1535 1539 1675 1605 Attiano

314 1645 416 1710 uerba
438 1643 663 1728 amplificasse.
678 1644 689 1676 ²

401 1746 484 1810 Hinc
507 1745 550 1811 ad
572 1745 783 1814 difficiliorem
808 1747 1029 1830 quaestionem
1055 1747 1154 1812 ianua
1183 1751 1284 1830 patet.
1330 1745 1372 1811 ab
1399 1750 1470 1810 utro
1492 1743 1676 1810 Aristotelis

315 1847 501 1914 testimonia
516 1849 712 1934 decretaque
728 1849 917 1932 diligentem
934 1847 1020 1914 illius
1035 1847 1207 1914 lectionem
1222 1847 1395 1932 prodentia
1408 1846 1555 1932 proiecta
1570 1845 1677 1912 credis

316 1952 358 2016 ab
386 1950 480 2015 Aetio
513 1968 556 2013 an
585 1956 785 2016 vetustorum
820 1951 1016 2017 Placitomm
1048 1949 1235 2015 conditore?
1279 1949 1428 2014 nimirum
1463 1949 1600 2032 explosa
1626 1953 1677 2012 est

317 2051 486 2118 Strabonis
514 2073 554 2118 ex
575 2053 661 2118 veris
688 2052 842 2137 falsisque
870 2053 950 2118 mire
978 2051 1079 2117 mixta
1108 2052 1150 2118 de
1178 2051 1312 2136 Scepsio
1344 2052 1495 2138 hypogeo
1522 2051 1677 2134 narratio,

317 2174 414 2238 quam
441 2156 633 2221 Plutarchus
662 2154 830 2243 [811116]
861 2162 990 2223 secutus
1016 2153 1063 2220 eis
1091 2173 1175 2236 quae
1197 2154 1238 2220 de
1260 2153 1445 2220 Andronico
1467 2152 1566 2219 fando
1589 2153 1678 2219 audi·

318 2262 411 2322 verat
433 2256 522 2322 haud
544 2258 623 2324 scite
646 2259 865 2343 amplificavit.
900 2263 1027 2323 constat
1049 2255 1134 2321 intra
1149 2255 1282 2322 scholae
1296 2262 1384 2322 certe
1399 2255 1480 2323 lines
1494 2254 1679 2321 Aristotelis

318 2359 442 2424 nullum
464 2359 581 2429 librum
604 2381 646 2426 ne
669 2359 895 2445 Metaphysica
917 2359 1046 2442 quidem
1073 2358 1138 2442 legi
1165 2379 1237 2424 esse
1264 2357 1371 2424 desita
1398 2358 1450 2440 [01.
1474 2359 1581 2424 Ζο1101
1602 2357 1677 2424 abh.

318 2461 349 2526 d.
372 2461 413 2526 K.
435 2461 498 2527 Ah.
527 2463 558 2529 d.
581 2462 678 2532 Wiss.
702 2462 733 2528 11.
757 2463 835 2547 phil.
858 2463 942 2529 Berl.
967 2462 1048 2526 1811
1076 2481 1107 2544 p.
1129 2457 1335 2548 145-1671.
1379 2459 1438 2526 sed
1469 2459 1679 2527 vehementer

319 2565 431 2630 dubito
454 2586 531 2631 num
554 2571 631 2632 ante
654 2573 803 2630 octavum
819 2585 849 2631 a.
866 2585 897 2630 1.
920 2563 1085 2630 saeculum
1107 2563 1380 2648 pragmaticorum
1401 2560 1584 2630 Aristotelis
1606 2563 1679 2630 scri-

319 2676 447 2753 ptorum
469 2673 562 2732 tanta
583 2669 723 2750 cognitio
746 2668 833 2752 apud
857 2687 930 2733 eum
952 2665 1058 2750 fuerit,
1080 2666 1134 2749 qui
1149 2671 1278 2732 vetusta
1293 2665 1420 2732 Plaeita
1440 2665 1580 2749 collegit.
1603 2685 1679 2732 nam

320 2771 410 2837 aliud
433 2776 483 2836 est
506 2771 683 2854 singularia
706 2771 775 2837 eius
798 2769 1030 2836 commentaria
1049 2769 1250 2852 cognovisse,
1273 2768 1363 2834 velut
1384 2767 1412 2832 si
1428 2766 1542 2834 Cicero
1558 2769 1681 2854 Topica

320 2895 356 2939 se
378 2872 500 2938 habere
522 2873 679 2955 gloriatus
702 2881 752 2940 est
774 2876 853 2958 [top.
872 2876 888 2938 1
909 2883 925 2935 3
949 2871 986 2937 01.
1011 2875 1076 2938 26.
1095 2881 1111 2931 7
1132 2870 1202 2934 835
1225 2870 1266 2938 de
1289 2876 1369 2937 orat.
1385 2871 1474 2936 1136
1495 2873 1558 2955 151]
1580 2871 1635 2938 101
1652 2871 1680 2936 01

321 2975 540 3060 Tyrannionis
562 2975 678 3059 opinor
699 2995 797 3041 suasu
820 2975 946 3041 Luculli
969 2973 1167 3040 bibliotheca
1189 2977 1424 3038 commentarios
1440 2975 1680 3058 0000000111-

320 3081 458 3142 stotelios
487 3075 539 3163 [de
561 3077 614 3143 lin.
630 3080 679 3144 111
699 3081 718 3144 3
741 3077 784 3165 10]
807 3076 987 3143 continuit³
1017 3078 1070 3142 vel
1100 3075 1183 3141 siin
1205 3076 1388 3142 Philodami
1411 3077 1538 3161 scriptis
1557 3076 1680 3162 ’Aptero-

393 3285 399 3315 ¹
419 3288 542 3350 repetitur
559 3281 588 3334 rb
606 3283 720 3350 stipator
738 3287 813 3351 σῶμα
832 3285 890 3335 Aba.
910 3283 1107 3336 17113111
1127 3281 1309 3336 1111111.

391 3371 526 3424 'Stobaei
549 3375 749 3438 interpolatione
773 3371 852 3424 1125
872 3382 894 3419 1³
916 3367 1078 3440 Ἡρακλείδης
1105 3371 1149 3422 aad
1169 3366 1287 3428 ’01110101
1315 3375 1362 3440 γῆν
1386 3369 1479 3441 ὁμίχλῃ
1503 3371 1681 3442 περιεχομένην

320 3463 419 3525 [lunam
438 3460 506 3523 esse]
526 3463 608 3512 Ocelli
627 3476 721 3510 nomen
742 3462 857 3510 additum
875 3476 931 3511 esse
950 3460 1004 3508 dixi
1024 3475 1048 3523 p.
1065 3457 1114 3508 100
1127 3459 1143 3506 ¹.
1171 3475 1230 3510 uam
1249 3476 1296 3509 nec
1315 3461 1468 3510 Plutarchus
1488 3462 1677 3512 110οΤ110000-

320 3561 388 3602 retus
408 3552 516 3599 alterum
535 3557 664 3598 noverunt
682 3550 782 3598 lemma.
812 3555 943 3613 praeterea
962 3548 1047 3596 nullus
1066 3554 1105 3596 est
1123 3547 1155 3594 de
1174 3547 1236 3595 luna
1254 3547 1325 3596 locus
1344 3550 1371 3597 in
1390 3548 1494 3598 subdito
1513 3549 1680 3599 Pseudocclli

320 3641 388 3688 libro
413 3653 487 3702 quem
512 3652 559 3686 nos
583 3643 697 3685 tenemus
721 3645 746 3684 et
772 3638 853 3686 tenuit
872 3637 958 3684 dorice
977 3636 1149 3698 conscriptum
1168 3634 1212 3683 sed
1232 3633 1307 3683 rebus
1325 3649 1379 3684 uon
1398 3635 1528 3685 diversum
1547 3635 1680 3685 Stobaens.

321 3742 405 3788 neque
424 3726 479 3774 reri
498 3725 579 3773 simile
598 3725 661 3772 talia
685 3731 730 3772 aut
749 3725 775 3772 in
793 3723 861 3772 libro
880 3723 912 3771 de
931 3724 1052 3771 universo
1072 3724 1161 3770 autin
1181 3722 1271 3770 ceteris
1290 3723 1334 3784 qui
1353 3723 1416 3770 olim
1434 3722 1516 3772 Ocelli
1535 3722 1682 3772 ferebantur

322 3819 430 3864 tractata
448 3813 536 3860 luisse.
573 3812 686 3873 genuina
708 3818 794 3860 autem
817 3812 912 3874 scripta
930 3810 1001 3860 nulla
1018 3811 1096 3858 111010
1117 3809 1242 3858 videntur.
1275 3810 1344 3859 unde
1364 3811 1442 3873 igitur
1459 3809 1566 3861 Stobael
1584 3825 1680 3860 memo·

280 3935 284 3944 ·
321 3903 376 3951 ria?
407 3907 452 3950 aut
469 3901 546 3948 fallor
564 3906 608 3946 aut
626 3891 1058 3964 01101101111131οἩρο1ιλε1δης
1076 3894 1128 3946 καὶ
1147 3893 1173 3945 ol
1192 3890 1399 3962 Πυθαγόρειοι
1418 3893 1523 3946 ἕκαστον
1541 3899 1593 3946 τῶν
1612 3895 1681 3946 ἀστέ-

322 4005 372 4056 ρων
391 3985 485 4052 κόσμον
504 3983 622 4052 ὑπάρχειν
640 3985 697 4051 γῆν
715 3981 902 4050 περιέχοντα
920 3982 996 4051 ἀέρα
1015 3999 1103 4034 ansam
1122 3984 1248 4032 dederunt
1266 3984 1489 4048 Pythagoreorum
1507 3987 1588 4036 instar
1607 3986 1681 4035 Ocel-

322 4078 384 4134 lum,
404 4089 479 4137 quem
498 4072 624 4122 Stobaeus
644 4073 798 4136 suspiciebat
816 4072 847 4120 01.
866 4071 913 4120 ecl.
932 4073 946 4120 1
965 4089 989 4136 p.
1003 4069 1150 4122 422-428.
1172 4068 1224 4122 338
1243 4072 1288 4131 Η.,
1307 4071 1478 4122 introducere.
1498 4075 1573 4123 simili
1592 4072 1681 4122 1101110

322 4165 405 4214 000111
424 4162 519 4210 mentio
539 4161 567 4209 flt
585 4163 611 4209 in
630 4159 702 4210 Sext.
721 4161 819 4222 Empir.
839 4159 897 4208 adv.
917 4159 995 4208 math.
1014 4161 1055 4208 IX
1073 4157 1133 4220 316,
1153 4159 1198 4207 ubi
1217 4159 1364 4208 Aristotelis
1383 4161 1517 4210 simulatur
1535 4163 1629 4210 socius.

394 4247 404 4280 ³
423 4250 616 4314 Tyrannionem
629 4249 703 4296 illum
716 4247 875 4306 Amicorum,
896 4263 947 4296 uon
966 4249 1093 4296 iuniorem
1113 4248 1189 4298 etiam
1203 4245 1335 4296 Ciceronis
1347 4246 1529 4297 bibliothecam
1549 4249 1682 4297 ordinasse

322 4347 347 4387 01
360 4338 518 4401 supplevisse
531 4337 746 4384 demonstravisse
762 4334 862 4384 ridetur
876 4335 1002 4384 Planerus
1014 4335 1045 4384 de
1061 4336 1222 4399 Tyrannion.
1236 4341 1369 4398 grammat.
1389 4334 1475 4384 Berol.
1493 4331 1559 4386 1852
1577 4351 1602 4398 p.
1616 4331 1645 4384 4³
1657 4333 1682 4386 6.

321 4429 343 4476 si
362 4425 501 4476 Plutarcho
521 4424 537 4472 l.
557 4439 578 4472 c.
598 4423 663 4472 fidas
682 4423 856 4487 Tyrannionis
876 4422 961 4470 studia
979 4429 1038 4472 ante
1057 4423 1236 4472 Andronicum
1258 4422 1380 4486 ponenda
1397 4429 1464 4472 suut.
1502 4423 1571 4484 atqui
1592 4422 1682 4472 Amiso

322 4529 346 4563 a.
366 4511 417 4565 684
437 4528 460 4560 a.
479 4527 504 4560 n.
524 4521 673 4575 expugnata
691 4513 825 4576 Tyrannio
843 4517 932 4574 captus
951 4510 1060 4560 Romam
1079 4517 1237 4559 transvectus
1256 4516 1302 4570 est,
1321 4509 1364 4558 nbi
1383 4509 1520 4560 Aristoteli
1538 4510 1682 4559 incubuisse

322 4603 422 4651 dicitur.
454 4615 516 4664 ergo
536 4600 703 4648 Andronicus
723 4601 844 4648 rixante
864 4613 887 4646 a.
907 4596 959 4648 700
977 4598 1154 4648 admirabilem
1172 4613 1245 4648 suam
1264 4598 1404 4647 editionem
1424 4598 1570 4647 condidisse
1589 4603 1682 4661 putan-

322 4690 369 4738 dus
389 4695 435 4737 est.
472 4703 485 4736 0
505 4687 678 4750 Tyrannionis
697 4702 741 4735 ore
761 4687 889 4749 accepisse
910 4685 1070 4747 Ciceronem,
1090 4701 1156 4748 quae
1175 4686 1206 4734 de
1221 4685 1370 4735 Aristotelis
1389 4701 1415 4733 re
1435 4685 1537 4749 publica
1555 4683 1683 4746 signitica-

322 4779 368 4836 vit,
387 4775 419 4824 de
438 4774 519 4824 fin.V
538 4770 556 4822 4
575 4782 598 4818 11
616 4769 649 4822 ad
669 4774 719 4834 Qu.
738 4774 768 4822 11.
782 4769 853 4824 1115
871 4781 890 4822 1.
911 4774 942 4822 de
962 4775 1012 4837 leg.
1030 4775 1072 4823 Ill
1091 4775 1106 4825 6
1127 4781 1147 4818 tt
1171 4774 1280 4822 coniecit
1298 4771 1467 4823 Susamihlius
1486 4771 1520 4820 ad
1538 4771 1585 4822 Ar.
1604 4771 1683 4822 Polit.

322 4881 346 4928 p.
360 4865 443 4914 XLV.
474 4863 519 4910 sed
542 4861 709 4910 Philodemus
733 4862 759 4909 in
782 4860 849 4909 libro
872 4859 927 4928 περὶ
948 4863 1047 4910 κακιῶν
1071 4858 1115 4910 καὶ
1137 4861 1190 4908 τῶν
1215 4858 1392 4926 ἀντικειμένων
1416 4861 1506 4922 (Arist.
1525 4859 1624 4910 Oecon·
1643 4858 1684 4908 ed.

323 4950 464 5014 Goettling.
483 4965 507 5016 p.
522 4947 633 5012 disqq.)
660 4947 836 4998 Oeconomico
859 4949 905 4997 sub
929 4948 1103 5016 Theophrasti
1128 4951 1232 4997 nomine
1260 4946 1296 5014 [p.
1309 4945 1353 5009 45,
1364 4947 1392 5012 9]
1415 4947 1494 5012 probe
1518 4949 1641 5011 cognovit
1659 4952 1684 4996 et
