3756 5736
321 385 384 450 226
556 390 634 437 xvu
672 387 719 436 nn
743 387 988 438 vn'rusnonuu
1008 383 1244 436 rlnornoaun
1265 385 1445 436 FONTIBUS

319 560 441 618 tantem
456 552 588 617 induoit.
622 553 761 619 eundem
782 553 874 620 norit
887 553 1000 618 Attius
1016 553 1099 618 1112
1119 564 1134 612 e
1158 551 1217 618 sed
1235 551 1282 616 ita
1298 557 1334 616 ut
1348 552 1482 616 multam
1498 550 1678 616 doeh-inam

319 676 383 720 uno
406 675 502 721 versu
526 653 774 720 eir-oumsnribat.
818 660 886 718 tum
908 654 968 718 Vll
992 656 1066 719 121
1089 659 1288 718 cometarum
1310 653 1469 718 rationem
1492 654 1678 736 pntbnndons

320 760 518 839 antiquos-nm
533 755 688 838 attribuit,
712 775 795 838 quae
810 756 843 820 in
858 755 991 821 Planitis
1008 762 1058 822 est
1073 755 1289 838 Anaxagorae
1307 761 1340 821 ot
1355 754 1532 820 Democriti
1548 755 1597 820 III
1612 756 1633 821 2
1652 764 1677 820 a.

318 859 376 924 sod
404 859 487 924 haee
514 857 621 924 omnia
650 857 782 924 minoris
811 863 885 922 sunt
907 857 1061 924 momenti
1082 877 1180 940 quam
1201 874 1286 939 quae
1307 856 1349 922 de
1370 855 1446 922 Nilo
1467 857 1557 942 apud
1579 857 1678 924 Sene·

318 979 390 1026 eam
412 961 457 1028 IV
480 964 499 1026 2
524 962 562 1026 17
576 981 623 1043 sq.
669 967 701 1026 et
730 959 818 1044 apud
848 959 976 1025 Aetium
998 960 1044 1025 IV
1067 960 1117 1024 1¹
1149 959 1295 1026 similiter
1325 959 1462 1024 oolleeta
1491 960 1679 1026 suntsed

320 1062 417 1128 latius
441 1069 532 1148 patet
554 1062 635 1128 haee
658 1063 815 1147 quaestio,
839 1063 928 1128 ouius
943 1062 1052 1145 eapite
1066 1062 1156 1128 velut
1169 1061 1204 1126 in
1219 1067 1405 1126 transonrsu
1420 1067 1556 1144 tangere
1572 1061 1677 1130 lineat.

397 1166 448 1230 De
463 1165 552 1230 Nilo
569 1173 739 1250 postquam
750 1165 935 1231 Herodotus
946 1162 1093 1230 Thaletis
1104 1163 1318 1248 Enthymenis
1333 1162 1384 1250 [ef.
1397 1164 1553 1230 Henataei
1567 1163 1606 1230 fr.
1614 1165 1677 1230 278

317 1265 437 1353 Muelll
463 1267 680 1352 Anaxagorae
708 1267 886 1334 sententias
907 1266 940 1332 Il
963 1268 1098 1332 20-23
1125 1266 1279 1342 refutavit
1305 1285 1461 1350 suamque
1490 1265 1676 1350 opinionem

317 1372 451 1436 24-27
476 1372 666 1455 explicavit,
695 1369 820 1436 dontius
840 1368 1032 1436 Aristoteles
1054 1376 1089 1434 nt
1110 1368 1218 1436 ferunt
1239 1369 1395 1453 poeuliari
1418 1368 1500 1434 libro
1524 1369 1591 1452 egit
1611 1371 1677 1454 περὶ

317 1480 369 1558 τῆς
385 1477 436 1536 τοῦ
454 1472 559 1538 Νείλου
583 1475 752 1559 ἀναβάσεως
772 1472 861 1556 apud
875 1471 1016 1554 Menngii
1038 1491 1235 1558 anonymum
1257 1469 1307 1558 [fr.
1322 1470 1455 1536 Aristot.
1477 1478 1499 1537 t.
1515 1471 1543 1536 V
1565 1493 1596 1537 n.
1615 1473 1677 1537 159

316 1597 347 1658 p.
357 1573 469 1660 14681]
485 1575 649 1658 inscripto.
683 1575 770 1642 idom
784 1574 817 1640 in
833 1574 1012 1640 Ptolemaei
1027 1575 1114 1658 apud
1130 1575 1255 1640 Arabes
1275 1572 1382 1639 indies
1404 1573 1588 1640 nominatur
1610 1576 1676 1659 περὶ

315 1683 366 1740 τοῦ
383 1677 489 1742 Νείλου
512 1678 583 1744 libri
599 1679 656 1743 Ill.
689 1697 795 1760 neque
814 1677 879 1742 alio
894 1683 1021 1761 speetat
1034 1675 1212 1744 Alexandri
1234 1675 1453 1742 testimonium
1475 1677 1505 1741 ἐν
1526 1681 1586 1747 τοῖς
1609 1677 1675 1762 περὶ

315 1785 367 1864 τῆς
384 1784 435 1844 τοῦ
453 1780 559 1844 Νείλου
574 1782 743 1867 ἀναβάσεως
757 1779 778 1839 ²·
811 1779 955 1846 eiusdem
977 1781 1061 1846 tituli
1084 1786 1190 1847 exstat
1212 1778 1336 1846 deeimo
1359 1778 1455 1844 tortio
1478 1779 1609 1845 saeenlo
1633 1799 1675 1846 ex

315 1901 432 1963 graeeo
460 1882 637 1966 exemplari
664 1877 748 1948 nuno
773 1882 943 1966 deperdito
968 1884 1003 1948 in
1033 1883 1169 1949 latinum
1196 1899 1371 1948 eonversus
1399 1881 1476 1944 liber
1498 1881 1674 1946 Aristotelis

317 1986 355 2047 de
381 1987 589 2049 inundacione
616 1987 694 2062 Nili,
721 2003 817 2067 quem
842 1991 917 2068 post
943 1985 1102 2053 editiones
1128 1984 1247 2050 lotinas
1275 1983 1391 2049 Venet.
1415 1983 1499 2048 1550
1520 1988 1553 2048 et
1574 1982 1674 2048 Basil.

317 2087 399 2150 1563
429 2087 467 2152 V.
496 2087 621 2153 Roseus
652 2087 818 2152 Aristoteli
851 2087 1134 2172 pseudepigrapho
1167 2107 1225 2153 sno
1254 2084 1402 2152 adiunxit
1428 2105 1460 2168 p.
1480 2085 1675 2152 oea-639.

317 2188 458 2254 dubitari
480 2209 548 2256 non
570 2195 677 2274 potest
693 2189 769 2273 quin
784 2188 894 2271 aliqua
915 2189 1154 2256 neeessitudine
1176 2187 1296 2254 lalinus
1318 2186 1400 2253 liber
1422 2205 1494 2253 eum
1517 2207 1557 2253 eo
1579 2206 1675 2270 quem

181 2361 212 2375 --
315 2289 527 2356 Alexandrini
549 2299 666 2358 norant
686 2291 875 2357 eoniunotus
895 2291 945 2358 sit.
988 2311 1065 2358 nam
1089 2311 1185 2374 quem
1201 2291 1308 2356 looum
1329 2289 1564 2356 Eratosthenes
1585 2289 1674 2374 apud

316 2393 465 2456 Proolum
487 2393 521 2458 in
543 2393 624 2458 (lim.
647 2415 677 2478 p.
695 2394 764 2458 37υ
787 2413 828 2458 ex
850 2391 1024 2460 Aristotele
1046 2393 1208 2477 oognorit,
1229 2411 1304 2458 eum
1325 2391 1476 2458 invenias
1496 2391 1532 2456 in
1552 2391 1675 2458 Aristo·

316 2494 380 2559 tele
402 2494 506 2560 latino
529 2516 560 2579 p.
574 2495 647 2580 639,
672 2496 733 2560 132
756 2492 806 2581 [of.
833 2494 984 2562 Posiden.
1004 2495 1093 2580 apud
1115 2493 1265 2562 Strabon.
1281 2492 1375 2558 XVII
1397 2493 1418 2558 5
1438 2492 1481 2558 in.
1505 2513 1537 2577 p.
1556 2493 1618 2558 789
1641 2501 1674 2560 et

317 2595 380 2660 790
406 2595 556 2680 idemque
585 2597 700 2682 opinor
727 2595 815 2680 apud
838 2595 996 2663 Seneoam
1017 2597 1093 2664 Nat.
1117 2602 1242 2680 quaest.
1265 2615 1286 2659 a
1307 2595 1403 2660 Lanr.
1425 2594 1518 2679 Lydo
1545 2595 1674 2680 plenius

316 2703 480 2763 serratum
497 2699 527 2765 d.
545 2719 645 2766 mens.
661 2699 706 2764 IV
721 2698 772 2764 68.
796 2697 871 2764 ride
886 2697 992 2764 Photii
1008 2699 1046 2765 V.
1062 2697 1159 2783 Pyth.
1176 2717 1202 2763 e.
1216 2698 1280 2762 249
1295 2717 1326 2780 p.
1339 2698 1421 2762 4411
1437 2699 1454 2761 1
1468 2696 1538 2785 aql.
1570 2697 1672 2764 nihilo
1762 2739 1763 2742 =

314 2797 415 2864 setius
437 2819 478 2866 ex
499 2801 660 2867 ubenima
682 2801 819 2866 matoria
841 2819 944 2884 parra
964 2801 1102 2868 frustm
1123 2800 1157 2866 in
1179 2798 1388 2884 problematis
1409 2797 1546 2866 formam
1569 2806 1672 2866 trans-

314 2901 382 2965 lata
403 2898 455 2988 [ol.
474 2901 567 2968 Heitn
589 2902 684 2968 Arist
700 2902 741 2967 fr.
756 2902 865 2968 Didot.
882 2923 913 2986 p.
927 2900 1002 2988 211]
1025 2921 1046 2968 ει
1067 2902 1324 2968 latino-servata
1345 2907 1428 2968 sunt.
1463 2901 1498 2966 id
1520 2901 1607 2985 qnod
1628 2921 1670 2969 ex

313 3002 435 3068 ambitu
451 3023 627 3086 cognoseat
642 3003 697 3088 qui
710 3007 772 3070 145
786 3023 938 3071 versuum
954 3011 1014 3071 est.
1041 3005 1102 3072 etsi
1117 3011 1184 3071 tres
1195 3003 1295 3070 libros
1311 3002 1472 3070 reeensuit
1486 3003 1584 3070 index
1597 3004 1671 3070 Pto·

312 3104 430 3170 lemaei
443 3123 482 3170 ao
496 3107 605 3189 pluras
620 3126 684 3172 uno
699 3107 871 3173 videantur
886 3107 1059 3191 signifioari
1075 3105 1253 3174 Alexandri
1267 3105 1453 3173 testimonio
1468 3107 1590 3177 ἐντοῖς
1605 3107 1669 3191 περί

312 3211 365 3290 τῆς
379 3212 430 3270 τοῦ
447 3207 553 3272 Νείλου
569 3211 747 3297 ἀναβάσεως,
770 3216 879 3276 tamen
894 3229 1063 3276 numerum
1077 3229 1143 3275 non
1158 3215 1331 3294 praestem,
1353 3209 1544 3294 ampliorem
1559 3207 1670 3274 latinis

311 3308 411 3376 fuisse
429 3311 596 3395 antiquum
614 3312 732 3379 librum
747 3317 895 3396 apparet.
921 3310 1105 3378 Aristotelis
1120 3331 1194 3378 eum
1209 3311 1310 3378 fuisse
1324 3317 1423 3394 negat
1439 3310 1564 3376 Roseus
1577 3329 1671 3394 argu-

314 3413 431 3478 mentis
452 3412 596 3482 infirmis.
627 3433 704 3480 nam
722 3413 859 3481 eandem
873 3413 946 3498 ipse
961 3413 1182 3496 quaestionem
1197 3415 1328 3496 attingit
1342 3414 1466 3498 analyt.
1481 3417 1564 3496 post.
1578 3413 1613 3477 Π
1629 3414 1669 3478 15

310 3535 341 3596 ρ.
359 3515 417 3580 98ΙΙ
440 3517 497 3600 31,
526 3536 675 3582 eaussam
704 3517 857 3600 eognorit
883 3523 1015 3583 meteor.
1039 3517 1055 3580 Ι
1079 3517 1118 3581 12
1141 3537 1173 3599 p.
1189 3517 1270 3582 349ι
1293 3517 1323 3600 5,
1346 3515 1423 3598 quin
1446 3513 1559 3598 etiam,
1583 3515 1669 3597 quod

275 3696 281 3708 Ι
309 3616 399 3681 illum
421 3617 517 3702 fugit,
544 3631 656 3701 stagno
677 3641 734 3700 per
749 3640 828 3702 pono
852 3619 941 3684 Nilne
960 3619 1028 3700 finit
1050 3615 1194 3704 [Aristot.
1215 3619 1307 3683 latin.
1329 3638 1360 3683 v.
1378 3617 1438 3682 137
1462 3637 1494 3700 p.
1509 3617 1583 3700 639,
1607 3618 1668 3683 715

310 3717 349 3783 of.
372 3718 521 3786 Demoer.
544 3723 631 3787 Plao.
648 3722 694 3788 IV
712 3723 734 3786 4
751 3731 769 3782 4
791 3721 905 3788 Seneo.
921 3721 967 3787 VI
985 3721 1005 3786 8
1025 3729 1050 3784 3.
1080 3718 1236 3785 chrestus
1256 3738 1309 3802 ap.
1333 3718 1416 3804 Lyd.
1438 3719 1484 3784 IV
1505 3718 1547 3783 68
1568 3739 1600 3802 p.
1616 3719 1668 3802 99,

309 3818 388 3906 211]
425 3841 491 3885 non
519 3823 648 3904 ignorat
677 3822 808 3887 Aristot.
831 3821 928 3886 anim.
951 3821 1025 3888 hist.
1046 3822 1095 3887 IX
1114 3823 1134 3887 2
1156 3841 1188 3904 p.
1205 3821 1322 3886 597.5
1349 3821 1390 3891 είς
1415 3821 1452 3885 τὰ
1474 3819 1528 3904 91η
1550 3822 1586 3885 τὰ
1607 3819 1668 3885 ἅνω

308 3927 360 4004 τῆς
389 3919 537 4003 Αἰγύπτου
564 3924 633 3987 ὅθεν
656 3927 672 3987 6
696 3921 814 4012 Νεῖλος,
828 3925 880 4008 ῥεῖ.
913 3929 949 3987 nt
975 3921 1201 4004 Theophrasto
1229 3929 1339 3988 tamen
1366 3941 1438 3988 oum
1464 3922 1571 3988 Besso
1599 3923 1668 3988 sive

393 4047 402 4052 -
411 4047 710 4054 -m-—m

383 4095 390 4124 ¹
410 4097 483 4146 deest
502 4105 578 4160 caput
596 4099 622 4146 in
641 4097 754 4158 Stohapo
774 4106 799 4148 et
817 4100 844 4150 in
862 4097 1002 4149 Plutarcho
1021 4099 1080 4147 loeo
1099 4111 1190 4161 parum
1209 4105 1269 4161 apto
1288 4096 1404 4146 traditur.
1427 4095 1474 4144 sed
1492 4111 1549 4145 eum
1567 4097 1632 4146 ratio
1652 4111 1669 4146 a

307 4185 414 4234 Placitis
437 4199 490 4234 non
515 4184 665 4246 abhorreat,
687 4187 780 4236 Attius
803 4193 889 4234 annm
912 4185 978 4233 alius
1003 4187 1103 4246 generis
1122 4183 1224 4246 eclogas
1243 4182 1276 4232 ad
1294 4181 1500 4246 interpolandnm
1520 4183 1569 4233 sibi
1586 4185 1669 4234 soleat

308 4270 433 4334 delegere,
453 4279 582 4335 tamquam
601 4273 633 4323 da
652 4275 765 4336 genuino
784 4273 877 4321 vetusti
896 4271 1040 4320 oolleotorls
1060 4271 1142 4334 eapite
1162 4269 1291 4333 disputare
1310 4271 1395 4318 liceat.

379 4354 542 4408 ²addendus
568 4361 718 4422 fragmentis
740 4358 888 4408 Aristotelis
913 4357 953 4405 hio
977 4358 1048 4406 loeus
1072 4357 1217 4406 Alexandri
1242 4356 1274 4405 ad
1297 4355 1430 4404 meteorol.
1449 4356 1462 4404 1
1484 4355 1515 4406 12
1533 4375 1558 4422 ρ.
1572 4355 1667 4410 34915

306 4445 366 4494 Α1τ1.
383 4441 449 4496 1521
468 4461 493 4509 p.
506 4443 559 4496 86v
572 4441 606 4494 22
616 4459 655 4508 sq.
673 4453 732 4508 post
750 4444 932 4508 paraphrasim
952 4441 1098 4512 ἐπιζητήσει
1111 4439 1135 4493 b'
1157 4441 1186 4494 ἄν
1205 4459 1249 4504 τις,
1267 4445 1322 4499 πῶς
1339 4441 1361 4492 τί
1379 4439 1408 4492 τὸ
1425 4437 1499 4510 θέρος
1516 4440 1591 4512 ξηρόν
1602 4442 1667 4495 ἐστιν

305 4529 341 4588 ιὐς
352 4529 497 4600 προείρηκε·
517 4527 576 4600 παρ’
597 4529 632 4588 οίς
651 4527 786 4598 inponenda
805 4529 855 4580 ίστι
874 4527 902 4580 τὸ
924 4525 1005 4598 θέρος,
1024 4529 1092 4599 παρὰ
1108 4528 1204 4587 τούτοις
1222 4528 1246 4580 ol
1264 4526 1331 4580 benet
1349 4531 1394 4580 τοῦ
1411 4525 1500 4598 θέρους
1518 4528 1632 4599 γίνονται,
1650 4529 1667 4598 ἢ

304 4617 329 4669 αἱ
348 4617 393 4684 μὲν
412 4615 585 4685 ἀναθυμιάσεις
604 4617 648 4668 καὶ
666 4615 691 4666 αἱ
709 4620 762 4667 τῶν
780 4619 861 4683 νεφῶν
880 4617 1006 4675 συστάσεις
1024 4615 1071 4669 obn
1085 4616 1138 4668 ἐκεῖ
1148 4621 1289 4685 γεννῶνται,
1308 4613 1365 4666 ἀλλ’
1385 4614 1432 4667 ὑπὸ
1451 4617 1598 4685 πνευμάτων
1615 4623 1667 4670 τῶν

304 4704 410 4774 ἐτησίων
428 4695 604 4770 ἀπωθοίιρεναι
623 4702 776 4754 συνίστανται
795 4699 830 4758 ὡς
848 4699 927 4769 λέγει,
945 4706 991 4771 τῆς
1009 4701 1035 4754 δὲ
1053 4703 1154 4773 ταχείας
1172 4701 1257 4755 αὐτῶν
1276 4703 1310 4761 είς
1327 4700 1397 4754 ὑετὸν
1414 4699 1555 4773 μεταβολῆς
1572 4703 1588 4774 ἡ
1608 4721 1667 4774 προ-

205 4851 209 4860 .
302 4793 419 4862 ειρημένη
439 4787 600 4856 ἀναθυμίασις
624 4789 689 4842 αίτία
713 4789 748 4848 ὡς
771 4788 835 4858 λέγει
859 4789 884 4841 ἐν
907 4793 958 4847 τοῖς
981 4790 1035 4860 περὶ
1053 4792 1120 4859 (τῆς)
1138 4793 1183 4842 τοῦ
1203 4785 1294 4843 Νείλου
1313 4789 1464 4858 ἀναβάσεως.
1500 4793 1594 4856 legitur
1611 4791 1666 4860 περὶ

302 4881 346 4929 τοῦ
365 4875 398 4930 Ν.
418 4877 556 4946 ἀναβάσιιεν
580 4881 650 4942 quod
672 4881 781 4930 correxi.
813 4879 995 4929 conterendum
1019 4881 1124 4930 esthon
1148 4882 1238 4944 fragm.
1260 4895 1317 4930 enm
1335 4880 1366 4928 tr.
1380 4875 1432 4930 228
1446 4875 1483 4944 (1)
1502 4881 1549 4928 Αε.
1569 4879 1665 4929 Pseud.

302 4983 326 5030 p.
341 4963 389 5016 241
411 4967 518 5016 Aristot.
538 4967 562 5014 d.
582 4965 643 5015 Nilo
663 4965 723 5015 ibid.
743 4963 841 5030 ρ.639,
857 4963 906 5017 135
924 4965 1000 5016 Rose.
