3708 5738
425 401 620 454 HIPPOLYTI
638 400 1002 455 PHILOSOPHUMENON
1023 401 1054 454 12
1064 415 1083 452 ν.
1100 401 1258 456 13.141-4
1457 405 1522 470 565

206 574 329 655 σώματα
351 571 399 636 καὶ
422 571 545 655 συρρυῇ,
567 569 782 654 προσκρούοντα
805 572 941 655 ἀλλήλοις
964 573 1182 656 συμπλέκεσθαι
1198 575 1234 640 ιδ
1250 576 1471 662 ὁμοιοσχήμονα

205 676 253 739 καὶ
276 675 466 760 παραπλήσια
488 674 540 743 τὰς
562 674 689 759 μορφάς,
711 674 759 736 καί
781 673 1035 759 περιπλεχθέντων
1057 676 1180 761 ἀστέρας
1207 678 1347 760 γίνεσθαι,
1377 675 1471 747 αὔξειν

206 779 239 842 δέ
260 778 309 842 καί
331 777 443 862 φθίνειν
466 777 514 839 διά
533 797 596 839 τινα
618 776 754 860 ἀνάγκην.
798 776 840 844 τίς
860 773 887 838 δ’
916 775 950 841 ἂν
972 777 1018 863 εἴη
1041 781 1061 862 ἡ
1085 779 1207 863 ἀνάγκη,
1229 780 1263 843 οίι
1287 781 1427 864 διώρισεν.

290 879 329 945 13
373 877 598 962 Δημόκριτος
624 877 657 941 δέ
683 877 890 942 Λευκίππου
919 880 1024 962 γίνεται
1051 884 1204 966 γνώριμος.
1248 881 1469 966 Δημόκριτος

181 982 404 1064 ιΔαμασίππου
431 977 601 1066 Ἀβδηρίτης
629 981 746 1049 πολλοῖς
777 981 933 1065 συμβαλὼν
962 989 1203 1068 γυμνοσοφισταῖς
1234 983 1265 1047 ἐν
1295 981 1391 1054 Ἰνδοῖς
1421 984 1469 1047 καί

208 1085 329 1166 ἱερεῦσιν
352 1083 382 1146 ἐν
404 1081 544 1167 Αίγύπτιρ
567 1083 615 1146 καὶ
639 1083 824 1166 ἀστρολόγοις
846 1084 894 1146 καλ
917 1084 948 1148 ἐν
971 1082 1126 1170 Βαβυλῶνι
1149 1087 1260 1169 μάγοις.
1391 1085 1467 1170 λέγει
1486 1093 1502 1146 2

206 1187 238 1249 δὲ
261 1187 370 1269 ὁμοίως
393 1185 584 1269 ιλευκίππῳ
607 1185 672 1270 περὶ
694 1185 847 1270 στοιχείων
870 1189 997 1271 πλήρους
1019 1187 1067 1251 καὶ
1092 1191 1192 1266 κενοῦ,
1219 1189 1252 1252 τὸ
1281 1189 1332 1271 μὲν
1360 1191 1469 1272 πλῆρες

206 1289 297 1372 λέγων
322 1287 364 1364 όν,
386 1288 419 1351 τό
444 1289 476 1351 δέ
499 1287 581 1350 κενὸν
604 1286 658 1350 οὐκ
680 1285 728 1349 ὄν·
759 1285 841 1370 ἔλεγε
863 1289 895 1352 δὲ
918 1292 958 1358 ὡς
981 1290 1025 1353 ἀεί
1048 1291 1223 1374 κινουμένων
1245 1295 1303 1354 τῶν
1327 1289 1417 1353 ὄντων
1439 1290 1469 1354 ἐν

208 1396 249 1476 τῷ
278 1395 368 1477 κενῷ·
398 1389 533 1474 ἀπείρους
560 1390 593 1454 δέ
614 1389 686 1454 εἶναι
709 1390 837 1472 κόσμους
858 1392 906 1455 καί
930 1391 1046 1475 μεγέθει
1075 1393 1261 1478 διαφέροντας
1291 1392 1321 1456 ἐν
1351 1393 1406 1456 τισί
1437 1393 1470 1455 δέ

164 1513 187 1551 ιο
206 1495 246 1578 μή
270 1493 341 1558 εἶναι
364 1495 445 1578 ήλιον
468 1493 544 1576 μηδέ
566 1493 700 1576 σελήνην,
723 1491 752 1554 ἐν
774 1495 829 1557 τισλ
852 1495 885 1557 δέ
908 1495 998 1577 μείζω
1020 1501 1079 1559 τῶν
1102 1493 1169 1580 παρ’
1190 1498 1259 1580 ἡμῖν
1283 1496 1331 1560 καί
1357 1495 1387 1558 ἐν
1413 1495 1469 1558 τισὶ

206 1599 309 1661 πλείω.
461 1595 532 1659 εἶναι
566 1597 598 1658 δέ
629 1599 688 1659 τῶν
714 1595 832 1678 κόσμων
861 1597 946 1662 ἄνισα
976 1598 1012 1662 τδ
1041 1601 1238 1683 διαστήματα,
1268 1601 1316 1663 καὶ
1345 1599 1384 1681 πή
1415 1599 1501 1680 μὲν3

207 1700 332 1776 πλείους,
354 1701 394 1782 τῇ
416 1700 450 1762 δέ
471 1699 617 1776 ἐλάττους,
640 1699 687 1762 καὶ
709 1699 777 1770 τοὺς
799 1701 851 1783 μὲν
873 1699 1024 1778 αὔξεσθαι,
1045 1703 1113 1772 τοὺς
1134 1703 1167 1764 δέ
1182 1703 1332 1785 ἀκμάζειν,
1354 1701 1421 1770 τοὺς
1436 1701 1469 1763 δέ

205 1803 326 1886 φθίνειν,
350 1803 398 1865 καὶ
420 1802 459 1884 τῇ
481 1801 533 1883 μὲν
560 1801 705 1884 γίνεσθαι,
732 1802 772 1885 τῇ
794 1803 827 1866 δέ
853 1805 970 1868 λείπειν.
1015 1804 1188 1889 φθείρεσθαι
1218 1804 1250 1867 δέ
1277 1804 1383 1873 αὐτοὺς
1411 1801 1462 1865 ὑπ’

208 1907 342 1992 ἀλλήλων
365 1903 604 1990 προσπίπτοντας.
649 1902 721 1968 εἶναι
744 1904 777 1967 δέ
799 1905 891 1975 ἐνίους
913 1907 1040 1989 κόσμους
1063 1907 1190 1990 ἐρήμους
1205 1904 1290 1991 ζηίων
1307 1907 1354 1970 καὶ
1370 1911 1468 1991 φυτῶν
1562 1925 1565 1928 ·

167 2029 191 2067 ιο
209 2011 256 2072 καὶ
279 2009 385 2077 παντὸς
407 2008 505 2092 ὑγροῦ.
658 2011 710 2070 τοῦ
732 2007 765 2070 δὲ
787 2004 855 2090 παρ’
883 2009 953 2092 ἡμῖν
976 2009 1087 2089 κόσμου
1110 2010 1248 2093 πρότερον
1270 2009 1323 2093 τὴν
1338 2013 1391 2092 γῆν
1406 2012 1465 2070 τῶν
1485 2017 1501 2070 4

204 2111 317 2196 ἄστρων
339 2111 484 2196 γενέσθαι,
507 2108 579 2173 εἶναι
602 2109 709 2193 δὲτὴν
732 2110 784 2192 μέν
807 2112 932 2196 σελήνην
959 2112 1055 2188 κάτω,
1085 2109 1185 2174 ἔπειτα
1212 2111 1261 2174 τδν
1284 2113 1383 2195 ήλιον,
1406 2110 1468 2174 εἶτα

206 2215 272 2284 τοὺς
294 2216 431 2284 ἀπλανεῖς
457 2213 591 2296 ἀστέρας.
634 2213 702 2283 τοὺς
729 2213 762 2276 δέ
788 2214 936 2298 πλανήτας
964 2210 1027 2278 οὐδ’
1055 2213 1160 2284 αὐτοὺς
1189 2211 1267 2300 ἔχειν
1296 2212 1357 2277 ἴσον
1387 2213 1467 2297 ὕψος.

206 2319 344 2401 ἀκμάζειν
374 2317 407 2380 δέ
438 2317 565 2397 κόσμον,
595 2315 652 2386 ἕως
683 2314 717 2379 ἂν
747 2317 849 2400 μηκέτι
883 2316 1002 2400 δύνηται
1028 2314 1139 2385 ἔξωθέν
1172 2340 1198 2378 τι
1227 2315 1467 2400 προσλαμβάνειν.

206 2420 288 2490 οὗτος
312 2418 398 2503 ἐγέλα
419 2419 522 2496 πάντα,
545 2422 586 2488 ως
608 2418 733 2500 γέλωτος
756 2418 842 2488 ἀξίων
865 2421 980 2483 πάντων
1001 2423 1060 2482 τῶν
1083 2419 1113 2482 ἐν
1136 2419 1311 2503 ἀνθρώποις.

166 2541 190 2580 ²⁰
299 2521 338 2588 14
382 2521 587 2606 Ξενοφάνης
619 2521 652 2584 δὲ
683 2524 698 2585 δ
729 2519 917 2606 Κολοφώνιος
943 2518 1137 2606 Ὀρθομένους
1170 2521 1240 2590 υίός.
1293 2519 1376 2591 οὗτος
1410 2521 1467 2591 ἕως

207 2623 306 2708 Κόρου
328 2624 476 2706 διέμεινεν.
513 2624 595 2694 οὗτος
618 2622 676 2709 ἔφη
691 2628 806 2708 πρῶτος
820 2625 1021 2710 ἀκαταληψίαν
1036 2624 1238 2689 εἶναιπάντων
1254 2623 1344 2687 εἰπὼν
1359 2623 1466 2694 οὕτως·

399 2726 424 2789 εί
446 2726 500 2810 γὰρ
522 2727 570 2789 καὶ
593 2727 629 2791 τὰ
655 2729 778 2810 μάλιστα
800 2727 878 2813 τύχη
900 2728 1101 2811 τετελεσμένον
1124 2726 1224 2802 εἰπών,

399 2828 485 2898 αὐτὸς
508 2828 588 2910 όμως
610 2829 664 2893 οίικ
686 2828 757 2906 οίδε,
779 2830 864 2900 δόκος
887 2828 912 2893 δ’
940 2830 988 2894 ἐπὶ
1010 2834 1081 2895 πᾶσι
1103 2830 1244 2894 τέτυκται.

249 2934 325 3014 λέγει
354 2933 387 2995 δέ
415 2931 458 2995 ότι
487 2931 571 2995 οὐδὲν
598 2933 703 3015 γίνεται
725 2933 794 2998 οὐδὲ
815 2933 964 3019 φθείρεται
994 2931 1063 2996 οδδέ
1089 2937 1207 2996 κινεῖται
1239 2932 1287 2994 καί
1311 2931 1354 2996 ότι
1377 2932 1408 2996 ἓν
1430 2933 1499 2995 τδ2

164 3057 188 3094 ει
207 3041 263 3099 πᾶν
286 3035 363 3099 ἐστιν
386 3031 442 3102 ἔξω
466 3035 638 3120 μεταβολῆς.
683 3037 755 3121 φησὶ
778 3038 810 3100 δέ
832 3037 881 3101 καί
903 3038 953 3101 ιδν
976 3035 1045 3099 θεδν
1069 3033 1141 3098 είναι
1164 3035 1255 3098 ἀίδιον
1278 3035 1326 3098 καί
1349 3035 1399 3098 ἕνα
1418 3037 1466 3100 καί

206 3140 305 3220 όμοιον
327 3139 422 3220 πάντη
452 3137 500 3200 καὶ
527 3137 744 3222 πεπερασμένον
772 3140 820 3203 καὶ
848 3139 1017 3224 σφαιροειδῆ
1040 3138 1088 3200 καί
1119 3141 1190 3200 πᾶσι
1213 3141 1271 3206 τοῖς
1293 3139 1403 3222 μορίοις
1425 3138 1466 3202 αί·

205 3240 355 3325 σθητικόν.
508 3237 557 3302 τόν
584 3241 617 3304 δέ
639 3241 720 3325 ήλιον
743 3243 776 3306 ἐκ
799 3247 910 3328 μικρῶν
932 3241 1071 3326 πυριδίων
1097 3239 1314 3324 ἀθροιζομένων
1335 3240 1464 3323 γίνεσθαι
1483 3249 1500 3304 3

204 3341 274 3408 καθ’
304 3343 428 3426 ἑκάστην
451 3343 574 3427 ἡμέραν,
596 3344 648 3426 τήν
671 3345 704 3407 δέ
724 3349 778 3430 γῆν
800 3343 917 3429 ἄπειρον
940 3343 1013 3407 εἶναι
1035 3343 1083 3405 καὶ
1102 3343 1176 3427 μήτε
1205 3339 1255 3405 ὑπ’
1284 3342 1369 3427 ἀέρος
1392 3346 1466 3428 μήτε

205 3447 262 3511 ὑπὸ
288 3449 340 3509 τοῦ
367 3443 491 3530 οὐρανοῦ
512 3445 711 3532 περιέχεσθαι.
756 3448 804 3511 καὶ
833 3445 970 3532 ἀπείρους
992 3445 1091 3530 ἡλίους
1113 3441 1185 3507 είναι
1208 3444 1256 3507 καί
1279 3447 1411 3530 σελήνας,
1433 3447 1469 3510 τὰ

165 3579 189 3616 ιιι
207 3551 240 3613 δὲ
261 3549 355 3612 πάντα
377 3545 450 3612 εἶναι
472 3548 505 3611 ἐκ
527 3553 591 3632 γῆς·
744 3548 828 3620 οὖτος
849 3551 902 3635 τὴν
930 3549 1080 3612 θαλασσαν
1110 3547 1240 3630 ἁλμυρὰν
1268 3545 1325 3633 ἔφη
1355 3547 1403 3611 διὰ
1430 3548 1464 3611 τδ
1482 3565 1499 3617 4

204 3651 299 3715 πολλὰ
322 3652 450 3734 μίγματα
472 3650 599 3736 συρρέειν
622 3651 652 3714 ἐν
674 3653 765 3735 αὐτῇ·
796 3655 813 3718 ό
841 3653 875 3717 δέ
902 3650 1146 3736 Μητρόδωρος
1174 3649 1222 3712 διὰ
1249 3650 1283 3713 τὸ
1312 3649 1342 3712 ἐν
1368 3649 1409 3734 τή
1429 3651 1469 3734 γῇ

155 3834 353 3841 -.---·—---·
1031 3833 1062 3840 ..η

155 3943 270 3996 similiter
288 3944 303 4008 ξ
315 3943 350 3997 30
373 3941 442 4002 τοὺς
465 3961 491 3996 τι
510 3943 648 4013 κόσμους
670 3944 809 4012 γίνεσθαι
862 3959 913 3993 om·
926 3943 948 3994 B
959 3940 974 4010 11
987 3941 1054 4012 λέγω
1066 3947 1089 3996 Τ
1102 3941 1117 4011 ΙΙ
1128 3943 1144 3996 7
1154 3941 1264 4014 πλήρους
1277 3943 1321 3996 καὶ
1333 3947 1407 3996 κενοῦ
1417 3945 1520 3996 delebat

156 4032 310 4098 σωμάτων
342 4031 387 4090 είς
413 4029 447 4084 τὸ
474 4030 564 4084 κενὸν
592 4031 809 4099 ἐμπιπτόντων
862 4029 1519 4101 Προυσαεεδοί.ρ.571,2711οιιαιξ2εί.’1“1εορίιι·.

156 4119 198 4170 καί
217 4115 333 4186 ἀλλήλοις
351 4117 641 4187 περιπλεκομένων,
664 4119 694 4171 ίκ
715 4138 742 4172 τε
764 4125 810 4190 τῆς
862 4119 922 4171 sna
939 4137 965 4184 p.
974 4117 1061 4182 4842.
1080 4116 1205 4187 4832211
1222 4119 1253 4172 10
1266 4119 1343 4188 μείζω
1357 4131 1382 4173 ει
1396 4121 1426 4172 11
1440 4117 1519 4172 πλείω

155 4205 276 4274 κινήσεως
390 4204 531 4275 γίνεσθαι
553 4206 609 4276 τὴν
631 4213 693 4258 τῶν
720 4209 809 4261 ἀστί-
863 4215 941 4268 τουτο,
961 4223 1018 4258 cum
1044 4209 1137 4258 diversi
1162 4212 1262 4272 generis
1286 4206 1356 4277 ήλιος
1379 4217 1405 4260 ει
1427 4205 1518 4278 σελήνη

156 4309 216 4362 ρων
243 4289 332 4362 φδσιν
357 4291 371 4362 ΙΙ
402 4295 413 4346 1
445 4295 530 4364 δρρυεῖ
555 4296 576 4346 Β
606 4291 620 4362 Ιί
653 4294 668 4347 2
697 4293 810 4365 περιπλε-
864 4295 1126 4360 comprehendantur:
1154 4293 1251 4362 μείζους
1278 4305 1304 4347 ει
1330 4291 1428 4352 πλείους
1451 4297 1518 4347 Roe·

155 4376 399 4451 γθίντωνείςδτερα
413 4384 484 4434 libri=
504 4386 604 4434 correxi
623 4385 748 4448 ex·Diog.
762 4386 810 4434 λε.
864 4399 909 4446 ρετ
933 4377 946 4449 ΙΙ
975 4380 1006 4434 13
1030 4378 1150 4432 ἐκλείπειν
1174 4385 1256 4434 Βίιίοι
1280 4377 1292 4450 ίΙ
1317 4379 1349 4435 21
1370 4386 1470 4451 πρῶτος
1488 4385 1518 4433 εί.

156 4471 186 4519 εί.
206 4471 336 4536 Theophr.
351 4471 461 4535 metaph.
482 4487 507 4535 ρ.
521 4467 581 4531 155,
595 4467 629 4521 23
635 4473 676 4521 W.
696 4473 812 4522 uimiliter
863 4471 934 4521 Prol.
948 4487 973 4534 p.
987 4469 1036 4523 146
1050 4466 1063 4536 ΙΙ
1079 4467 1113 4520 22
1126 4471 1237 4521 Karsten
1250 4471 1412 4536 fragm.le
1423 4487 1448 4536 p.
1459 4467 1489 4522 51
1504 4466 1518 4536 ίΙ

156 4565 310 4622 corruptum.
335 4557 367 4608 τά
385 4555 411 4609 δί
430 4557 466 4626 μή
485 4553 682 4626 περιπλεχθίντα
699 4560 810 4624 Βοερετ,
863 4554 898 4608 25
912 4553 937 4607 δὲ
950 4558 1024 4607 τοῦτο
1037 4553 1096 4608 θεὸν
1108 4555 1168 4608 εἶναι
1180 4559 1300 4620 Karsten,
1314 4559 1359 4608 ned
1372 4559 1403 4609 cf.
1416 4557 1520 4622 Βοεμοι

155 4643 188 4700 τίς
212 4641 238 4694 ἐν
261 4640 375 4712 σίιστημα
397 4647 482 4696 ΖοΙΙει·
513 4644 525 4710 β
553 4643 570 4696 3
593 4642 640 4711 τὴν
664 4644 734 4696 libri:
757 4661 811 4696 τινα
863 4644 952 4710 [1617
973 4641 985 4712 Η
1007 4641 1041 4698 26
1066 4641 1095 4695 οίι
1118 4644 1301 4713 πεπερασμένον
1324 4647 1435 4698 wolfius
1462 4661 1520 4695 υυιυ

155 4747 220 4782 corr.
243 4733 347 4797 Roeper
369 4736 435 4784 conl.
458 4734 537 4798 Diog.
555 4734 595 4784 lx
613 4729 646 4783 32
669 4732 735 4784 κατά
756 4749 811 4784 τινα
863 4731 1356 4798 Ιδαδιίοίο,ιοι1οί.εδΤλεορλτ.ίι.5
1374 4750 1399 4800 p.
1412 4731 1490 4794 4819
1505 4724 1518 4797 ΙΙ

156 4817 266 4885 ἀνάγκην
284 4815 315 4885 ἣν
333 4815 405 4870 όποίε
424 4818 491 4872 ἐστὶν
509 4817 539 4872 οίι
557 4818 672 4889 διασαφεῖ
688 4822 719 4872 ef.
738 4822 810 4872 Ptol.
862 4817 894 4870 31
914 4815 994 4888 σίιρειν
1012 4818 1038 4871 ἐν
1056 4819 1132 4888 ίαυτή
1144 4818 1354 4886 ιαιιΙεῙδοερετῙΙ
1369 4818 1400 4871 31
1417 4821 1519 4870 δολόε-

156 4923 179 4970 ρ.
198 4903 246 4958 165
268 4902 281 4971 ίΙ
301 4904 317 4958 5
336 4903 470 4976 αδδήριτης
482 4910 540 4960 libri
560 4911 590 4960 cf.
603 4910 675 4962 Prol.
694 4925 718 4973 p.
732 4905 783 4960 234
795 4904 808 4974 ί,
863 4909 961 4958 trodori
985 4909 1117 4959 mentione
1141 4909 1172 4958 cf.
1196 4909 1268 4961 Ptol.
1287 4923 1310 4973 ρ.
1327 4905 1376 4960 153
1396 4902 1410 4976 ΙΙ
1430 4923 1464 4960 ευ
1480 4905 1520 4960 διδ

156 4989 339 5061 σνμβιίλλωνΒ
355 4989 399 5063 116
419 4995 462 5048 καὶ
480 4994 637 5065 ἀστρολόγοις
655 4998 747 5060 vulgo:
767 4993 810 5046 καλ
861 4991 890 5046 τδ
908 4992 948 5046 διδ
965 4997 1011 5063 τῆς
1029 4996 1075 5062 γῆς
1094 4995 1125 5046 es.
1144 5011 1169 5060 p.
1184 4993 1270 5057 4957
