3756 5736
708 431 981 483 Pnonnnannnn
1461 429 1522 492 189

203 601 820 666 4tAnaeimandertiitesiasrideri
913 599 1149 666 Planities
1196 599 1460 684 Ἀναξίμανδρος
1494 601 1523 662 ἐν

158 703 685 785 σι’δίεασηαυίεινσφυευσίεγαολίε
693 711 820 766 eoortos
872 702 949 787 ὑγρῷ
972 702 1144 788 γεννηθῆναι
1167 703 1203 766 τὰ
1218 707 1320 786 πρῶτα
1335 705 1399 786 ζῷα
1414 703 1525 784 φλοιοῖς

161 825 229 870 esse
242 808 308 869 siae
322 807 424 887 pisces
437 826 492 868 seu
506 805 646 888 piscibus
663 807 820 870 simillima
870 806 1063 890 περιεχόμενα
1090 805 1289 884 ἀκανθώδεσι,
1316 805 1526 890 προβαινούσης

161 909 324 984 animatia,
346 912 379 970 t'n
401 908 449 971 bis
470 909 607 972 homines
628 909 820 973 aanoreos'sse
871 907 904 969 δὲ
925 912 977 990 τῆς
1000 908 1114 990 ἡλικίας
1136 909 1301 992 ἀποβαίνειν
1323 907 1370 970 ἐπὶ
1392 908 1426 970 τὸ
1445 906 1526 991 ξηρό-

160 1013 302 1094 [emaque
328 1012 371 1074 att
396 1011 589 1092 pubertatem
610 1013 694 1074 intus
715 1021 820 1074 reten-
871 1030 952 1092 τερον
979 1009 1027 1071 καὶ
1055 1011 1315 1094 περιρρηγνυμένου
1342 1013 1394 1072 τοῦ
1422 1013 1526 1093 φλοιοῦ

162 1123 224 1190 tos,
255 1122 330 1194 tuno
359 1113 478 1177 ιλειιιιιιιι
507 1116 608 1194 ruptis
634 1115 707 1178 ittos
734 1116 820 1177 oiros
872 1109 917 1174 ἐπ’
943 1111 1038 1194 ὀλίγον
1053 1111 1157 1197 χρόνον
1174 1113 1348 1198 μεταβιῶναι
1372 1111 1411 1176 ef.
1427 1131 1527 1197 supra

161 1217 364 1298 mulieresque
386 1217 439 1298 qui
458 1219 522 1280 iam
543 1236 577 1280 se
598 1217 682 1280 utere
694 1223 821 1298 possent
872 1235 903 1298 p.
923 1213 994 1278 135.

160 1321 360 1402 promsisse.

206 1415 822 1503 8Empodootes¹autem...tate
916 1420 1151 1486 Ptanvleo
1198 1417 1434 1505 Ἐμπεδοκλῆς
1474 1423 1527 1492 τὰς
1632 1421 1634 1426 ’

163 1526 311 1608 quiddam
339 1526 509 1606 arnmot.
553 1527 656 1605 prs'mo
687 1525 822 1589 membra
873 1527 990 1608 πρώτας
1017 1525 1140 1607 γενέσεις
1161 1528 1220 1586 τῶν
1243 1515 1329 1609 (spur
1358 1525 1406 1588 καὶ
1428 1530 1526 1610 φυτῶν

162 1630 286 1710 moute
323 1647 363 1691 ea
402 1636 487 1692 terra
525 1630 617 1710 quasi
651 1635 822 1708 proepnate
874 1629 1017 1710 μηδαμῶς
1029 1625 1527 1713 δλοκλήρουςγενέσθαι,ἀσυμφυέσι

161 1733 281 1811 μανείην
296 1731 382 1793 eds'ta
397 1730 508 1793 amede
523 1732 623 1793 oas'sse
641 1737 671 1791 et
685 1729 822 1812 effecisse
874 1731 907 1793 δὲ
932 1733 992 1798 τοῖς
1025 1731 1134 1813 μορίοις
1166 1728 1380 1811 διεζευγμένας,
1412 1730 1463 1799 τὰς
1495 1731 1527 1794 δὲ

162 1833 257 1896 sottti
278 1834 410 1897 bominis
431 1835 594 1898 materiam
608 1835 673 1913 ἱραί
687 1835 779 1895 simut
794 1841 822 1894 et
874 1831 1007 1916 δευτέρας
1030 1831 1241 1916 συμφυομένων
1257 1837 1315 1894 τῶν
1336 1838 1431 1916 μερῶν
1447 1833 1527 1896 εἰδω-

162 1939 264 1998 nmori
282 1939 479 2018 permistam.
497 1984 504 2000 .
521 1983 529 2000 .
873 1937 1017 2020 λοφανεῖς,
1034 1934 1085 2004 τὰς
1096 1935 1129 1997 δὲ
1139 1935 1235 2018 τρίτας
1246 1939 1304 1997 τῶν
1317 1937 1451 2020 δλοφυῶν
1465 1937 1527 1996 κτλ.

205 2039 281 2102 isaeo
292 2040 400 2103 eaden
411 2041 517 2122 opinio
529 2041 622 2102 etiam
632 2041 665 2100 in
676 2038 821 2100 Parme-

163 2141 250 2204 niae
276 2140 419 2206 Vetins*
447 2152 476 2206 te
502 2143 563 2223 fuit
590 2141 736 2221 pauentis
765 2161 824 2204 eo-

163 2247 260 2326 eeptis
282 2245 323 2308 ab
343 2243 568 2327 Empestoote†
590 2239 774 2307 dissensis.'

208 2355 224 2408 9
253 2349 470 2411 Democrito
495 2366 570 2411 oero
592 2346 761 2410 Abderitae
782 2365 823 2409 ea
916 2337 955 2404 oi.
979 2339 1067 2405 Plan.
1081 2338 1107 2403 V
1121 2338 1274 2422 19[aat.]
1290 2339 1416 2421 Prolog.
1429 2359 1460 2421 p.
1475 2341 1526 2403 21.

164 2468 249 2532 aqua
263 2451 395 2532 ratoque
406 2452 541 2532 ροίιιιαιιι
555 2451 655 2514 annm
674 2457 718 2512 est
734 2445 820 2530 [libri

164 2553 262 2634 esse]
284 2553 421 2617 homines
440 2561 633 2635 promeotos.

207 2675 264 2719 neo
298 2657 386 2737 tonos
423 2675 513 2719 secas
545 2657 744 2737 Epicuros.
792 2652 822 2712 is
915 2644 1010 2711 alitor
1033 2645 1225 2711 planior.

164 2759 245 2822 enim
259 2758 392 2822 aedidit
403 2760 475 2823 timo
493 2759 629 2839 oatsaeto
646 2763 751 2818 uteros
762 2772 821 2815 ne-

163 2864 231 2924 seio
253 2879 330 2943 quos
351 2862 512 2925 sortiritros
535 2869 638 2924 terroe
653 2857 820 2921 notamen-

165 2974 209 3028 tes
236 2967 371 3047 primm
399 2964 568 3027 increvisse
595 2969 623 3024 et
649 2959 821 3041 insontibus

165 3087 206 3132 eu
227 3087 262 3130 se
277 3067 368 3130 editis
383 3069 550 3149 inponitam
573 3065 664 3127 tactis
685 3080 821 3126 umorem

163 3178 280 3234 natura
301 3171 498 3234 ministrante
518 3166 713 3249 praebuisse,
745 3183 821 3246 quos

164 3275 211 3338 ita
233 3273 384 3337 εάυοσίοε
406 3281 435 3336 et
457 3270 582 3335 adnttos
603 3287 698 3350 amus
719 3267 821 3331 bomi-

164 3396 237 3440 num
256 3394 463 3458 propaoasse.

247 3483 400 3544 secuntur
423 3474 563 3543 Zenonis
592 3479 624 3540 et
647 3469 907 3558 mythologorum
935 3469 1118 3536 sententiae
1140 3468 1190 3556 [ot.
1215 3469 1347 3536 Servius
1370 3471 1413 3535 nd
1435 3471 1531 3554 Vorg.

164 3579 277 3646 Aenl
297 3581 384 3646 tte.

249 3683 270 3748 5
289 3690 306 3744 t
338 3581 434 3765 igitur
452 3699 573 3745 semen
587 3678 670 3741 onae
685 3681 777 3740 υσυαλ
798 3676 882 3738 inter
902 3676 1077 3755 sapientiae
1097 3677 1294 3756 professores
1316 3693 1378 3738 non
1401 3683 1531 3738 oorsstat.

208 3787 448 3850 Parmenides
471 3786 551 3849 em‘m
573 3791 635 3845 istm
650 3801 690 3844 aa
705 3780 825 3844 aratus
919 3777 1008 3843 Plau.
1026 3777 1054 3842 V
1072 3779 1126 3842 tt
1171 3777 1361 3864 Ἀναξαγόρας
1395 3779 1533 3864 Παρμενί-

168 3897 231 3952 tum
254 3909 270 3952 e
294 3889 392 3953 laeam
412 3887 555 3971 partibus
577 3885 657 3949 ariri
678 3884 810 3965 putavit.
878 3881 931 3964 δης
944 3882 980 3945 τὰ
997 3882 1049 3964 μὲν
1065 3883 1168 3945 ἐκτῶν
1184 3881 1284 3951 δεξιῶν
1301 3881 1534 3967 καταβαλλεσδαι

208 3991 375 4073 Hipponi
395 4009 469 4054 oero
485 3988 695 4069 Metapontino
713 3987 779 4049 sios
793 3991 826 4046 nt
878 3982 919 4052 είς
945 3984 981 4047 τὰ
1003 3982 1080 4052 δεξιὰ
1108 3985 1182 4068 μέρη
1208 3989 1261 4068 τῆς
1284 3987 1410 4068 μήτρας,
1436 3983 1472 4046 τὰ
1501 3981 1528 4044 δ’

167 4093 375 4158 Aristoaerom
402 4101 513 4157 auetor
545 4099 589 4154 est
616 4085 755 4152 Βαναία·
786 4105 826 4148 ee
879 4085 913 4148 ἐκ
935 4089 993 4148 τῶν
1016 4087 1175 4171 ἀριστερῶν
1197 4086 1239 4155 εἰς
1259 4087 1296 4150 τὰ
1318 4087 1465 4171 ἀριστερά.

167 4197 310 4260 nsetnttis
320 4195 474 4277 propinem
485 4213 587 4258 sennen
597 4191 719 4255 ridetur
733 4189 827 4270 itique

169 4317 205 4361 eo
217 4299 351 4381 probari
362 4299 446 4380 quod
454 4307 526 4380 post
544 4295 761 4360 admissionem
770 4310 828 4372 pe-

169 4400 320 4464 onaumsi
336 4402 404 4482 onis
420 4419 523 4464 mores
537 4400 692 4462 interimat
706 4393 829 4458 meant·
924 4389 963 4456 εί.
986 4389 1154 4479 Hippolyt.
1173 4393 1213 4457 16
1232 4399 1258 4456 u.

170 4502 219 4565 tas
240 4510 347 4585 utpote
370 4503 539 4567 esbonstas
565 4519 628 4565 non
650 4499 800 4580 reperiat.

242 4673 250 4704 ¹
270 4676 337 4726 hano
356 4679 506 4742 opinionem
526 4679 553 4728 in
572 4679 657 4728 tonum
675 4672 861 4738 lepidissimum
879 4671 955 4720 vertit
966 4670 1050 4719 Varro
1070 4672 1097 4720 in
1109 4671 1297 4722 Eumenidibus
1316 4679 1404 4721 satura
1421 4671 1452 4720 tr.
1472 4667 1535 4720 ute

169 4757 216 4824 [λδ
226 4761 262 4825 R]
280 4757 454 4828 Empedocles
472 4771 552 4815 natos
571 4759 688 4814 homines
707 4773 739 4810 aa
758 4765 831 4809 terro
849 4755 889 4808 ait
905 4763 935 4806 ut
954 4753 1054 4806 blitum.
1533 4742 1541 4756 ’

241 4845 424 4902 'sentsntism
451 4853 596 4903 mamistam
626 4851 663 4900 sie
694 4847 830 4910 intellego:
863 4841 981 4894 Vetisasi
1008 4841 1118 4909 [libate]
1141 4843 1198 4910 snit
1221 4858 1249 4911 p.
1273 4859 1295 4896 e.
1314 4841 1347 4893 ab
1374 4837 1536 4905 tempsanae

170 4951 224 4985 non
243 4933 427 4992 dissentiente.

245 5019 304 5074 ’en
324 5024 459 5076 lamblich.
478 5025 511 5075 V.
530 5025 561 5076 P.
581 5020 632 5077 267
651 5023 736 5074 notter
753 5015 783 5072 1⁴
796 5013 873 5069 232³.
