<?xml version="1.0" encoding="UTF-8"?>
<!DOCTYPE html PUBLIC "-//W3C//DTD XHTML 1.0 Transitional//EN"
    "http://www.w3.org/TR/xhtml1/DTD/xhtml1-transitional.dtd">
<html xmlns="http://www.w3.org/1999/xhtml" xml:lang="en" lang="en">
 <head>
  <title>
</title>
<meta http-equiv="Content-Type" content="text/html;charset=utf-8" />
  <meta name='ocr-system' content='tesseract 3.04.00' />
  <meta name='ocr-capabilities' content='ocr_page ocr_carea ocr_par ocr_line ocrx_word'/>
</head>
<body>
  <div class='ocr_page' id='page_1' title='image "./doxographigraec01dielgoog/doxographigraec01dielgoog_0066.png"; bbox 0 0 3710 5730; ppageno 0'>
   <div class='ocr_carea' id='block_1_1' title="bbox 695 402 1505 466">
    <p class='ocr_par' dir='ltr' id='par_1_1' title="bbox 695 402 1505 466">
     <span class='ocr_line' id='line_1_1' title="bbox 695 402 1505 466; baseline -0.001 -14"><span class='ocrx_word' id='word_1_1' title='bbox 695 402 969 452; x_wconf 80' lang='lat' dir='ltr'>PROLEGOMENA</span> <span class='ocrx_word' id='word_1_2' title='bbox 1466 403 1505 466; x_wconf 86' lang='lat'>51</span> 
     </span>
    </p>
   </div>
   <div class='ocr_carea' id='block_1_2' title="bbox 145 563 1511 2290">
    <p class='ocr_par' dir='ltr' id='par_1_2' title="bbox 145 563 1511 1880">
     <span class='ocr_line' id='line_1_2' title="bbox 236 563 1509 655; baseline 0 -22"><span class='ocrx_word' id='word_1_3' title='bbox 236 563 323 633; x_wconf 67' lang='lat'>15&#39;4</span> <span class='ocrx_word' id='word_1_4' title='bbox 357 567 401 632; x_wconf 79' lang='grc' dir='ltr'>ὅτι</span> <span class='ocrx_word' id='word_1_5' title='bbox 430 566 463 630; x_wconf 80' lang='grc' dir='ltr'>δὲ</span> <span class='ocrx_word' id='word_1_6' title='bbox 484 565 601 652; x_wconf 81' lang='grc' dir='ltr'>ἄπειρος</span> <span class='ocrx_word' id='word_1_7' title='bbox 628 570 703 632; x_wconf 87' lang='grc' dir='ltr'>κατὰ</span> <span class='ocrx_word' id='word_1_8' title='bbox 731 571 765 632; x_wconf 87' lang='grc' dir='ltr'>τὸ</span> <span class='ocrx_word' id='word_1_9' title='bbox 791 569 905 653; x_wconf 79' lang='grc' dir='ltr'>πλῆθος</span> <span class='ocrx_word' id='word_1_10' title='bbox 933 571 1113 651; x_wconf 85' lang='lat' dir='ltr'>[mundue]‚</span> <span class='ocrx_word' id='word_1_11' title='bbox 1156 573 1244 655; x_wconf 78' lang='grc' dir='ltr'>δῆλον</span> <span class='ocrx_word' id='word_1_12' title='bbox 1272 573 1305 634; x_wconf 75' lang='grc' dir='ltr'>ἐκ</span> <span class='ocrx_word' id='word_1_13' title='bbox 1331 576 1382 634; x_wconf 87' lang='grc' dir='ltr'>τοῦ</span> <span class='ocrx_word' id='word_1_14' title='bbox 1403 571 1509 655; x_wconf 80' lang='grc' dir='ltr'>ἄπειρα</span> 
     </span>
     <span class='ocr_line' id='line_1_3' title="bbox 145 668 1508 758; baseline 0.003 -26"><span class='ocrx_word' id='word_1_15' title='bbox 145 669 183 734; x_wconf 82' lang='grc' dir='ltr'>τὰ</span> <span class='ocrx_word' id='word_1_16' title='bbox 208 668 287 734; x_wconf 79' lang='grc' dir='ltr'>αἴτια</span> <span class='ocrx_word' id='word_1_17' title='bbox 317 669 401 734; x_wconf 78' lang='grc' dir='ltr'>εἶναι.</span> <span class='ocrx_word' id='word_1_18' title='bbox 433 669 536 754; x_wconf 79' lang='grc' dir='ltr'>είγάρ</span> <span class='ocrx_word' id='word_1_19' title='bbox 564 673 580 734; x_wconf 85' lang='grc' dir='ltr'>δ</span> <span class='ocrx_word' id='word_1_20' title='bbox 608 672 660 754; x_wconf 79' lang='grc' dir='ltr'>μὲν</span> <span class='ocrx_word' id='word_1_21' title='bbox 682 672 791 753; x_wconf 86' lang='grc' dir='ltr'>κόσμος</span> <span class='ocrx_word' id='word_1_22' title='bbox 813 673 1029 758; x_wconf 75' lang='grc' dir='ltr'>πεπερασμένος</span> <span class='ocrx_word' id='word_1_23' title='bbox 1055 673 1092 736; x_wconf 84' lang='grc' dir='ltr'>τὰ</span> <span class='ocrx_word' id='word_1_24' title='bbox 1121 673 1154 736; x_wconf 83' lang='grc' dir='ltr'>δὲ</span> <span class='ocrx_word' id='word_1_25' title='bbox 1175 673 1253 736; x_wconf 83' lang='grc' dir='ltr'>αἴτια</span> <span class='ocrx_word' id='word_1_26' title='bbox 1279 675 1373 738; x_wconf 88' lang='grc' dir='ltr'>πάντα</span> <span class='ocrx_word' id='word_1_27' title='bbox 1394 673 1508 758; x_wconf 82' lang='grc' dir='ltr'>ἄπειρα,</span> 
     </span>
     <span class='ocr_line' id='line_1_4' title="bbox 146 771 1509 860; baseline 0.003 -26"><span class='ocrx_word' id='word_1_28' title='bbox 146 772 177 842; x_wconf 76' lang='grc' dir='ltr'>ἐξ</span> <span class='ocrx_word' id='word_1_29' title='bbox 200 774 242 836; x_wconf 83' lang='grc' dir='ltr'>ὤν</span> <span class='ocrx_word' id='word_1_30' title='bbox 264 773 339 838; x_wconf 78' lang='grc' dir='ltr'>ῦδο1</span> <span class='ocrx_word' id='word_1_31' title='bbox 362 775 379 836; x_wconf 82' lang='grc' dir='ltr'>ὁ</span> <span class='ocrx_word' id='word_1_32' title='bbox 398 771 507 854; x_wconf 83' lang='grc' dir='ltr'>κόσμος</span> <span class='ocrx_word' id='word_1_33' title='bbox 525 773 648 856; x_wconf 79' lang='grc' dir='ltr'>γέγοναν,</span> <span class='ocrx_word' id='word_1_34' title='bbox 668 775 778 857; x_wconf 75' lang='grc' dir='ltr'>ἀνάγκη</span> <span class='ocrx_word' id='word_1_35' title='bbox 799 774 934 858; x_wconf 81' lang='grc' dir='ltr'>ἀπείρους</span> <span class='ocrx_word' id='word_1_36' title='bbox 955 775 1038 840; x_wconf 75' lang='grc' dir='ltr'>εἶναι.</span> <span class='ocrx_word' id='word_1_37' title='bbox 1071 775 1144 838; x_wconf 84' lang='grc' dir='ltr'>ὅπου</span> <span class='ocrx_word' id='word_1_38' title='bbox 1166 777 1220 860; x_wconf 80' lang='grc' dir='ltr'>γὰρ</span> <span class='ocrx_word' id='word_1_39' title='bbox 1242 777 1279 838; x_wconf 80' lang='grc' dir='ltr'>τὰ</span> <span class='ocrx_word' id='word_1_40' title='bbox 1301 774 1378 839; x_wconf 80' lang='grc' dir='ltr'>αἴτια</span> <span class='ocrx_word' id='word_1_41' title='bbox 1399 777 1509 838; x_wconf 87' lang='grc' dir='ltr'>πάντα</span> 
     </span>
     <span class='ocr_line' id='line_1_5' title="bbox 147 874 1509 963; baseline 0.004 -25"><span class='ocrx_word' id='word_1_42' title='bbox 147 876 210 940; x_wconf 78' lang='grc' dir='ltr'>ἐκεῖ</span> <span class='ocrx_word' id='word_1_43' title='bbox 242 877 291 940; x_wconf 86' lang='grc' dir='ltr'>καὶ</span> <span class='ocrx_word' id='word_1_44' title='bbox 323 874 555 957; x_wconf 76' lang='grc' dir='ltr'><strong>ἀποτελέσματα.</strong></span> <span class='ocrx_word' id='word_1_45' title='bbox 593 876 671 940; x_wconf 85' lang='grc' dir='ltr'>αἴτια</span> <span class='ocrx_word' id='word_1_46' title='bbox 697 878 730 940; x_wconf 84' lang='grc' dir='ltr'>δὲ</span> <span class='ocrx_word' id='word_1_47' title='bbox 756 875 821 960; x_wconf 84' lang='grc' dir='ltr'>ἤτοι</span> <span class='ocrx_word' id='word_1_48' title='bbox 852 878 882 939; x_wconf 86' lang='grc' dir='ltr'>αἱ</span> <span class='ocrx_word' id='word_1_49' title='bbox 908 877 1011 960; x_wconf 83' lang='grc' dir='ltr'>ἄτομοι</span> <span class='ocrx_word' id='word_1_50' title='bbox 1038 878 1057 960; x_wconf 86' lang='grc' dir='ltr'><strong>ἣ</strong></span> <span class='ocrx_word' id='word_1_51' title='bbox 1087 878 1124 946; x_wconf 83' lang='grc' dir='ltr'>τὰ</span> <span class='ocrx_word' id='word_1_52' title='bbox 1152 881 1292 963; x_wconf 84' lang='grc' dir='ltr'>στοιχεῖα.</span> <span class='ocrx_word' id='word_1_53' title='bbox 1332 877 1414 942; x_wconf 78' lang='lat' dir='ltr'>talia</span> <span class='ocrx_word' id='word_1_54' title='bbox 1440 875 1509 943; x_wconf 86' lang='lat' dir='ltr'>fere</span> 
     </span>
     <span class='ocr_line' id='line_1_6' title="bbox 147 976 1508 1064; baseline 0.001 -22"><span class='ocrx_word' id='word_1_55' title='bbox 147 976 311 1044; x_wconf 80' lang='lat' dir='ltr'>Stobeens</span> <span class='ocrx_word' id='word_1_56' title='bbox 343 984 376 1042; x_wconf 83' lang='lat' dir='ltr'>et</span> <span class='ocrx_word' id='word_1_57' title='bbox 398 977 593 1044; x_wconf 71' lang='lat' dir='ltr'><strong>Plutarchus</strong></span> <span class='ocrx_word' id='word_1_58' title='bbox 621 977 683 1044; x_wconf 88' lang='lat' dir='ltr'>nisi</span> <span class='ocrx_word' id='word_1_59' title='bbox 712 978 799 1062; x_wconf 89' lang='lat' dir='ltr'>qnod</span> <span class='ocrx_word' id='word_1_60' title='bbox 824 978 877 1044; x_wconf 89' lang='lat' dir='ltr'>hio</span> <span class='ocrx_word' id='word_1_61' title='bbox 906 981 980 1044; x_wconf 82' lang='grc' dir='ltr'>ὅπου</span> <span class='ocrx_word' id='word_1_62' title='bbox 1005 981 1060 1064; x_wconf 82' lang='grc' dir='ltr'>γὰρ</span> <span class='ocrx_word' id='word_1_63' title='bbox 1088 981 1125 1043; x_wconf 79' lang='grc' dir='ltr'>τὰ</span> <span class='ocrx_word' id='word_1_64' title='bbox 1146 981 1240 1043; x_wconf 75' lang='grc' dir='ltr'>πάντα</span> <span class='ocrx_word' id='word_1_65' title='bbox 1261 979 1339 1044; x_wconf 83' lang='grc' dir='ltr'>αἴτια</span> <span class='ocrx_word' id='word_1_66' title='bbox 1361 981 1508 1046; x_wconf 81' lang='lat' dir='ltr'>oollooet.</span> 
     </span>
     <span class='ocr_line' id='line_1_7' title="bbox 147 1079 1510 1166; baseline 0.001 -22"><span class='ocrx_word' id='word_1_67' title='bbox 147 1079 206 1146; x_wconf 88' lang='lat' dir='ltr'>sed</span> <span class='ocrx_word' id='word_1_68' title='bbox 228 1079 409 1164; x_wconf 78' lang='lat' dir='ltr'>syllogismi</span> <span class='ocrx_word' id='word_1_69' title='bbox 434 1099 555 1146; x_wconf 85' lang='lat' dir='ltr'>nervus</span> <span class='ocrx_word' id='word_1_70' title='bbox 582 1081 739 1146; x_wconf 84' lang='lat' dir='ltr'>exoiditur</span> <span class='ocrx_word' id='word_1_71' title='bbox 764 1081 827 1146; x_wconf 88' lang='lat' dir='ltr'>nisi</span> <span class='ocrx_word' id='word_1_72' title='bbox 855 1081 1020 1148; x_wconf 89' lang='lat' dir='ltr'>notionem</span> <span class='ocrx_word' id='word_1_73' title='bbox 1047 1081 1258 1166; x_wconf 80' lang='lat' dir='ltr'>principalem</span> <span class='ocrx_word' id='word_1_74' title='bbox 1284 1089 1317 1148; x_wconf 88' lang='lat' dir='ltr'>et</span> <span class='ocrx_word' id='word_1_75' title='bbox 1345 1081 1510 1148; x_wconf 81' lang='lat' dir='ltr'>effioaoom</span> 
     </span>
     <span class='ocr_line' id='line_1_8' title="bbox 146 1181 1509 1268; baseline -0.001 -21"><span class='ocrx_word' id='word_1_76' title='bbox 146 1181 312 1247; x_wconf 75' lang='lat' dir='ltr'><strong>addideris</strong></span> <span class='ocrx_word' id='word_1_77' title='bbox 333 1182 448 1266; x_wconf 80' lang='grc' dir='ltr'>ἄπειρα.</span> <span class='ocrx_word' id='word_1_78' title='bbox 480 1181 543 1248; x_wconf 90' lang='lat' dir='ltr'>hoo</span> <span class='ocrx_word' id='word_1_79' title='bbox 564 1182 714 1248; x_wconf 89' lang='lat' dir='ltr'>nimirum</span> <span class='ocrx_word' id='word_1_80' title='bbox 736 1183 819 1248; x_wconf 86' lang='lat' dir='ltr'>vidit</span> <span class='ocrx_word' id='word_1_81' title='bbox 839 1182 973 1250; x_wconf 88' lang='lat' dir='ltr'>Reiskei</span> <span class='ocrx_word' id='word_1_82' title='bbox 994 1203 1147 1268; x_wconf 82' lang='lat' dir='ltr'>neumen,</span> <span class='ocrx_word' id='word_1_83' title='bbox 1170 1183 1224 1267; x_wconf 90' lang='lat' dir='ltr'>qui</span> <span class='ocrx_word' id='word_1_84' title='bbox 1246 1183 1412 1250; x_wconf 81' lang='lat' dir='ltr'>constituit</span> <span class='ocrx_word' id='word_1_85' title='bbox 1435 1183 1509 1248; x_wconf 82' lang='grc' dir='ltr'>ὅπου</span> 
     </span>
     <span class='ocr_line' id='line_1_9' title="bbox 147 1283 1511 1370; baseline 0.001 -22"><span class='ocrx_word' id='word_1_86' title='bbox 147 1285 202 1369; x_wconf 78' lang='grc' dir='ltr'>γὰρ</span> <span class='ocrx_word' id='word_1_87' title='bbox 224 1283 329 1368; x_wconf 78' lang='grc' dir='ltr'>ἄπειρα</span> <span class='ocrx_word' id='word_1_88' title='bbox 350 1285 388 1348; x_wconf 81' lang='grc' dir='ltr'>τὰ</span> <span class='ocrx_word' id='word_1_89' title='bbox 408 1283 497 1364; x_wconf 78' lang='grc' dir='ltr'>αἴτια,</span> <span class='ocrx_word' id='word_1_90' title='bbox 519 1285 582 1348; x_wconf 81' lang='grc' dir='ltr'>ἐκεῖ</span> <span class='ocrx_word' id='word_1_91' title='bbox 601 1287 649 1350; x_wconf 84' lang='grc' dir='ltr'>καὶ</span> <span class='ocrx_word' id='word_1_92' title='bbox 672 1287 709 1350; x_wconf 81' lang='grc' dir='ltr'>τὰ</span> <span class='ocrx_word' id='word_1_93' title='bbox 730 1286 962 1368; x_wconf 81' lang='grc' dir='ltr'>ἀποτελέσματα.</span> <span class='ocrx_word' id='word_1_94' title='bbox 990 1286 1070 1351; x_wconf 93' lang='lat' dir='ltr'>illud</span> <span class='ocrx_word' id='word_1_95' title='bbox 1089 1288 1126 1350; x_wconf 87' lang='grc' dir='ltr'>τὰ</span> <span class='ocrx_word' id='word_1_96' title='bbox 1141 1292 1215 1370; x_wconf 84' lang='lat' dir='ltr'>poet</span> <span class='ocrx_word' id='word_1_97' title='bbox 1233 1287 1281 1350; x_wconf 82' lang='lat' dir='ltr'>rui</span> <span class='ocrx_word' id='word_1_98' title='bbox 1297 1286 1511 1370; x_wconf 77' lang='lat' dir='ltr'>expleverant</span> 
     </span>
     <span class='ocr_line' id='line_1_10' title="bbox 148 1385 1509 1472; baseline 0.001 -22"><span class='ocrx_word' id='word_1_99' title='bbox 148 1387 213 1452; x_wconf 78' lang='lat' dir='ltr'>ium</span> <span class='ocrx_word' id='word_1_100' title='bbox 228 1386 410 1472; x_wconf 72' lang='lat' dir='ltr'>Bynsntini</span> <span class='ocrx_word' id='word_1_101' title='bbox 426 1385 566 1453; x_wconf 76' lang='lat' dir='ltr'>fortasse</span> <span class='ocrx_word' id='word_1_102' title='bbox 581 1387 736 1470; x_wconf 82' lang='lat' dir='ltr'>seriptum</span> <span class='ocrx_word' id='word_1_103' title='bbox 751 1395 821 1454; x_wconf 85' lang='lat' dir='ltr'>eret</span> <span class='ocrx_word' id='word_1_104' title='bbox 834 1388 1083 1470; x_wconf 77' lang='grc' dir='ltr'>τάποτιλέσματα.</span> <span class='ocrx_word' id='word_1_105' title='bbox 1110 1387 1197 1454; x_wconf 90' lang='lat' dir='ltr'>unde</span> <span class='ocrx_word' id='word_1_106' title='bbox 1211 1393 1320 1453; x_wconf 81' lang='lat' dir='ltr'>tamon</span> <span class='ocrx_word' id='word_1_107' title='bbox 1335 1394 1509 1464; x_wconf 88' lang='grc' dir='ltr'>ΠΑΝΤΑ</span> 
     </span>
     <span class='ocr_line' id='line_1_11' title="bbox 146 1487 1510 1574; baseline 0.001 -22"><span class='ocrx_word' id='word_1_108' title='bbox 146 1488 181 1553; x_wconf 94' lang='lat' dir='ltr'>in</span> <span class='ocrx_word' id='word_1_109' title='bbox 196 1487 322 1555; x_wconf 79' lang='lat' dir='ltr'>litteras</span> <span class='ocrx_word' id='word_1_110' title='bbox 335 1507 452 1574; x_wconf 82' lang='lat' dir='ltr'>parum</span> <span class='ocrx_word' id='word_1_111' title='bbox 467 1489 590 1556; x_wconf 80' lang='lat' dir='ltr'>similes</span> <span class='ocrx_word' id='word_1_112' title='bbox 612 1497 721 1568; x_wconf 81' lang='grc' dir='ltr'>ΑΠΕΙ</span> <span class='ocrx_word' id='word_1_113' title='bbox 727 1499 783 1566; x_wconf 88' lang='grc' dir='ltr'>ΡΑ</span> <span class='ocrx_word' id='word_1_114' title='bbox 806 1491 1019 1557; x_wconf 82' lang='lat' dir='ltr'>eonversum‘?</span> <span class='ocrx_word' id='word_1_115' title='bbox 1046 1491 1236 1574; x_wconf 81' lang='lat' dir='ltr'>explieatur,</span> <span class='ocrx_word' id='word_1_116' title='bbox 1259 1490 1287 1556; x_wconf 86' lang='lat' dir='ltr'>si</span> <span class='ocrx_word' id='word_1_117' title='bbox 1301 1489 1427 1556; x_wconf 89' lang='lat' dir='ltr'>duobus</span> <span class='ocrx_word' id='word_1_118' title='bbox 1441 1509 1510 1555; x_wconf 90' lang='lat' dir='ltr'>ver-</span> 
     </span>
     <span class='ocr_line' id='line_1_12' title="bbox 147 1591 1510 1679; baseline 0.001 -23"><span class='ocrx_word' id='word_1_119' title='bbox 147 1591 237 1658; x_wconf 83' lang='lat' dir='ltr'>sibus</span> <span class='ocrx_word' id='word_1_120' title='bbox 252 1592 399 1676; x_wconf 86' lang='lat' dir='ltr'>superius</span> <span class='ocrx_word' id='word_1_121' title='bbox 414 1593 451 1656; x_wconf 79' lang='grc' dir='ltr'>τὰ</span> <span class='ocrx_word' id='word_1_122' title='bbox 465 1591 490 1656; x_wconf 86' lang='grc' dir='ltr'>δ’</span> <span class='ocrx_word' id='word_1_123' title='bbox 497 1591 575 1656; x_wconf 81' lang='grc' dir='ltr'>αίτια</span> <span class='ocrx_word' id='word_1_124' title='bbox 589 1595 682 1658; x_wconf 82' lang='grc' dir='ltr'>πάντα</span> <span class='ocrx_word' id='word_1_125' title='bbox 697 1593 801 1679; x_wconf 81' lang='grc' dir='ltr'>ἄπειρα</span> <span class='ocrx_word' id='word_1_126' title='bbox 816 1593 880 1676; x_wconf 82' lang='lat' dir='ltr'>legi</span> <span class='ocrx_word' id='word_1_127' title='bbox 895 1592 1144 1678; x_wconf 85' lang='lat' dir='ltr'>meminerimus,</span> <span class='ocrx_word' id='word_1_128' title='bbox 1160 1593 1247 1676; x_wconf 92' lang='lat' dir='ltr'>quod</span> <span class='ocrx_word' id='word_1_129' title='bbox 1261 1591 1384 1658; x_wconf 77' lang='lat' dir='ltr'>librarii</span> <span class='ocrx_word' id='word_1_130' title='bbox 1399 1593 1510 1658; x_wconf 88' lang='lat' dir='ltr'>oeulos</span> 
     </span>
     <span class='ocr_line' id='line_1_13' title="bbox 146 1693 1510 1780; baseline -0.001 -22"><span class='ocrx_word' id='word_1_131' title='bbox 146 1693 285 1777; x_wconf 72' lang='lat' dir='ltr'>decepit.</span> <span class='ocrx_word' id='word_1_132' title='bbox 320 1713 397 1777; x_wconf 82' lang='lat' dir='ltr'>ergo</span> <span class='ocrx_word' id='word_1_133' title='bbox 424 1694 458 1760; x_wconf 88' lang='lat' dir='ltr'>in</span> <span class='ocrx_word' id='word_1_134' title='bbox 486 1694 581 1761; x_wconf 72' lang='lat' dir='ltr'>Adlio</span> <span class='ocrx_word' id='word_1_135' title='bbox 604 1695 680 1761; x_wconf 89' lang='lat' dir='ltr'>elim</span> <span class='ocrx_word' id='word_1_136' title='bbox 706 1695 767 1762; x_wconf 83' lang='lat' dir='ltr'>fuit</span> <span class='ocrx_word' id='word_1_137' title='bbox 793 1697 867 1762; x_wconf 80' lang='grc' dir='ltr'>ὅπου</span> <span class='ocrx_word' id='word_1_138' title='bbox 892 1697 947 1780; x_wconf 82' lang='grc' dir='ltr'>γὰρ</span> <span class='ocrx_word' id='word_1_139' title='bbox 975 1697 1012 1761; x_wconf 82' lang='grc' dir='ltr'>τὰ</span> <span class='ocrx_word' id='word_1_140' title='bbox 1034 1693 1111 1761; x_wconf 84' lang='grc' dir='ltr'>αἴτια</span> <span class='ocrx_word' id='word_1_141' title='bbox 1133 1696 1255 1779; x_wconf 82' lang='grc' dir='ltr'>ἄπειρα,</span> <span class='ocrx_word' id='word_1_142' title='bbox 1278 1696 1340 1758; x_wconf 79' lang='grc' dir='ltr'>ἐκεῖ</span> <span class='ocrx_word' id='word_1_143' title='bbox 1354 1695 1403 1758; x_wconf 84' lang='grc' dir='ltr'>καὶ</span> <span class='ocrx_word' id='word_1_144' title='bbox 1424 1695 1510 1758; x_wconf 86' lang='grc' dir='ltr'>τάπο-</span> 
     </span>
     <span class='ocr_line' id='line_1_14' title="bbox 145 1798 322 1880; baseline -0.017 -22"><span class='ocrx_word' id='word_1_145' title='bbox 145 1798 322 1880; x_wconf 80' lang='grc' dir='ltr'>τελασμάτα.</span> 
     </span>
    </p>

    <p class='ocr_par' dir='ltr' id='par_1_3' title="bbox 146 1897 1511 2290">
     <span class='ocr_line' id='line_1_15' title="bbox 234 1897 1510 1987; baseline 0.002 -25"><span class='ocrx_word' id='word_1_146' title='bbox 234 1899 284 1962; x_wconf 76' lang='lat'>17</span> <span class='ocrx_word' id='word_1_147' title='bbox 302 1906 336 1960; x_wconf 86' lang='lat'>33</span> <span class='ocrx_word' id='word_1_148' title='bbox 360 1897 402 1964; x_wconf 92' lang='lat' dir='ltr'>de</span> <span class='ocrx_word' id='word_1_149' title='bbox 420 1898 482 1964; x_wconf 88' lang='lat' dir='ltr'>dee</span> <span class='ocrx_word' id='word_1_150' title='bbox 499 1899 693 1968; x_wconf 86' lang='lat' dir='ltr'>Stoieorum:</span> <span class='ocrx_word' id='word_1_151' title='bbox 721 1903 769 1967; x_wconf 80' lang='grc' dir='ltr'>καὶ</span> <span class='ocrx_word' id='word_1_152' title='bbox 792 1908 906 1986; x_wconf 82' lang='grc' dir='ltr'>πνεῦμα</span> <span class='ocrx_word' id='word_1_153' title='bbox 928 1905 981 1986; x_wconf 74' lang='grc' dir='ltr'>μὲν</span> <span class='ocrx_word' id='word_1_154' title='bbox 1003 1904 1134 1987; x_wconf 81' lang='grc' dir='ltr'>ἐνδιῆκον</span> <span class='ocrx_word' id='word_1_155' title='bbox 1158 1898 1194 1964; x_wconf 86' lang='grc' dir='ltr'>δι’</span> <span class='ocrx_word' id='word_1_156' title='bbox 1223 1901 1292 1964; x_wconf 81' lang='grc' dir='ltr'>ὅλου</span> <span class='ocrx_word' id='word_1_157' title='bbox 1313 1904 1364 1964; x_wconf 91' lang='grc' dir='ltr'>τοῦ</span> <span class='ocrx_word' id='word_1_158' title='bbox 1387 1900 1510 1982; x_wconf 83' lang='grc' dir='ltr'>κόσμου,</span> 
     </span>
     <span class='ocr_line' id='line_1_16' title="bbox 146 2001 1510 2092; baseline 0.001 -27"><span class='ocrx_word' id='word_1_159' title='bbox 146 2003 199 2072; x_wconf 83' lang='grc' dir='ltr'>τὰς</span> <span class='ocrx_word' id='word_1_160' title='bbox 219 2002 252 2066; x_wconf 81' lang='grc' dir='ltr'>δὲ</span> <span class='ocrx_word' id='word_1_161' title='bbox 273 2002 466 2086; x_wconf 70' lang='grc' dir='ltr'>προσηγορίας</span> <span class='ocrx_word' id='word_1_162' title='bbox 489 2007 708 2092; x_wconf 77' lang='grc' dir='ltr'>μεταλαμβάνον</span> <span class='ocrx_word' id='word_1_163' title='bbox 739 2005 781 2069; x_wconf 82' lang='grc' dir='ltr'>δι’</span> <span class='ocrx_word' id='word_1_164' title='bbox 816 2007 899 2090; x_wconf 80' lang='grc' dir='ltr'>ὅλης</span> <span class='ocrx_word' id='word_1_165' title='bbox 928 2011 990 2090; x_wconf 81' lang='grc' dir='ltr'>τῆς</span> <span class='ocrx_word' id='word_1_166' title='bbox 1017 2005 1102 2089; x_wconf 82' lang='grc' dir='ltr'>ῦλης</span> <span class='ocrx_word' id='word_1_167' title='bbox 1129 2001 1164 2068; x_wconf 81' lang='grc' dir='ltr'>δι’</span> <span class='ocrx_word' id='word_1_168' title='bbox 1196 2004 1232 2088; x_wconf 83' lang='grc' dir='ltr'>ἥς</span> <span class='ocrx_word' id='word_1_169' title='bbox 1253 2006 1408 2088; x_wconf 81' lang='grc' dir='ltr'>κεχώρηκε</span> <span class='ocrx_word' id='word_1_170' title='bbox 1429 2027 1510 2088; x_wconf 82' lang='grc' dir='ltr'>παρ·</span> 
     </span>
     <span class='ocr_line' id='line_1_17' title="bbox 146 2103 1511 2192; baseline 0.002 -26"><span class='ocrx_word' id='word_1_171' title='bbox 146 2103 322 2172; x_wconf 76' lang='grc' dir='ltr'>αλλάίεις.</span> <span class='ocrx_word' id='word_1_172' title='bbox 355 2103 436 2168; x_wconf 77' lang='lat' dir='ltr'>talia</span> <span class='ocrx_word' id='word_1_173' title='bbox 460 2105 619 2172; x_wconf 84' lang='lat' dir='ltr'>Eusebius</span> <span class='ocrx_word' id='word_1_174' title='bbox 645 2127 717 2172; x_wconf 85' lang='lat' dir='ltr'>eum</span> <span class='ocrx_word' id='word_1_175' title='bbox 739 2107 830 2174; x_wconf 89' lang='lat' dir='ltr'>libris</span> <span class='ocrx_word' id='word_1_176' title='bbox 850 2107 917 2192; x_wconf 78' lang='lat' dir='ltr'>AC,</span> <span class='ocrx_word' id='word_1_177' title='bbox 939 2107 1002 2173; x_wconf 82' lang='lat' dir='ltr'>nisi</span> <span class='ocrx_word' id='word_1_178' title='bbox 1024 2107 1111 2191; x_wconf 83' lang='lat' dir='ltr'>quod</span> <span class='ocrx_word' id='word_1_179' title='bbox 1132 2106 1188 2171; x_wconf 89' lang='lat' dir='ltr'>ille</span> <span class='ocrx_word' id='word_1_180' title='bbox 1209 2103 1417 2190; x_wconf 79' lang='grc' dir='ltr'>παρραλλάΕτις</span> <span class='ocrx_word' id='word_1_181' title='bbox 1438 2124 1511 2170; x_wconf 85' lang='lat' dir='ltr'>eum</span> 
     </span>
     <span class='ocr_line' id='line_1_18' title="bbox 149 2203 1511 2290; baseline 0.002 -20"><span class='ocrx_word' id='word_1_182' title='bbox 149 2203 312 2287; x_wconf 80' lang='lat' dir='ltr'>quadrare</span> <span class='ocrx_word' id='word_1_183' title='bbox 341 2207 528 2289; x_wconf 78' lang='lat' dir='ltr'>neutiquam</span> <span class='ocrx_word' id='word_1_184' title='bbox 553 2207 680 2274; x_wconf 87' lang='lat' dir='ltr'>rideret</span> <span class='ocrx_word' id='word_1_185' title='bbox 709 2209 849 2275; x_wconf 75' lang='lat' dir='ltr'>omisit²</span> <span class='ocrx_word' id='word_1_186' title='bbox 886 2209 981 2274; x_wconf 79' lang='lat' dir='ltr'>aliter</span> <span class='ocrx_word' id='word_1_187' title='bbox 1003 2208 1030 2272; x_wconf 93' lang='lat' dir='ltr'>B</span> <span class='ocrx_word' id='word_1_188' title='bbox 1052 2212 1223 2290; x_wconf 82' lang='lat' dir='ltr'>eorruptse</span> <span class='ocrx_word' id='word_1_189' title='bbox 1245 2206 1426 2272; x_wconf 82' lang='lat' dir='ltr'>sententies</span> <span class='ocrx_word' id='word_1_190' title='bbox 1448 2227 1511 2273; x_wconf 90' lang='lat' dir='ltr'>me·</span> 
     </span>
    </p>
   </div>
   <div class='ocr_carea' id='block_1_3' title="bbox 146 2305 1511 2701">
    <p class='ocr_par' dir='ltr' id='par_1_4' title="bbox 146 2305 1511 2701">
     <span class='ocr_line' id='line_1_19' title="bbox 150 2305 1511 2394; baseline 0.001 -22"><span class='ocrx_word' id='word_1_191' title='bbox 150 2305 300 2372; x_wconf 78' lang='lat' dir='ltr'>debetur.</span> <span class='ocrx_word' id='word_1_192' title='bbox 332 2307 495 2391; x_wconf 89' lang='lat' dir='ltr'>resoripsit</span> <span class='ocrx_word' id='word_1_193' title='bbox 523 2310 691 2394; x_wconf 77' lang='grc' dir='ltr'>παραλλάξ,</span> <span class='ocrx_word' id='word_1_194' title='bbox 719 2311 807 2392; x_wconf 90' lang='lat' dir='ltr'>quod</span> <span class='ocrx_word' id='word_1_195' title='bbox 832 2316 868 2375; x_wconf 89' lang='lat' dir='ltr'>nt</span> <span class='ocrx_word' id='word_1_196' title='bbox 894 2308 1124 2392; x_wconf 77' lang='lat' dir='ltr'>grammatioae</span> <span class='ocrx_word' id='word_1_197' title='bbox 1149 2307 1228 2374; x_wconf 82' lang='lat' dir='ltr'>satis</span> <span class='ocrx_word' id='word_1_198' title='bbox 1254 2307 1354 2373; x_wconf 82' lang='lat' dir='ltr'>faeiat</span> <span class='ocrx_word' id='word_1_199' title='bbox 1381 2328 1511 2374; x_wconf 88' lang='lat' dir='ltr'>sensum</span> 
     </span>
     <span class='ocr_line' id='line_1_20' title="bbox 147 2407 1510 2496; baseline -0.001 -22"><span class='ocrx_word' id='word_1_200' title='bbox 147 2409 286 2491; x_wconf 78' lang='lat' dir='ltr'>praebet</span> <span class='ocrx_word' id='word_1_201' title='bbox 307 2409 441 2474; x_wconf 91' lang='lat' dir='ltr'>nullum.</span> <span class='ocrx_word' id='word_1_202' title='bbox 480 2411 578 2493; x_wconf 83' lang='lat' dir='ltr'>paulo</span> <span class='ocrx_word' id='word_1_203' title='bbox 607 2411 722 2478; x_wconf 85' lang='lat' dir='ltr'>melius</span> <span class='ocrx_word' id='word_1_204' title='bbox 747 2411 908 2478; x_wconf 84' lang='lat' dir='ltr'>Stobaens</span> <span class='ocrx_word' id='word_1_205' title='bbox 930 2410 1114 2496; x_wconf 63' lang='lat' dir='ltr'>repelletur</span> <span class='ocrx_word' id='word_1_206' title='bbox 1138 2409 1188 2474; x_wconf 88' lang='lat' dir='ltr'>eui</span> <span class='ocrx_word' id='word_1_207' title='bbox 1211 2407 1307 2474; x_wconf 88' lang='lat' dir='ltr'>simili</span> <span class='ocrx_word' id='word_1_208' title='bbox 1329 2407 1510 2476; x_wconf 84' lang='lat' dir='ltr'>Stoioorum</span> 
     </span>
     <span class='ocr_line' id='line_1_21' title="bbox 148 2509 1510 2596; baseline 0 -22"><span class='ocrx_word' id='word_1_209' title='bbox 148 2510 223 2575; x_wconf 82' lang='lat' dir='ltr'>loeo</span> <span class='ocrx_word' id='word_1_210' title='bbox 245 2509 295 2574; x_wconf 91' lang='grc' dir='ltr'>ΠΙ</span> <span class='ocrx_word' id='word_1_211' title='bbox 319 2511 374 2573; x_wconf 76' lang='lat'>72</span> <span class='ocrx_word' id='word_1_212' title='bbox 405 2511 452 2576; x_wconf 80' lang='lat' dir='ltr'>uli</span> <span class='ocrx_word' id='word_1_213' title='bbox 478 2511 568 2578; x_wconf 84' lang='lat' dir='ltr'>lieuit</span> <span class='ocrx_word' id='word_1_214' title='bbox 599 2513 626 2576; x_wconf 79' lang='lat' dir='ltr'>oi</span> <span class='ocrx_word' id='word_1_215' title='bbox 653 2512 777 2577; x_wconf 78' lang='grc' dir='ltr'>Στωικοὶ</span> <span class='ocrx_word' id='word_1_216' title='bbox 805 2518 862 2578; x_wconf 84' lang='grc' dir='ltr'>πᾶν</span> <span class='ocrx_word' id='word_1_217' title='bbox 888 2518 1002 2595; x_wconf 80' lang='grc' dir='ltr'>πνεῦμα</span> <span class='ocrx_word' id='word_1_218' title='bbox 1030 2512 1115 2596; x_wconf 80' lang='grc' dir='ltr'>ἀέρος</span> <span class='ocrx_word' id='word_1_219' title='bbox 1142 2509 1331 2596; x_wconf 65' lang='lat' dir='ltr'>errorores,</span> <span class='ocrx_word' id='word_1_220' title='bbox 1360 2515 1423 2580; x_wconf 87' lang='grc' dir='ltr'>ταῖς</span> <span class='ocrx_word' id='word_1_221' title='bbox 1451 2515 1510 2574; x_wconf 84' lang='grc' dir='ltr'>τῶν</span> 
     </span>
     <span class='ocr_line' id='line_1_22' title="bbox 146 2611 1510 2701; baseline 0.001 -27"><span class='ocrx_word' id='word_1_222' title='bbox 146 2611 245 2676; x_wconf 82' lang='grc' dir='ltr'>τάπων</span> <span class='ocrx_word' id='word_1_223' title='bbox 268 2611 301 2674; x_wconf 79' lang='grc' dir='ltr'>δὲ</span> <span class='ocrx_word' id='word_1_224' title='bbox 322 2617 519 2698; x_wconf 74' lang='grc' dir='ltr'>παραλλαγαῖς</span> <span class='ocrx_word' id='word_1_225' title='bbox 540 2616 591 2684; x_wconf 85' lang='grc' dir='ltr'>τάς</span> <span class='ocrx_word' id='word_1_226' title='bbox 613 2616 779 2698; x_wconf 79' lang='grc' dir='ltr'>ἐπωνυμίας</span> <span class='ocrx_word' id='word_1_227' title='bbox 799 2617 1066 2701; x_wconf 81' lang='grc' dir='ltr'>παραλλάττουσαν.</span> <span class='ocrx_word' id='word_1_228' title='bbox 1113 2613 1172 2680; x_wconf 81' lang='lat' dir='ltr'>sed</span> <span class='ocrx_word' id='word_1_229' title='bbox 1200 2613 1308 2678; x_wconf 76' lang='lat' dir='ltr'>obstat</span> <span class='ocrx_word' id='word_1_230' title='bbox 1339 2617 1373 2677; x_wconf 87' lang='lat' dir='ltr'>et</span> <span class='ocrx_word' id='word_1_231' title='bbox 1399 2611 1510 2678; x_wconf 82' lang='lat' dir='ltr'>aorieti</span> 
     </span>
    </p>
   </div>
   <div class='ocr_carea' id='block_1_4' title="bbox 145 2714 1514 4022">
    <p class='ocr_par' dir='ltr' id='par_1_5' title="bbox 145 2714 1514 4022">
     <span class='ocr_line' id='line_1_23' title="bbox 147 2714 1512 2802; baseline -0.003 -22"><span class='ocrx_word' id='word_1_232' title='bbox 147 2720 276 2796; x_wconf 88' lang='lat' dir='ltr'>tempus</span> <span class='ocrx_word' id='word_1_233' title='bbox 305 2720 338 2778; x_wconf 88' lang='lat' dir='ltr'>et</span> <span class='ocrx_word' id='word_1_234' title='bbox 364 2715 569 2800; x_wconf 83' lang='lat' dir='ltr'>partieipium</span> <span class='ocrx_word' id='word_1_235' title='bbox 602 2717 688 2783; x_wconf 80' lang='lat' dir='ltr'>mele</span> <span class='ocrx_word' id='word_1_236' title='bbox 714 2717 813 2802; x_wconf 88' lang='lat' dir='ltr'>priori</span> <span class='ocrx_word' id='word_1_237' title='bbox 843 2717 1062 2802; x_wconf 79' lang='grc' dir='ltr'>μεταλαμβάνον</span> <span class='ocrx_word' id='word_1_238' title='bbox 1090 2714 1303 2780; x_wconf 86' lang='lat' dir='ltr'>ooniunetnm.</span> <span class='ocrx_word' id='word_1_239' title='bbox 1341 2718 1512 2796; x_wconf 73' lang='lat' dir='ltr'>praetereo</span> 
     </span>
     <span class='ocr_line' id='line_1_24' title="bbox 146 2812 1511 2903; baseline 0.001 -25"><span class='ocrx_word' id='word_1_240' title='bbox 146 2821 285 2897; x_wconf 87' lang='lat' dir='ltr'>utroque</span> <span class='ocrx_word' id='word_1_241' title='bbox 316 2815 486 2903; x_wconf 77' lang='lat' dir='ltr'>participio</span> <span class='ocrx_word' id='word_1_242' title='bbox 516 2819 614 2901; x_wconf 81' lang='lat' dir='ltr'>plene</span> <span class='ocrx_word' id='word_1_243' title='bbox 642 2818 728 2886; x_wconf 92' lang='lat' dir='ltr'>idem</span> <span class='ocrx_word' id='word_1_244' title='bbox 756 2817 926 2886; x_wconf 87' lang='lat' dir='ltr'>dioeretur.</span> <span class='ocrx_word' id='word_1_245' title='bbox 962 2835 1062 2901; x_wconf 76' lang='lat' dir='ltr'>quere</span> <span class='ocrx_word' id='word_1_246' title='bbox 1091 2835 1112 2880; x_wconf 85' lang='grc' dir='ltr'>ο</span> <span class='ocrx_word' id='word_1_247' title='bbox 1139 2835 1218 2882; x_wconf 87' lang='lat' dir='ltr'>vero</span> <span class='ocrx_word' id='word_1_248' title='bbox 1244 2813 1378 2899; x_wconf 90' lang='lat' dir='ltr'>propius</span> <span class='ocrx_word' id='word_1_249' title='bbox 1400 2812 1511 2880; x_wconf 83' lang='lat' dir='ltr'>einero</span> 
     </span>
     <span class='ocr_line' id='line_1_25' title="bbox 149 2915 1512 3003; baseline -0.001 -23"><span class='ocrx_word' id='word_1_250' title='bbox 149 2915 297 2981; x_wconf 72' lang='lat' dir='ltr'>Galenus</span> <span class='ocrx_word' id='word_1_251' title='bbox 312 2915 602 3003; x_wconf 77' lang='lat' dir='ltr'>Athenagorasque</span> <span class='ocrx_word' id='word_1_252' title='bbox 616 2921 671 3003; x_wconf 92' lang='lat' dir='ltr'>qui</span> <span class='ocrx_word' id='word_1_253' title='bbox 685 2919 817 2986; x_wconf 79' lang='lat' dir='ltr'>fortuito</span> <span class='ocrx_word' id='word_1_254' title='bbox 831 2921 865 2986; x_wconf 92' lang='lat' dir='ltr'>in</span> <span class='ocrx_word' id='word_1_255' title='bbox 887 2921 974 2986; x_wconf 91' lang='lat' dir='ltr'>idem</span> <span class='ocrx_word' id='word_1_256' title='bbox 996 2917 1179 2984; x_wconf 77' lang='lat' dir='ltr'>inuiderunt</span> <span class='ocrx_word' id='word_1_257' title='bbox 1200 2919 1274 2982; x_wconf 79' lang='grc' dir='ltr'>κατὰ</span> <span class='ocrx_word' id='word_1_258' title='bbox 1295 2918 1347 2986; x_wconf 81' lang='grc' dir='ltr'>τὰς</span> <span class='ocrx_word' id='word_1_259' title='bbox 1367 2921 1419 3000; x_wconf 84' lang='grc' dir='ltr'>τῆς</span> <span class='ocrx_word' id='word_1_260' title='bbox 1441 2917 1512 2999; x_wconf 77' lang='grc' dir='ltr'>ὅλης</span> 
     </span>
     <span class='ocr_line' id='line_1_26' title="bbox 148 3017 1511 3104; baseline 0 -23"><span class='ocrx_word' id='word_1_261' title='bbox 148 3017 425 3102; x_wconf 63' lang='lat' dir='ltr'>...superstes</span> <span class='ocrx_word' id='word_1_262' title='bbox 459 3021 546 3104; x_wconf 90' lang='lat' dir='ltr'>quod</span> <span class='ocrx_word' id='word_1_263' title='bbox 568 3022 729 3104; x_wconf 88' lang='lat' dir='ltr'>quomodo</span> <span class='ocrx_word' id='word_1_264' title='bbox 751 3022 987 3090; x_wconf 80' lang='lat' dir='ltr'>consiliandum</span> <span class='ocrx_word' id='word_1_265' title='bbox 1010 3027 1096 3087; x_wconf 84' lang='lat' dir='ltr'>esset</span> <span class='ocrx_word' id='word_1_266' title='bbox 1118 3039 1190 3085; x_wconf 88' lang='lat' dir='ltr'>eum</span> <span class='ocrx_word' id='word_1_267' title='bbox 1205 3019 1325 3084; x_wconf 77' lang='lat' dir='ltr'>tradite</span> <span class='ocrx_word' id='word_1_268' title='bbox 1346 3017 1511 3100; x_wconf 77' lang='lat' dir='ltr'>memorie,</span> 
     </span>
     <span class='ocr_line' id='line_1_27' title="bbox 145 3119 1433 3208; baseline 0.003 -22"><span class='ocrx_word' id='word_1_269' title='bbox 145 3121 260 3186; x_wconf 87' lang='lat' dir='ltr'>doouit</span> <span class='ocrx_word' id='word_1_270' title='bbox 281 3119 423 3188; x_wconf 84' lang='lat' dir='ltr'>Beokius</span> <span class='ocrx_word' id='word_1_271' title='bbox 446 3123 567 3207; x_wconf 90' lang='lat' dir='ltr'>optime</span> <span class='ocrx_word' id='word_1_272' title='bbox 589 3123 752 3208; x_wconf 89' lang='lat' dir='ltr'>resoriptis</span> <span class='ocrx_word' id='word_1_273' title='bbox 775 3125 826 3192; x_wconf 89' lang='lat' dir='ltr'>his</span> <span class='ocrx_word' id='word_1_274' title='bbox 848 3127 896 3191; x_wconf 78' lang='grc' dir='ltr'>διὰ</span> <span class='ocrx_word' id='word_1_275' title='bbox 917 3127 969 3195; x_wconf 83' lang='grc' dir='ltr'>τὰς</span> <span class='ocrx_word' id='word_1_276' title='bbox 989 3129 1042 3208; x_wconf 79' lang='grc' dir='ltr'>τῆς</span> <span class='ocrx_word' id='word_1_277' title='bbox 1066 3125 1136 3206; x_wconf 79' lang='grc' dir='ltr'>ὕλης</span> <span class='ocrx_word' id='word_1_278' title='bbox 1155 3163 1163 3180; x_wconf 92' lang='grc'>.</span> <span class='ocrx_word' id='word_1_279' title='bbox 1180 3163 1188 3179; x_wconf 91' lang='lat'><strong>·</strong></span> <span class='ocrx_word' id='word_1_280' title='bbox 1205 3163 1212 3180; x_wconf 91' lang='lat'><strong>·</strong></span> <span class='ocrx_word' id='word_1_281' title='bbox 1232 3120 1433 3205; x_wconf 75' lang='grc' dir='ltr'>παραλλάξεις·</span> 
     </span>
     <span class='ocr_line' id='line_1_28' title="bbox 235 3222 1511 3312; baseline -0.002 -25"><span class='ocrx_word' id='word_1_282' title='bbox 235 3223 330 3289; x_wconf 85' lang='grc'>138</span> <span class='ocrx_word' id='word_1_283' title='bbox 358 3225 445 3310; x_wconf 78' lang='grc' dir='ltr'>μέχρι</span> <span class='ocrx_word' id='word_1_284' title='bbox 470 3227 526 3310; x_wconf 81' lang='grc' dir='ltr'>γὰρ</span> <span class='ocrx_word' id='word_1_285' title='bbox 550 3230 609 3289; x_wconf 88' lang='grc' dir='ltr'>τῶν</span> <span class='ocrx_word' id='word_1_286' title='bbox 639 3227 710 3290; x_wconf 78' lang='grc' dir='ltr'>δέκα</span> <span class='ocrx_word' id='word_1_287' title='bbox 737 3228 841 3298; x_wconf 82' lang='grc' dir='ltr'>πάντες</span> <span class='ocrx_word' id='word_1_288' title='bbox 857 3271 865 3286; x_wconf 94' lang='grc'>.</span> <span class='ocrx_word' id='word_1_289' title='bbox 881 3269 915 3290; x_wconf 90' lang='grc'>..</span> <span class='ocrx_word' id='word_1_290' title='bbox 938 3227 1109 3312; x_wconf 73' lang='grc' dir='ltr'>ἀριθμοῦσιν</span> <span class='ocrx_word' id='word_1_291' title='bbox 1136 3222 1182 3309; x_wconf 80' lang='grc' dir='ltr'>ἐφ’</span> <span class='ocrx_word' id='word_1_292' title='bbox 1216 3223 1236 3288; x_wconf 84' lang='grc' dir='ltr'>ἀ</span> <span class='ocrx_word' id='word_1_293' title='bbox 1266 3223 1400 3292; x_wconf 75' lang='grc' dir='ltr'>ἐλθόντες</span> <span class='ocrx_word' id='word_1_294' title='bbox 1426 3223 1511 3285; x_wconf 86' lang='grc' dir='ltr'>πάλιν</span> 
     </span>
     <span class='ocr_line' id='line_1_29' title="bbox 148 3325 1511 3411; baseline -0.002 -21"><span class='ocrx_word' id='word_1_295' title='bbox 148 3327 392 3392; x_wconf 82' lang='grc' dir='ltr'>ἀναποδοῦσιν</span> <span class='ocrx_word' id='word_1_296' title='bbox 419 3327 466 3390; x_wconf 81' lang='grc' dir='ltr'>ἐπὶ</span> <span class='ocrx_word' id='word_1_297' title='bbox 493 3331 546 3411; x_wconf 74' lang='grc' dir='ltr'>τῆν</span> <span class='ocrx_word' id='word_1_298' title='bbox 568 3329 690 3409; x_wconf 81' lang='grc' dir='ltr'>μονάδα.</span> <span class='ocrx_word' id='word_1_299' title='bbox 724 3327 801 3410; x_wconf 91' lang='lat' dir='ltr'>quid</span> <span class='ocrx_word' id='word_1_300' title='bbox 826 3328 984 3411; x_wconf 74' lang='lat' dir='ltr'>significet</span> <span class='ocrx_word' id='word_1_301' title='bbox 1005 3326 1186 3400; x_wconf 78' lang='lat' dir='ltr'>inauditum</span> <span class='ocrx_word' id='word_1_302' title='bbox 1211 3325 1292 3390; x_wconf 91' lang='lat' dir='ltr'>illud</span> <span class='ocrx_word' id='word_1_303' title='bbox 1319 3327 1511 3390; x_wconf 80' lang='grc' dir='ltr'>ἀναποδοῦσιν</span> 
     </span>
     <span class='ocr_line' id='line_1_30' title="bbox 149 3426 1514 3496; baseline -0.004 -3"><span class='ocrx_word' id='word_1_304' title='bbox 149 3447 169 3493; x_wconf 88' lang='lat' dir='ltr'>e</span> <span class='ocrx_word' id='word_1_305' title='bbox 198 3447 324 3494; x_wconf 83' lang='lat' dir='ltr'>eonexu</span> <span class='ocrx_word' id='word_1_306' title='bbox 349 3426 481 3493; x_wconf 87' lang='lat' dir='ltr'>minime</span> <span class='ocrx_word' id='word_1_307' title='bbox 507 3435 558 3494; x_wconf 80' lang='lat' dir='ltr'>eet</span> <span class='ocrx_word' id='word_1_308' title='bbox 583 3429 725 3496; x_wconf 88' lang='lat' dir='ltr'>dubium.</span> <span class='ocrx_word' id='word_1_309' title='bbox 756 3436 862 3496; x_wconf 81' lang='lat' dir='ltr'>utrum</span> <span class='ocrx_word' id='word_1_310' title='bbox 888 3431 1041 3496; x_wconf 84' lang='grc' dir='ltr'>ἀναποδεῖν</span> <span class='ocrx_word' id='word_1_311' title='bbox 1069 3445 1112 3494; x_wconf 82' lang='lat' dir='ltr'>en</span> <span class='ocrx_word' id='word_1_312' title='bbox 1139 3429 1301 3492; x_wconf 88' lang='grc' dir='ltr'>ἀναποδοῦν</span> <span class='ocrx_word' id='word_1_313' title='bbox 1332 3431 1426 3492; x_wconf 81' lang='lat' dir='ltr'>sonet</span> <span class='ocrx_word' id='word_1_314' title='bbox 1447 3443 1514 3488; x_wconf 81' lang='lat' dir='ltr'>ern·</span> 
     </span>
     <span class='ocr_line' id='line_1_31' title="bbox 150 3526 1512 3612; baseline -0.004 -18"><span class='ocrx_word' id='word_1_315' title='bbox 150 3529 220 3612; x_wconf 77' lang='lat' dir='ltr'>bigi</span> <span class='ocrx_word' id='word_1_316' title='bbox 242 3535 358 3612; x_wconf 80' lang='lat' dir='ltr'>potest.</span> <span class='ocrx_word' id='word_1_317' title='bbox 392 3533 427 3592; x_wconf 82' lang='lat' dir='ltr'>ut</span> <span class='ocrx_word' id='word_1_318' title='bbox 454 3527 516 3594; x_wconf 90' lang='lat' dir='ltr'>hoo</span> <span class='ocrx_word' id='word_1_319' title='bbox 543 3530 651 3598; x_wconf 77' lang='lat' dir='ltr'>alieno</span> <span class='ocrx_word' id='word_1_320' title='bbox 674 3551 772 3598; x_wconf 89' lang='lat' dir='ltr'>sensu</span> <span class='ocrx_word' id='word_1_321' title='bbox 793 3533 909 3598; x_wconf 78' lang='lat' dir='ltr'>Ioanni</span> <span class='ocrx_word' id='word_1_322' title='bbox 930 3529 1106 3597; x_wconf 78' lang='lat' dir='ltr'>Laurentio</span> <span class='ocrx_word' id='word_1_323' title='bbox 1127 3528 1170 3594; x_wconf 90' lang='lat' dir='ltr'>de</span> <span class='ocrx_word' id='word_1_324' title='bbox 1191 3527 1334 3609; x_wconf 78' lang='lat' dir='ltr'>magistr.</span> <span class='ocrx_word' id='word_1_325' title='bbox 1356 3526 1392 3590; x_wconf 79' lang='lat' dir='ltr'>R.</span> <span class='ocrx_word' id='word_1_326' title='bbox 1416 3546 1447 3608; x_wconf 91' lang='lat' dir='ltr'>p.</span> <span class='ocrx_word' id='word_1_327' title='bbox 1472 3526 1512 3590; x_wconf 77' lang='lat' dir='ltr'>ln</span> 
     </span>
     <span class='ocr_line' id='line_1_32' title="bbox 149 3628 1513 3713; baseline -0.004 -16"><span class='ocrx_word' id='word_1_328' title='bbox 149 3637 202 3697; x_wconf 88' lang='lat' dir='ltr'>est</span> <span class='ocrx_word' id='word_1_329' title='bbox 218 3629 398 3713; x_wconf 82' lang='lat' dir='ltr'>‘pedibus</span> <span class='ocrx_word' id='word_1_330' title='bbox 419 3649 550 3697; x_wconf 87' lang='lat' dir='ltr'>rursus</span> <span class='ocrx_word' id='word_1_331' title='bbox 571 3631 790 3700; x_wconf 87' lang='lat' dir='ltr'>instruers&#39;.</span> <span class='ocrx_word' id='word_1_332' title='bbox 813 3635 969 3700; x_wconf 89' lang='lat' dir='ltr'>sollemne</span> <span class='ocrx_word' id='word_1_333' title='bbox 986 3638 1036 3697; x_wconf 83' lang='lat' dir='ltr'>set</span> <span class='ocrx_word' id='word_1_334' title='bbox 1049 3631 1084 3696; x_wconf 90' lang='lat' dir='ltr'>in</span> <span class='ocrx_word' id='word_1_335' title='bbox 1099 3628 1309 3696; x_wconf 78' lang='lat' dir='ltr'>arithmeticis</span> <span class='ocrx_word' id='word_1_336' title='bbox 1331 3628 1513 3699; x_wconf 76' lang='grc' dir='ltr'>ἀναποδίζων</span> 
     </span>
     <span class='ocr_line' id='line_1_33' title="bbox 149 3727 1514 3814; baseline -0.006 -15"><span class='ocrx_word' id='word_1_337' title='bbox 149 3739 185 3800; x_wconf 85' lang='lat' dir='ltr'>et</span> <span class='ocrx_word' id='word_1_338' title='bbox 216 3733 422 3814; x_wconf 82' lang='grc' dir='ltr'>ἀναποδισμάς.</span> <span class='ocrx_word' id='word_1_339' title='bbox 469 3733 545 3799; x_wconf 93' lang='lat' dir='ltr'>nolo</span> <span class='ocrx_word' id='word_1_340' title='bbox 581 3730 836 3801; x_wconf 85' lang='lat' dir='ltr'>testimoniordm</span> <span class='ocrx_word' id='word_1_341' title='bbox 868 3736 986 3802; x_wconf 88' lang='lat' dir='ltr'>nubem</span> <span class='ocrx_word' id='word_1_342' title='bbox 1019 3752 1147 3800; x_wconf 88' lang='lat' dir='ltr'>ornnem</span> <span class='ocrx_word' id='word_1_343' title='bbox 1179 3728 1386 3798; x_wconf 81' lang='lat' dir='ltr'>effundere.⁸</span> <span class='ocrx_word' id='word_1_344' title='bbox 1434 3727 1514 3792; x_wconf 87' lang='lat' dir='ltr'>sstis</span> 
     </span>
     <span class='ocr_line' id='line_1_34' title="bbox 149 3828 1514 3920; baseline -0.005 -20"><span class='ocrx_word' id='word_1_345' title='bbox 149 3841 303 3902; x_wconf 78' lang='lat' dir='ltr'>eonsture</span> <span class='ocrx_word' id='word_1_346' title='bbox 330 3833 408 3899; x_wconf 93' lang='lat' dir='ltr'>mihi</span> <span class='ocrx_word' id='word_1_347' title='bbox 435 3833 564 3900; x_wconf 86' lang='lat' dir='ltr'>videtur</span> <span class='ocrx_word' id='word_1_348' title='bbox 589 3839 742 3902; x_wconf 78' lang='grc' dir='ltr'>ἀναποδεῖν</span> <span class='ocrx_word' id='word_1_349' title='bbox 767 3855 828 3903; x_wconf 90' lang='lat' dir='ltr'>neo</span> <span class='ocrx_word' id='word_1_350' title='bbox 855 3839 989 3920; x_wconf 79' lang='lat' dir='ltr'>vulgare</span> <span class='ocrx_word' id='word_1_351' title='bbox 1016 3855 1077 3901; x_wconf 90' lang='lat' dir='ltr'>neo</span> <span class='ocrx_word' id='word_1_352' title='bbox 1105 3831 1320 3918; x_wconf 79' lang='lat' dir='ltr'>Pythagoreis</span> <span class='ocrx_word' id='word_1_353' title='bbox 1349 3828 1514 3914; x_wconf 90' lang='lat' dir='ltr'>proprium</span> 
     </span>
     <span class='ocr_line' id='line_1_35' title="bbox 148 3929 1512 4022; baseline -0.004 -20"><span class='ocrx_word' id='word_1_354' title='bbox 148 3937 262 4004; x_wconf 84' lang='lat' dir='ltr'>fuisse.</span> <span class='ocrx_word' id='word_1_355' title='bbox 295 3935 382 4003; x_wconf 86' lang='lat' dir='ltr'>unde</span> <span class='ocrx_word' id='word_1_356' title='bbox 402 3934 533 4004; x_wconf 77' lang='lat' dir='ltr'>nerunt</span> <span class='ocrx_word' id='word_1_357' title='bbox 556 3937 612 4020; x_wconf 90' lang='lat' dir='ltr'>qui</span> <span class='ocrx_word' id='word_1_358' title='bbox 633 3939 837 4012; x_wconf 74' lang='grc' dir='ltr'>ἀναποδίζουσι</span> <span class='ocrx_word' id='word_1_359' title='bbox 859 3939 1144 4022; x_wconf 77' lang='lat' dir='ltr'>amplecterentur,</span> <span class='ocrx_word' id='word_1_360' title='bbox 1167 3933 1254 4017; x_wconf 89' lang='lat' dir='ltr'>quod</span> <span class='ocrx_word' id='word_1_361' title='bbox 1275 3953 1390 4018; x_wconf 82' lang='lat' dir='ltr'>purum</span> <span class='ocrx_word' id='word_1_362' title='bbox 1412 3929 1512 3998; x_wconf 78' lang='lat' dir='ltr'>hebet</span> 
     </span>
    </p>
   </div>
   <div class='ocr_carea' id='block_1_5' title="bbox 150 4207 1517 5061">
    <p class='ocr_par' dir='ltr' id='par_1_6' title="bbox 151 4207 1515 4363">
     <span class='ocr_line' id='line_1_36' title="bbox 227 4207 1515 4280; baseline -0.002 -18"><span class='ocrx_word' id='word_1_363' title='bbox 227 4209 234 4241; x_wconf 92' lang='lat'>¹</span> <span class='ocrx_word' id='word_1_364' title='bbox 254 4207 295 4263; x_wconf 76' lang='grc' dir='ltr'>ὅδε</span> <span class='ocrx_word' id='word_1_365' title='bbox 308 4229 360 4264; x_wconf 91' lang='lat' dir='ltr'>om.</span> <span class='ocrx_word' id='word_1_366' title='bbox 373 4213 437 4276; x_wconf 84' lang='grc' dir='ltr'>ΕΒ,</span> <span class='ocrx_word' id='word_1_367' title='bbox 450 4213 555 4266; x_wconf 83' lang='lat' dir='ltr'>Stobsei</span> <span class='ocrx_word' id='word_1_368' title='bbox 570 4215 670 4264; x_wconf 86' lang='lat' dir='ltr'>oodioes</span> <span class='ocrx_word' id='word_1_369' title='bbox 682 4215 806 4280; x_wconf 82' lang='lat' dir='ltr'>prsehent</span> <span class='ocrx_word' id='word_1_370' title='bbox 818 4207 853 4262; x_wconf 80' lang='lat' dir='ltr'>el.</span> <span class='ocrx_word' id='word_1_371' title='bbox 877 4213 986 4263; x_wconf 74' lang='lat' dir='ltr'>sonasse</span> <span class='ocrx_word' id='word_1_372' title='bbox 1005 4214 1056 4263; x_wconf 88' lang='lat' dir='ltr'>hoo</span> <span class='ocrx_word' id='word_1_373' title='bbox 1074 4208 1100 4262; x_wconf 84' lang='grc' dir='ltr'>δέ</span> <span class='ocrx_word' id='word_1_374' title='bbox 1119 4219 1267 4276; x_wconf 79' lang='lat' dir='ltr'>corruptum</span> <span class='ocrx_word' id='word_1_375' title='bbox 1285 4207 1370 4260; x_wconf 81' lang='lat' dir='ltr'>extitit</span> <span class='ocrx_word' id='word_1_376' title='bbox 1388 4213 1414 4260; x_wconf 95' lang='lat' dir='ltr'>in</span> <span class='ocrx_word' id='word_1_377' title='bbox 1427 4211 1515 4271; x_wconf 79' lang='lat' dir='ltr'>Areo,</span> 
     </span>
     <span class='ocr_line' id='line_1_37' title="bbox 151 4300 1049 4363; baseline 0.002 -15"><span class='ocrx_word' id='word_1_378' title='bbox 151 4307 181 4348; x_wconf 77' lang='lat' dir='ltr'>ul</span> <span class='ocrx_word' id='word_1_379' title='bbox 200 4302 353 4350; x_wconf 72' lang='lat' dir='ltr'>coniectura</span> <span class='ocrx_word' id='word_1_380' title='bbox 370 4301 398 4350; x_wconf 91' lang='lat' dir='ltr'>in</span> <span class='ocrx_word' id='word_1_381' title='bbox 417 4302 520 4352; x_wconf 75' lang='lat' dir='ltr'>codices</span> <span class='ocrx_word' id='word_1_382' title='bbox 539 4300 596 4352; x_wconf 81' lang='lat' dir='ltr'>Ac</span> <span class='ocrx_word' id='word_1_383' title='bbox 615 4303 722 4352; x_wconf 79' lang='lat' dir='ltr'>inlatum</span> <span class='ocrx_word' id='word_1_384' title='bbox 740 4317 796 4351; x_wconf 84' lang='lat' dir='ltr'>esse</span> <span class='ocrx_word' id='word_1_385' title='bbox 815 4315 905 4350; x_wconf 80' lang='lat' dir='ltr'>serum</span> <span class='ocrx_word' id='word_1_386' title='bbox 923 4309 1049 4363; x_wconf 81' lang='lat' dir='ltr'>putemus.</span> 
     </span>
    </p>

    <p class='ocr_par' dir='ltr' id='par_1_7' title="bbox 222 4382 1252 4452">
     <span class='ocr_line' id='line_1_38' title="bbox 222 4382 1252 4452; baseline -0.002 -14"><span class='ocrx_word' id='word_1_387' title='bbox 222 4382 234 4416; x_wconf 84' lang='lat'>²</span> <span class='ocrx_word' id='word_1_388' title='bbox 251 4401 312 4438; x_wconf 80' lang='lat' dir='ltr'>uum</span> <span class='ocrx_word' id='word_1_389' title='bbox 331 4389 401 4452; x_wconf 85' lang='lat' dir='ltr'>quod</span> <span class='ocrx_word' id='word_1_390' title='bbox 419 4389 508 4440; x_wconf 81' lang='lat' dir='ltr'>deesse</span> <span class='ocrx_word' id='word_1_391' title='bbox 527 4389 555 4438; x_wconf 91' lang='lat' dir='ltr'>in</span> <span class='ocrx_word' id='word_1_392' title='bbox 575 4387 632 4438; x_wconf 85' lang='lat' dir='ltr'>eod.</span> <span class='ocrx_word' id='word_1_393' title='bbox 650 4387 673 4438; x_wconf 92' lang='lat' dir='ltr'>B</span> <span class='ocrx_word' id='word_1_394' title='bbox 691 4403 745 4440; x_wconf 87' lang='lat' dir='ltr'>non</span> <span class='ocrx_word' id='word_1_395' title='bbox 764 4393 869 4438; x_wconf 75' lang='lat' dir='ltr'>notatur</span> <span class='ocrx_word' id='word_1_396' title='bbox 886 4399 903 4436; x_wconf 84' lang='grc' dir='ltr'>ιι</span> <span class='ocrx_word' id='word_1_397' title='bbox 921 4385 1079 4446; x_wconf 75' lang='lat' dir='ltr'>Gsisiordio,</span> <span class='ocrx_word' id='word_1_398' title='bbox 1097 4385 1162 4436; x_wconf 90' lang='lat' dir='ltr'>nihil</span> <span class='ocrx_word' id='word_1_399' title='bbox 1181 4401 1252 4436; x_wconf 85' lang='lat' dir='ltr'>euro.</span> 
     </span>
    </p>

    <p class='ocr_par' dir='ltr' id='par_1_8' title="bbox 150 4455 1517 5061">
     <span class='ocr_line' id='line_1_39' title="bbox 224 4455 1516 4536; baseline -0.002 -12"><span class='ocrx_word' id='word_1_400' title='bbox 224 4470 235 4504; x_wconf 81' lang='lat'>⁸</span> <span class='ocrx_word' id='word_1_401' title='bbox 258 4475 295 4525; x_wconf 81' lang='lat' dir='ltr'>of.</span> <span class='ocrx_word' id='word_1_402' title='bbox 318 4475 469 4527; x_wconf 84' lang='lat' dir='ltr'>Nioonreeh.</span> <span class='ocrx_word' id='word_1_403' title='bbox 489 4475 549 4528; x_wconf 80' lang='lat' dir='ltr'>Gor.</span> <span class='ocrx_word' id='word_1_404' title='bbox 568 4475 669 4524; x_wconf 84' lang='lat' dir='ltr'>srilhm.</span> <span class='ocrx_word' id='word_1_405' title='bbox 689 4477 719 4524; x_wconf 86' lang='lat' dir='ltr'>is.</span> <span class='ocrx_word' id='word_1_406' title='bbox 737 4469 805 4525; x_wconf 72' lang='lat'>152</span> <span class='ocrx_word' id='word_1_407' title='bbox 828 4469 883 4522; x_wconf 80' lang='lat'>112</span> <span class='ocrx_word' id='word_1_408' title='bbox 896 4481 916 4520; x_wconf 81' lang='grc' dir='ltr'>κ.</span> <span class='ocrx_word' id='word_1_409' title='bbox 941 4471 1042 4522; x_wconf 85' lang='lat' dir='ltr'>Theon.</span> <span class='ocrx_word' id='word_1_410' title='bbox 1059 4479 1156 4522; x_wconf 79' lang='lat' dir='ltr'>astron.</span> <span class='ocrx_word' id='word_1_411' title='bbox 1174 4489 1199 4536; x_wconf 91' lang='lat' dir='ltr'>p.</span> <span class='ocrx_word' id='word_1_412' title='bbox 1213 4469 1273 4524; x_wconf 80' lang='grc'>204.</span> <span class='ocrx_word' id='word_1_413' title='bbox 1292 4472 1369 4522; x_wconf 73' lang='lat' dir='ltr'>Mart.</span> <span class='ocrx_word' id='word_1_414' title='bbox 1389 4455 1516 4534; x_wconf 81' lang='lat' dir='ltr'>[Theon]</span> 
     </span>
     <span class='ocr_line' id='line_1_40' title="bbox 150 4554 1516 4626; baseline -0.002 -15"><span class='ocrx_word' id='word_1_415' title='bbox 150 4561 234 4612; x_wconf 81' lang='lat' dir='ltr'>schol.</span> <span class='ocrx_word' id='word_1_416' title='bbox 246 4561 280 4610; x_wconf 78' lang='lat' dir='ltr'>sd</span> <span class='ocrx_word' id='word_1_417' title='bbox 292 4561 366 4612; x_wconf 71' lang='lat' dir='ltr'>Aret.</span> <span class='ocrx_word' id='word_1_418' title='bbox 379 4563 472 4626; x_wconf 77' lang='lat' dir='ltr'>pheon.</span> <span class='ocrx_word' id='word_1_419' title='bbox 491 4560 532 4614; x_wconf 82' lang='lat'>19.</span> <span class='ocrx_word' id='word_1_420' title='bbox 556 4561 650 4612; x_wconf 77' lang='lat' dir='ltr'>Achill.</span> <span class='ocrx_word' id='word_1_421' title='bbox 663 4563 727 4624; x_wconf 83' lang='lat' dir='ltr'>issg.</span> <span class='ocrx_word' id='word_1_422' title='bbox 741 4561 768 4610; x_wconf 91' lang='lat' dir='ltr'>in</span> <span class='ocrx_word' id='word_1_423' title='bbox 781 4559 854 4610; x_wconf 76' lang='lat' dir='ltr'>Aret.</span> <span class='ocrx_word' id='word_1_424' title='bbox 867 4575 893 4622; x_wconf 90' lang='lat' dir='ltr'>p.</span> <span class='ocrx_word' id='word_1_425' title='bbox 909 4554 958 4608; x_wconf 78' lang='lat'>132</span> <span class='ocrx_word' id='word_1_426' title='bbox 966 4559 1023 4610; x_wconf 79' lang='lat' dir='ltr'>Pet.</span> <span class='ocrx_word' id='word_1_427' title='bbox 1042 4559 1175 4623; x_wconf 83' lang='lat' dir='ltr'>Hippolyt.</span> <span class='ocrx_word' id='word_1_428' title='bbox 1188 4558 1261 4608; x_wconf 83' lang='lat' dir='ltr'>reiut.</span> <span class='ocrx_word' id='word_1_429' title='bbox 1280 4573 1305 4622; x_wconf 95' lang='lat' dir='ltr'>p.</span> <span class='ocrx_word' id='word_1_430' title='bbox 1319 4555 1379 4618; x_wconf 76' lang='lat'><strong>264,</strong></span> <span class='ocrx_word' id='word_1_431' title='bbox 1392 4554 1426 4610; x_wconf 80' lang='lat'>26</span> <span class='ocrx_word' id='word_1_432' title='bbox 1445 4557 1516 4610; x_wconf 83' lang='lat' dir='ltr'>Gott.</span> 
     </span>
     <span class='ocr_line' id='line_1_41' title="bbox 151 4641 1516 4713; baseline -0.001 -15"><span class='ocrx_word' id='word_1_433' title='bbox 151 4648 306 4700; x_wconf 68' lang='lat' dir='ltr'>Moderatus</span> <span class='ocrx_word' id='word_1_434' title='bbox 319 4649 428 4713; x_wconf 63' lang='grc' dir='ltr'>ΡΜ.</span> <span class='ocrx_word' id='word_1_435' title='bbox 441 4663 482 4713; x_wconf 88' lang='grc' dir='ltr'>ιιρ.</span> <span class='ocrx_word' id='word_1_436' title='bbox 495 4647 569 4700; x_wconf 85' lang='lat' dir='ltr'>Stob.</span> <span class='ocrx_word' id='word_1_437' title='bbox 582 4648 629 4698; x_wconf 84' lang='lat' dir='ltr'>eol.</span> <span class='ocrx_word' id='word_1_438' title='bbox 644 4647 657 4696; x_wconf 88' lang='lat'>1</span> <span class='ocrx_word' id='word_1_439' title='bbox 672 4647 684 4698; x_wconf 92' lang='lat' dir='ltr'>l</span> <span class='ocrx_word' id='word_1_440' title='bbox 698 4657 718 4697; x_wconf 84' lang='lat' dir='ltr'>t.</span> <span class='ocrx_word' id='word_1_441' title='bbox 747 4641 900 4704; x_wconf 74' lang='grc' dir='ltr'>ἀναποδίζων</span> <span class='ocrx_word' id='word_1_442' title='bbox 912 4641 1000 4694; x_wconf 70' lang='lat' dir='ltr'>leurdo</span> <span class='ocrx_word' id='word_1_443' title='bbox 1018 4645 1131 4710; x_wconf 85' lang='lat' dir='ltr'>pedem</span> <span class='ocrx_word' id='word_1_444' title='bbox 1149 4643 1272 4694; x_wconf 76' lang='lat' dir='ltr'>solorre</span> <span class='ocrx_word' id='word_1_445' title='bbox 1285 4643 1412 4696; x_wconf 84' lang='lat' dir='ltr'>Herodot.</span> <span class='ocrx_word' id='word_1_446' title='bbox 1425 4646 1453 4696; x_wconf 94' lang='lat'>11</span> <span class='ocrx_word' id='word_1_447' title='bbox 1466 4643 1516 4697; x_wconf 90' lang='grc'>116</span> 
     </span>
     <span class='ocr_line' id='line_1_42' title="bbox 152 4726 1517 4796; baseline -0.004 -11"><span class='ocrx_word' id='word_1_448' title='bbox 152 4737 185 4785; x_wconf 77' lang='lat' dir='ltr'>of.</span> <span class='ocrx_word' id='word_1_449' title='bbox 204 4735 279 4786; x_wconf 78' lang='lat' dir='ltr'>Stein</span> <span class='ocrx_word' id='word_1_450' title='bbox 294 4735 328 4786; x_wconf 80' lang='lat' dir='ltr'>sd</span> <span class='ocrx_word' id='word_1_451' title='bbox 340 4735 365 4786; x_wconf 84' lang='lat' dir='ltr'>V</span> <span class='ocrx_word' id='word_1_452' title='bbox 377 4734 419 4788; x_wconf 74' lang='grc'>99.</span> <span class='ocrx_word' id='word_1_453' title='bbox 437 4731 645 4786; x_wconf 74' lang='grc' dir='ltr'>ἀπαναποδιστίον</span> <span class='ocrx_word' id='word_1_454' title='bbox 662 4733 816 4784; x_wconf 78' lang='lat' dir='ltr'>Aristoteles</span> <span class='ocrx_word' id='word_1_455' title='bbox 834 4749 859 4796; x_wconf 90' lang='lat' dir='ltr'>p.</span> <span class='ocrx_word' id='word_1_456' title='bbox 872 4729 942 4782; x_wconf 66' lang='lat'><strong>317¹)</strong></span> <span class='ocrx_word' id='word_1_457' title='bbox 956 4729 996 4784; x_wconf 89' lang='grc'>19.</span> <span class='ocrx_word' id='word_1_458' title='bbox 1019 4727 1173 4789; x_wconf 79' lang='grc' dir='ltr'>ἀναποδίζων</span> <span class='ocrx_word' id='word_1_459' title='bbox 1191 4727 1226 4787; x_wconf 81' lang='grc' dir='ltr'>τίς</span> <span class='ocrx_word' id='word_1_460' title='bbox 1243 4726 1356 4782; x_wconf 77' lang='grc' dir='ltr'>τούπίσω</span> <span class='ocrx_word' id='word_1_461' title='bbox 1373 4731 1517 4784; x_wconf 70' lang='lat' dir='ltr'>Herodian.</span> 
     </span>
     <span class='ocr_line' id='line_1_43' title="bbox 151 4815 1516 4882; baseline -0.004 -11"><span class='ocrx_word' id='word_1_462' title='bbox 151 4821 253 4872; x_wconf 81' lang='lat' dir='ltr'>Histor.</span> <span class='ocrx_word' id='word_1_463' title='bbox 271 4821 361 4874; x_wconf 71' lang='lat' dir='ltr'>Vhll</span> <span class='ocrx_word' id='word_1_464' title='bbox 384 4823 495 4875; x_wconf 77' lang='lat' dir='ltr'>Luoisn.</span> <span class='ocrx_word' id='word_1_465' title='bbox 519 4822 630 4872; x_wconf 83' lang='lat' dir='ltr'>meroed.</span> <span class='ocrx_word' id='word_1_466' title='bbox 654 4821 729 4872; x_wconf 81' lang='lat' dir='ltr'>cond.</span> <span class='ocrx_word' id='word_1_467' title='bbox 753 4815 796 4870; x_wconf 74' lang='lat'>21.</span> <span class='ocrx_word' id='word_1_468' title='bbox 820 4831 936 4882; x_wconf 83' lang='lat' dir='ltr'>necyom.</span> <span class='ocrx_word' id='word_1_469' title='bbox 956 4815 980 4867; x_wconf 81' lang='lat'>7.</span> <span class='ocrx_word' id='word_1_470' title='bbox 1005 4818 1075 4868; x_wconf 79' lang='lat' dir='ltr'>Abd.</span> <span class='ocrx_word' id='word_1_471' title='bbox 1094 4833 1115 4868; x_wconf 86' lang='lat' dir='ltr'>o.</span> <span class='ocrx_word' id='word_1_472' title='bbox 1132 4815 1172 4870; x_wconf 78' lang='lat'>17.</span> <span class='ocrx_word' id='word_1_473' title='bbox 1200 4817 1245 4866; x_wconf 77' lang='lat' dir='ltr'>olii</span> <span class='ocrx_word' id='word_1_474' title='bbox 1267 4818 1313 4868; x_wconf 93' lang='lat' dir='ltr'>illo</span> <span class='ocrx_word' id='word_1_475' title='bbox 1336 4818 1516 4868; x_wconf 68' lang='lat' dir='ltr'>mathematico</span> 
     </span>
     <span class='ocr_line' id='line_1_44' title="bbox 152 4899 1516 4970; baseline -0.002 -13"><span class='ocrx_word' id='word_1_476' title='bbox 152 4922 232 4958; x_wconf 81' lang='lat' dir='ltr'>sensu</span> <span class='ocrx_word' id='word_1_477' title='bbox 250 4908 346 4958; x_wconf 79' lang='lat' dir='ltr'>hebent</span> <span class='ocrx_word' id='word_1_478' title='bbox 363 4908 471 4958; x_wconf 84' lang='lat' dir='ltr'>verbum</span> <span class='ocrx_word' id='word_1_479' title='bbox 488 4903 589 4958; x_wconf 83' lang='grc' dir='ltr'>ἀναλῦω</span> <span class='ocrx_word' id='word_1_480' title='bbox 607 4908 679 4960; x_wconf 81' lang='lat' dir='ltr'>Sext.</span> <span class='ocrx_word' id='word_1_481' title='bbox 703 4907 762 4958; x_wconf 77' lang='lat' dir='ltr'>sdv-</span> <span class='ocrx_word' id='word_1_482' title='bbox 788 4905 890 4956; x_wconf 75' lang='lat' dir='ltr'>arithm.</span> <span class='ocrx_word' id='word_1_483' title='bbox 913 4899 987 4954; x_wconf 77' lang='lat' dir='ltr'>1v2</span> <span class='ocrx_word' id='word_1_484' title='bbox 1012 4905 1053 4955; x_wconf 83' lang='lat' dir='ltr'>vel</span> <span class='ocrx_word' id='word_1_485' title='bbox 1079 4902 1237 4970; x_wconf 84' lang='grc' dir='ltr'>ἀνακάμπτω</span> <span class='ocrx_word' id='word_1_486' title='bbox 1266 4904 1344 4954; x_wconf 88' lang='lat' dir='ltr'>Philo</span> <span class='ocrx_word' id='word_1_487' title='bbox 1374 4905 1406 4954; x_wconf 83' lang='lat' dir='ltr'>de</span> <span class='ocrx_word' id='word_1_488' title='bbox 1431 4905 1516 4969; x_wconf 83' lang='lat' dir='ltr'>opiiie.</span> 
     </span>
     <span class='ocr_line' id='line_1_45' title="bbox 151 4986 1459 5061; baseline -0.005 -16"><span class='ocrx_word' id='word_1_489' title='bbox 151 5009 179 5058; x_wconf 83' lang='lat' dir='ltr'>p.</span> <span class='ocrx_word' id='word_1_490' title='bbox 194 4991 228 5045; x_wconf 92' lang='grc'>10</span> <span class='ocrx_word' id='word_1_491' title='bbox 248 4994 337 5060; x_wconf 77' lang='lat' dir='ltr'>ldsng.</span> <span class='ocrx_word' id='word_1_492' title='bbox 359 4995 499 5061; x_wconf 89' lang='lat' dir='ltr'>Philopon.</span> <span class='ocrx_word' id='word_1_493' title='bbox 517 4993 552 5046; x_wconf 85' lang='lat' dir='ltr'>ud</span> <span class='ocrx_word' id='word_1_494' title='bbox 570 4997 649 5046; x_wconf 79' lang='lat' dir='ltr'>Arist.</span> <span class='ocrx_word' id='word_1_495' title='bbox 668 4995 693 5044; x_wconf 90' lang='lat' dir='ltr'>d.</span> <span class='ocrx_word' id='word_1_496' title='bbox 713 4996 799 5046; x_wconf 77' lang='lat' dir='ltr'>enims</span> <span class='ocrx_word' id='word_1_497' title='bbox 817 4986 925 5056; x_wconf 60' lang='lat' dir='ltr'>palilib</span> <span class='ocrx_word' id='word_1_498' title='bbox 942 4989 982 5042; x_wconf 92' lang='grc'>19.</span> <span class='ocrx_word' id='word_1_499' title='bbox 1010 4992 1126 5043; x_wconf 83' lang='lat' dir='ltr'>Hieroul.</span> <span class='ocrx_word' id='word_1_500' title='bbox 1144 4993 1172 5042; x_wconf 88' lang='lat' dir='ltr'>in</span> <span class='ocrx_word' id='word_1_501' title='bbox 1190 5005 1267 5042; x_wconf 70' lang='grc' dir='ltr'>ουτω.</span> <span class='ocrx_word' id='word_1_502' title='bbox 1287 5005 1343 5042; x_wconf 83' lang='lat' dir='ltr'>sur.</span> <span class='ocrx_word' id='word_1_503' title='bbox 1361 5006 1387 5054; x_wconf 84' lang='lat' dir='ltr'>p.</span> <span class='ocrx_word' id='word_1_504' title='bbox 1402 4989 1459 5043; x_wconf 87' lang='lat' dir='ltr'>lee.</span> 
     </span>
    </p>
   </div>
   <div class='ocr_carea' id='block_1_6' title="bbox 1265 5071 1313 5138">
    <p class='ocr_par' dir='ltr' id='par_1_9' title="bbox 1265 5071 1313 5138">
     <span class='ocr_line' id='line_1_46' title="bbox 1265 5071 1313 5138; baseline 0 -25"><span class='ocrx_word' id='word_1_505' title='bbox 1265 5071 1313 5138; x_wconf 63' lang='grc'>4*</span> 
     </span>
    </p>
   </div>
   <div class='ocr_carea' id='block_1_7' title="bbox 0 0 1866 5730">
    <p class='ocr_par' dir='ltr' id='par_1_10' title="bbox 0 0 1866 5730">
     <span class='ocr_line' id='line_1_47' title="bbox 0 0 1866 5730; baseline 0 0"><span class='ocrx_word' id='word_1_506' title='bbox 0 0 1866 5730; x_wconf 95' lang='lat' dir='ltr'> </span> 
     </span>
    </p>
   </div>
  </div>
 </body>
</html>
