3708 5732
344 388 405 451 122
449 391 489 440 lx
516 391 566 440 DE
585 390 841 442 THEOPHRASTI
860 391 1066 442 OPINIONUM
1086 391 1186 442 APUD
1206 391 1419 442 CICERONEM
1438 389 1619 441 VESTIGIIS

343 555 465 640 optima
487 556 550 623 fide
572 551 700 642 prolata
714 558 795 624 mira
812 555 1002 624 credulitate
1016 562 1197 641 propagata
1212 563 1271 642 est,
1293 557 1398 623 donec
1419 563 1493 640 post
1514 556 1698 641 fragmenta

342 677 447 742 pauca
461 678 482 724 a
498 657 537 724 0.
552 660 785 727 Drummondio
802 661 888 726 1810
901 659 1034 741 vulgata
1049 658 1196 741 integrae
1218 667 1376 744 quotquot
1395 665 1526 726 exstant
1540 659 1699 744 reliquiae

344 761 430 842 [coll.
451 763 507 826 alt.
530 761 625 828 Herc.
648 765 724 829 roll.
747 764 779 828 11
807 763 911 845 Neap.
935 760 1032 843 1863]
1057 760 1166 826 editae
1192 767 1276 826 sunt.
1320 761 1385 827 iam
1415 760 1510 826 simul
1536 781 1555 827 e
1581 761 1699 828 litteris

342 882 444 946 prope
465 863 612 930 evanidia
635 867 806 951 Φιλοδήμου
829 865 893 948 περὶ
916 862 1063 948 εὐσεβείας
1085 861 1199 929 enituit
1221 863 1273 946 [01.
1289 863 1408 930 Nauck
1428 864 1500 929 mel.
1516 883 1601 947 gree.
1618 883 1698 928 rom.

343 965 374 1027 Π
389 965 569 1031 sss-effi.
592 966 775 1050 627-638]
799 987 894 1050 quem
917 963 1044 1030 titulum
1065 965 1136 1049 ipse
1158 973 1303 1032 extremo
1325 964 1452 1050 priore¹
1476 963 1557 1030 libro
1580 962 1701 1047 signifi·

344 1071 476 1133 caverat
497 1087 527 1149 p.
544 1067 595 1152 89,
612 1067 784 1152 20110010.
817 1070 867 1132 τὸν
889 1067 954 1151 περὶ
976 1070 1028 1150 τῆς
1043 1065 1190 1152 εὐσεβείας
1205 1069 1299 1152 λόγον.
1331 1065 1701 1133 1010100000011.Ρο

343 1169 502 1234 tersenius
531 1169 618 1236 edito
640 1169 822 1253 fragmento
850 1167 1126 1234 Drummondiano
1153 1175 1221 1236 tum
1242 1170 1282 1237 A
1304 1169 1481 1234 Krischeus
1503 1167 1585 1234 libro
1606 1187 1700 1250 saga

342 1269 448 1336 citatis
464 1276 497 1336 el
511 1271 678 1339 doetrinae
693 1272 880 1357 plenissimo
897 1269 1093 1353 [forschung.
1108 1270 1168 1337 auf
1178 1271 1252 1338 dem
1263 1271 1390 1355 gehiete
1406 1271 1465 1338 der
1478 1272 1567 1336 alten
1581 1269 1699 1354 philos.

343 1371 451 1438 Goett.
476 1373 571 1456 1840]
594 1373 807 1440 Philodemea
831 1372 1013 1439 accuratius
1038 1372 1278 1446 examinarunt.
1304 1393 1385 1458 quos
1411 1379 1527 1457 postea
1551 1371 1700 1455 pleniore

341 1475 450 1542 libello
464 1475 598 1558 ,adscito
621 1475 657 1540 B.
681 1474 900 1559 Lengnickius
923 1479 1041 1540 eventu
1063 1479 1172 1542 tamen
1194 1475 1282 1542 haud
1303 1475 1399 1560 parili
1421 1479 1550 1542 secutus
1569 1479 1621 1539 est
1641 1473 1700 1555 [ad

342 1578 565 1644 emendandos
588 1578 863 1662 explicandosque
885 1576 1050 1642 Ciceronis
1071 1575 1171 1642 libros
1192 1576 1234 1643 de
1255 1585 1373 1644 natura
1393 1577 1527 1644 deorum
1554 1573 1631 1659 quid
1657 1594 1700 1640 ex

342 1679 523 1746 Philodami
547 1681 720 1765 scriptione
742 1682 806 1766 περὶ
829 1679 975 1764 εὐσεβείας
995 1676 1154 1744 redundet
1175 1679 1249 1744 Hal.
1267 1679 1373 1763 18111.
1396 1678 1471 1744 hinc
1485 1683 1610 1744 tantum
1626 1696 1701 1742 een-

341 1787 406 1848 stat
431 1781 599 1865 opiniones
613 1781 880 1866 philosophorum
898 1780 986 1864 ipsas
1002 1779 1190 1846 Ciceronem
1205 1801 1272 1847 non
1287 1780 1467 1866 collegisse,
1489 1780 1548 1846 red
1562 1780 1701 1846 collecta

341 1885 523 1968 repperisse
550 1883 584 1948 in
605 1885 765 1968 Epicureo
792 1882 931 1966 quodam
954 1882 1050 1967 libro,
1079 1902 1174 1966 quem
1202 1883 1445 1949 Philodemenm
1472 1901 1545 1948 esse
1566 1888 1701 1965 propter

341 1987 454 2052 miram
481 1985 720 2054 similitudinem
746 1986 920 2050 innuerunt
945 2004 1051 2068 paene
1073 2004 1194 2051 omnes.
1239 1983 1310 2068 quis
1331 1985 1417 2050 enim
1439 1982 1642 2051 Antisthenis
1664 1989 1701 2047 ut

340 2088 403 2154 hoc
425 2095 497 2154 utar
518 2090 573 2154 vel
593 2087 776 2155 Aristotelis
798 2087 851 2152 vel
874 2086 1007 2154 Persaei
1035 2085 1209 2171 Chrysippi
1230 2086 1387 2170 Diogenis
1413 2085 1582 2171 opiniones
1608 2085 1701 2150 iuxta

340 2190 465 2274 positas
487 2191 709 2275 perlustrabit,
736 2190 813 2273 quin
838 2188 873 2254 in
899 2187 1167 2272 simplicissimam
1192 2188 1282 2254 illam
1310 2188 1527 2255 coniecturam
1554 2187 1700 2254 incidat?

340 2298 450 2358 amon
472 2291 625 2376 quiddam
647 2293 724 2359 inde
745 2291 887 2358 nascitur
908 2289 1132 2373 dubitationis,
1160 2290 1247 2373 quod
1269 2309 1382 2374 parum
1404 2290 1545 2357 sensisse
1570 2289 1700 2356 videtur

341 2393 559 2476 Lengniekius
581 2414 641 2460 nee
663 2394 705 2460 ab
726 2391 867 2458 Hiraelio
892 2392 1097 2458 observatum
1119 2391 1226 2474 video,
1252 2391 1305 2474 qui
1327 2392 1419 2476 quasi
1441 2411 1477 2460 re
1499 2392 1583 2459 bene
1605 2397 1700 2475 gesta

340 2495 412 2561 aliis
434 2496 506 2562 libri
529 2494 674 2580 partibus
696 2496 855 2580 potiorem
877 2512 986 2560 curam
1008 2492 1164 2559 adhihere
1185 2493 1307 2558 maluit.

426 2597 490 2662 Diu
518 2603 661 2664 osteum
684 2617 796 2663 omnes
819 2595 989 2662 Tullianae
1016 2595 1109 2660 istius
1135 2595 1363 2678 disputationis
1394 2603 1524 2680 stupent
1551 2601 1584 2660 et
1609 2593 1700 2676 igno

342 2699 481 2764 tantiam
503 2705 536 2764 et
558 2698 770 2782 iniquitatem.
815 2698 848 2763 in
870 2697 1064 2764 Graeculum
1084 2696 1259 2763 transferre
1280 2697 1435 2764 invidiam
1457 2718 1594 2782 pronum
1618 2703 1699 2780 erat,

341 2800 395 2882 qui
423 2801 533 2867 nescio
560 2821 623 2883 quo
650 2807 745 2884 pacto
774 2800 807 2865 in
830 2805 1048 2884 contemptum
1070 2798 1235 2864 hominnm
1267 2799 1434 2865 doctorum
1460 2798 1581 2866 incidit.
1627 2797 1701 2880 Epi·

341 2923 455 2968 eureus
478 2903 585 2986 homo,
608 2903 766 2986 inquiunt,
789 2909 904 2987 suapte
919 2901 1090 2985 disciplina
1104 2908 1295 2968 oceaeaatus
1310 2902 1419 2967 aliena
1433 2921 1493 2968 nee
1507 2899 1699 2980 intellegere

341 3012 428 3071 recte
443 3025 504 3070 nec
519 3004 663 3087 prolerre
678 3005 862 3089 incorrupte
878 3010 1016 3088 poterat.
1043 3003 1117 3069 hinc
1132 3002 1246 3069 010010
1261 3003 1413 3070 videlicet
1426 3003 1523 3070 homo
1538 3001 1700 3068 humanus

341 3108 399 3173 sed
422 3105 518 3172 nimis
540 3103 698 3172 festinans
721 3114 755 3172 ut
771 3114 879 3173 cetera
894 3107 939 3172 sic
953 3105 1049 3170 istam
1065 3105 1279 3171 conviciorum
1294 3125 1333 3170 ac
1348 3123 1506 3187 nugarum
1525 3103 1698 3170 colluviem

339 3209 477 3276 fideliter
500 3207 687 3274 transvexit
711 3209 787 3274 audi
811 3207 1045 3290 Lengnickium
1068 3229 1099 3292 p.
1116 3210 1169 3273 16:
1194 3210 1383 3285 Cicercnan,
1398 3207 1454 3291 ait,
1469 3207 1598 3272 'indicia
1620 3225 1699 3269 con-

338 3315 565 3393 solutionesque
587 3311 697 3392 quibas
718 3313 910 3392 eloquiorum
936 3311 1186 3390 philosophorum
1213 3313 1398 3392 disciplinas
1422 3312 1606 3392 perstrenue
1636 3329 1700 3372 nan

338 3437 396 3480 rao
420 3435 461 3478 ea
484 3416 605 3494 inperata
626 3415 803 3494 protulisse,
824 3415 881 3478 aad
902 3417 965 3476 tam
989 3413 1206 3491 inPlr’lodcmi
1232 3415 1311 3478 libro
1333 3415 1503 3478 indicatam
1524 3415 1701 3492 repperiare

340 3540 418 3602 qaas
441 3521 567 3601 quiaque
590 3517 639 3578 det
662 3535 758 3579 asnar
773 3517 816 3579 ad
830 3516 1123 3596 reprehendendam.
1157 3513 1238 3581 haee
1260 3513 1325 3582 ille.
1359 3515 1424 3580 iam
1445 3515 1520 3580 vide
1542 3519 1699 3596 quantum

336 3621 408 3705 ipse
435 3642 465 3704 p.
481 3621 523 3685 42
552 3617 718 3684 detrahat:
753 3620 918 3682 acerbiora
945 3617 1080 3681 exordia
1103 3636 1182 3698 quaa
1210 3619 1295 3698 apud
1318 3619 1495 3682 0100100010
1520 3618 1699 3698 disciplinis

339 3725 540 3804 complurium
566 3722 817 3802 philosophorum
847 3723 893 3784 ita
918 3729 990 3782 sant
1014 3720 1189 3800 praemissa
1218 3729 1251 3784 al
1281 3723 1384 3784 atatim
1414 3720 1454 3783 ab
1483 3721 1572 3782 initia
1600 3721 1699 3782 aninai

339 3827 472 3888 altorum
494 3823 708 3886 abalienantur
729 3843 791 3886 nan
812 3824 911 3903 101000
926 3823 1095 3884 Philodami
1116 3841 1203 3903 qaam
1224 3825 1325 3886 cham
1345 3823 1458 3885 10101οε
1480 3823 1647 3903 elepantem
1670 3832 1699 3884 et

337 3930 502 3990 damascum
529 3934 619 4006 atque
647 3924 687 3986 ah
713 3926 770 3988 hoc
796 3926 906 3988 acerbe
940 3925 1111 3989 cavillandi
1135 3926 1240 3988 studia
1267 3927 1401 3988 alianum
1427 3925 1534 4004 [01100.
1579 3923 1626 3988 110
1648 3929 1699 3988 001

340 4028 495 4114 profecto.
530 4025 739 4092 Philodemus
761 4032 886 4091 tantum
902 4025 1055 4092 abhorret
1069 4025 1111 4092 ab
1126 4025 1188 4092 isto
1204 4025 1405 4094 conviciandi
1420 4024 1539 4108 furore,
1562 4031 1598 4089 ut
1610 4024 1699 4090 iusto

340 4131 438 4198 etiam
460 4128 617 4195 leniorem
639 4148 674 4194 se
695 4135 788 4212 gerat
810 4136 922 4195 contra
941 4127 1122 4194 Stoicorum
1145 4127 1380 4194 cavillationes.
1412 4128 1446 4192 hi
1468 4127 1502 4192 in
1523 4126 1699 4210 Epicurum

337 4235 481 4300 iacerent
503 4252 534 4315 p.
552 4233 602 4316 79,
622 4233 663 4298 28
686 4235 889 4318 παιδαριωδῶς
912 4231 1048 4314 λέγεσθαι
1070 4231 1118 4294 καὶ
1140 4231 1303 4316 γράφεσθαι
1330 4233 1378 4296 καὶ
1405 4231 1583 4296 πλάττεσθαι
1611 4228 1701 4298 θεοὺς

339 4336 564 4421 ἀνθρωποειδεῖς
587 4332 625 4400 01.
650 4357 680 4418 p.
697 4336 748 4422 82,
773 4338 823 4401 21).
867 4333 1076 4400 Philodemus
1097 4331 1178 4397 nihil
1201 4339 1314 4397 contra
1335 4332 1416 4397 dixit
1436 4333 1500 4398 nisi
1521 4330 1608 4415 quod
1632 4351 1700 4414 my-

339 4437 515 4519 thologiam
539 4436 723 4504 duriuscule
746 4438 813 4503 suis
834 4435 1014 4501 rationibus
1035 4434 1329 4501 accommodarent.
1361 4433 1395 4498 in
1418 4434 1535 4500 ceteris
1555 4432 1624 4498 lere
1647 4451 1700 4496 eo-

339 4544 442 4610 hibuit
470 4538 620 4607 iudicium
651 4561 757 4623 neque
785 4537 958 4622 quidquam
990 4537 1184 4622 Epicureum
1214 4537 1354 4602 colorem
1385 4536 1493 4620 prodit
1518 4534 1581 4600 nisi
1610 4533 1700 4616 quod

408 4814 416 4844 ¹
436 4825 537 4867 exstare
557 4817 641 4866 adhuc
660 4819 686 4865 in
705 4829 803 4880 papyro
822 4815 968 4878 partitionis
987 4821 1094 4864 externa
1113 4815 1187 4879 signa
1199 4827 1298 4862 meeum
1317 4829 1363 4877 per
1381 4813 1478 4862 litteras
1498 4813 1701 4862 communicarit

336 4904 514 4968 (1010ρο11100.
544 4905 603 4953 hinc
631 4902 811 4966 corrigendum
831 4901 901 4964 qnod
926 4910 1037 4951 ceteram
1065 4909 1134 4952 recte
1163 4907 1253 4950 contra
1281 4899 1467 4962 Lsngnlckium
1495 4899 1609 4963 disputat
1638 4899 1699 4948 Hir-

335 4992 414 5041 aalins
433 5008 457 5058 p.
476 4988 518 5042 20.
