3710 5730
323 384 365 447 24
610 387 623 435 1
658 388 708 436 nn
727 386 996 436 rsurancnaxn
1016 385 1201 436 arnonas
1220 386 1392 436 unuoura

322 553 436 636 inerit,
461 562 657 638 nontpotest
680 555 840 637 cognosci.
871 573 984 620 sanum
1009 553 1094 619 hunc
1115 554 1220 619 loounr
1242 575 1308 620 non
1331 553 1440 638 luisse,
1463 555 1538 637 quia
1553 553 1690 620 omissus

323 661 382 739 ost,
405 657 559 722 conicias.

408 757 538 824 Maiora
561 764 715 843 excerpta
737 759 869 825 exhibet
891 781 917 824 c.
935 762 972 824 11
998 759 1039 824 de
1062 759 1228 824 stellarum
1252 763 1378 824 natura.

351 859 467 923 Achill.
484 881 514 944 p.
529 862 618 926 133r
642 863 684 931 τίς
706 862 790 926 οὐσία
812 862 951 946 ἀστέρων.
1052 861 1136 926 Plut.
1152 861 1183 925 ll
1200 863 1239 926 13
1265 863 1307 931 τίς
1330 864 1350 944 ἡ
1373 860 1458 924 οὐσία
1472 869 1530 924 τῖον
1546 862 1669 946 ἀστρων.

367 961 484 1046 Θαλῆς
507 965 558 1045 μὲν
581 965 618 1048 δὴ
641 965 740 1048 γηίνην
759 964 885 1048 ἔμπυρον
901 965 979 1028 εἶπεν
1088 973 1098 1024 1
1135 963 1250 1048 Θαλῆς
1273 966 1370 1047 γεώδη
1393 965 1456 1046 μὲν,
1479 961 1594 1049 ἔμπυρα
1607 968 1639 1030 δὲ
1653 969 1689 1030 τὰ

323 1063 375 1145 τὴν
399 1067 456 1126 τῶν
480 1066 608 1149 ἀστέρων
632 1067 741 1131 οίισίαν.
1032 1066 1134 1150 ἄστρα.
1340 1053 1343 1059 v

362 1164 603 1252 Ἐμπεδοκλῆς
642 1171 675 1232 δὲ
708 1171 840 1254 πυρίνους
876 1168 981 1236 αὐτούς
1087 1177 1102 1228 2
1133 1167 1372 1253 Ἐμπεδοκλῆς
1394 1171 1497 1253 πύρινα
1519 1170 1618 1234 tare&
1639 1195 1688 1234 πυ-

323 1269 395 1332 εἶπε.
1033 1271 1154 1354 ρώδους,

366 1373 439 1441 τινὲς
454 1373 487 1436 δὲ
501 1376 618 1454 γεώδεις
633 1373 723 1435 εἰπεῖν
741 1373 846 1442 αὐτοὺς
861 1375 981 1457 ἐτόλμη-

324 1495 386 1536 σαν.
421 1474 462 1536 ὧν
485 1475 546 1538 ἐστι
568 1477 616 1538 καὶ
636 1473 873 1558 Ἀναξαγόρας.

367 1579 453 1658 μετὰ
468 1579 531 1662 τὰρ
547 1581 609 1662 τὴν
625 1581 782 1661 ττρτοτρρ,
804 1578 886 1662 ρορί,
909 1579 980 1640 δορί.
1034 1561 1103 1644 ὅπερ
1127 1563 1142 1622 ύ
1165 1563 1223 1643 ἀὴρ
1246 1563 1276 1624 ἐν
1299 1563 1394 1646 ἑαυτῷ
1424 1563 1567 1648 περιέχων
1592 1564 1685 1634 ἐξανέ-

324 1701 440 1762 οτρτοτρ
463 1684 521 1742 τῶν
544 1680 696 1764 οτοτρρίρο
724 1680 756 1740 το
779 1683 836 1763 πῦρ
859 1681 980 1764 χωρτζο.
1033 1663 1119 1746 δλιψε
1141 1664 1227 1726 κατὰ
1249 1665 1309 1746 τὴν
1331 1668 1467 1748 πρώτην
1491 1667 1673 1748 διάκρισιν.

324 1805 408 1862 μενον
430 1783 477 1844 ἐπὶ
500 1783 551 1864 τὴν
573 1781 646 1844 ἰδίαν
668 1781 752 1864 φύσιν
775 1783 979 1844 ἀνασπάσαι
1005 1789 1007 1849 l
1082 1774 1098 1826 3
1122 1763 1346 1850 Ἂναξαίὸξαί
1361 1769 1409 1829 τὸν
1427 1768 1571 1850 “amia
1589 1775 1687 1851 “stit

324 1884 371 1945 καί
406 1885 529 1968 διάπυρα
562 1889 681 1967 ποιῆσαι
707 1885 754 1946 καὶ
782 1890 833 1967 τῆς
854 1889 907 1968 γῆς
931 1883 980 1966 ρο.
1033 1867 1065 1929 δὲ
1087 1868 1201 1950 εὐτονίᾳ
1226 1873 1278 1950 τῆς
1301 1871 1506 1953 περιδινήσεως
1533 1873 1688 1954 ἀναρπά-

325 1987 371 2068 ρτοί
392 2009 464 2048 ττρρ,
1032 1989 1141 2032 σαντα
1152 1969 1272 2053 πέτρους
1285 1971 1343 2034 ἀπδ
1352 1977 1404 2055 τῆς
1412 1977 1466 2056 γῆς
1474 1972 1689 2057 καταφλέξαντα

367 2088 436 2150 ilisa
452 2091 499 2152 καὶ
514 2092 562 2152 τὸν
578 2091 659 2173 ἥλιον
674 2086 770 2170 ἔλεγεν
786 2087 858 2149 εἶναι
874 2087 980 2170 μύδρον
1032 2071 1150 2140 τούτους
1173 2073 1362 2158 impilm·

325 2195 365 2260 ὡς
388 2189 454 2273 ἑξῆς
477 2192 608 2274 ἐροῦμεν.

367 2293 459 2376 έτεροι
493 2294 525 2355 δὲ
557 2294 698 2375 κίσηριν
736 2291 856 2373 πλαγίαν
892 2291 980 2356 οὖσαν
1084 2285 1100 2336 5
1132 2278 1296 2360 osorton<
1325 2282 1497 2362 ²²⁶¹ll²⁰33i
1524 2281 1560 2342 τὰ
1588 2281 1688 2364 ⁰1“Timr

325 2397 381 2457 οπο
410 2401 462 2479 της
489 2395 669 2479 ρτρροτττος
697 2397 748 2456 τοῦ
771 2394 888 2477 αἰθέρος
916 2396 981 2456 ἀρα.
1006 2372 1008 2453 ί
1033 2380 1170 2449 διαπνοὰς
1192 2381 1225 2442 δὲ
1246 2380 1321 2444 αὐτὰ
1341 2379 1450 2463 νομίζει
1473 2386 1524 2445 τοῦ
1546 2383 1668 2464 κόσμου.

324 2497 484 2580 πτομένην,
513 2498 560 2560 καὶ
584 2497 640 2559 ὑπὸ
662 2501 720 2558 τῶν
736 2499 900 2580 τρυμαλιῶν
915 2497 982 2566 τοδς

324 2599 447 2683 ἀστέρας
468 2599 589 2683 φαίνειν.

368 2701 511 2765 Πλάτων
537 2703 570 2766 δὲ
597 2703 630 2765 ἐκ
658 2707 717 2764 τῶν
739 2703 886 2785 τεσσάρων
909 2724 981 2766 στοι-
1086 2713 1117 2767 12
1152 2704 1296 2766 Πλάτων
1325 2706 1358 2766 ἐκ
1392 2707 1444 2787 μὲν
1475 2713 1526 2771 τοῦ
1554 2711 1688 2773 πλείστου

324 2807 425 2889 χείων,
447 2805 581 2868 πλείστου
604 2805 637 2866 δὲ
658 2805 757 2888 πυρός.
1007 2791 1008 2798 ¹
1033 2805 1136 2888 μέρους
1158 2805 1300 2890 πυρίνους,
1324 2807 1496 2892 μετέχοντας
1519 2810 1614 2873 δὲκαὶ
1629 2815 1687 2873 τῶν

366 2907 567 2990 Ξενοφάνης
590 2907 622 2968 δὲ
637 2907 712 2987 λέγει
727 2907 793 2976 τούς
809 2897 934 2992 ἀστέρας
948 2911 981 2972 ἐκ
1032 2907 1128 2970 ἀλλων
1151 2911 1303 2994 στοιχείων
1325 2910 1433 2992 κόλλης
1455 2912 1547 2996 δίκην.

323 3013 418 3092 νεφῶν
428 3010 594 3072 συνεστάναι
603 3009 740 3092 ἐμπύρων
752 3011 799 3073 καὶ
809 3011 979 3095 σβέννυσθαι
1086 3020 1116 3074 14
1150 3011 1346 3096 Ξενοφάνης
1369 3013 1402 3076 ἐκ
1421 3020 1516 3099 νεφῶν
1532 3016 1584 3096 μὲν
1600 3039 1686 3078 πεπυ-

317 3099 371 3174 Ακοιὶ
401 3111 579 3174 ἀνάπτεσθαι
607 3114 711 3175 ὡσανεὶ
737 3113 894 3197 ἀνδρακάς.
931 3115 979 3178 καὶ
1031 3111 1168 3197 ρ’ωμένων
1192 3115 1396 3198 σβεννυμένους
1418 3117 1533 3182 δὲκαθ’
1562 3119 1686 3202 ἑκάστην

325 3215 373 3276 ὅτε
393 3214 444 3294 μὲν
465 3215 601 3276 ἅπτονται
623 3215 782 3299 φαντασίαν
797 3219 876 3300 ἡμᾶς
900 3216 979 3302 ἔχειν
1004 3280 1006 3289 ,
1031 3218 1156 3301 ἡμέραν,
1189 3219 1386 3302 ἀναζωπυρεῖν
1415 3219 1527 3304 νύκτωρ
1554 3223 1687 3305 καθάπερ

324 3317 476 3398 ἀνατολῆς.
499 3316 785 3402 lustratorum
808 3319 928 3388 δύσεως.
1003 3318 1006 3453 β
1031 3321 1096 3388 τοὺς
1124 3319 1280 3402 ἄνθρακας.
1312 3321 1364 3390 τάς
1391 3323 1445 3406 γὰρ
1472 3323 1613 3391 ἀνατολάς
1639 3325 1687 3386 καὶ

367 3421 394 3480 οἱ
428 3419 579 3482 Στωικοὶ
612 3420 646 3482 δέ
675 3420 708 3482 ἐκ
735 3423 824 3504 πυρὸς
846 3423 977 3504 λέγουσιν
1003 3456 1006 3513 τ
1030 3423 1080 3492 τὰς
1103 3423 1197 3491 δύσεις
1219 3421 1330 3506 ἐξάψεις
1351 3423 1423 3486 εἶναι
1446 3425 1493 3487 καὶ
1516 3425 1638 3509 σβέσεις.

324 3523 439 3602 αύτούς,
453 3522 543 3605 πυρὸς
552 3521 585 3583 δὲ
599 3527 650 3585 τοῦ
663 3523 745 3586 {laico
761 3525 808 3588 καὶ
824 3524 917 3588 ἀιδίου
930 3527 977 3588 καὶ
1002 3518 1005 3603 Ι

323 3625 357 3688 ού
374 3626 576 3709 παραπλησίου
587 3631 630 3710 τῷ
643 3625 706 3709 παρ’
724 3629 804 3710 ἡμῖν.
826 3631 911 3689 τούτο
923 3629 976 3712 γάρ

323 3728 483 3813 φθαρτικὸν
505 3729 552 3792 καὶ
575 3729 610 3792 οδ
633 3729 781 3812 παμφαές.

408 3831 505 3895 Haud
527 3829 641 3895 inutile
663 3829 725 3894 erit
746 3849 829 3912 quac
852 3830 904 3895 hic
926 3839 1113 3914 comparata
1136 3840 1210 3898 sunt
1229 3832 1363 3898 Achillis
1381 3835 1611 3918 Plutarchique
1635 3855 1685 3900 ca·

323 3932 392 4017 pita
414 3933 596 3997 accuratius
619 3932 820 4016 examinare,
848 3938 882 3996 ut
904 3952 968 3997 nno
992 3933 1106 3998 saltem
1130 3935 1277 4018 exemplo
1301 3937 1501 4019 excerptoris
1523 3937 1606 4001 ratio
1630 3957 1683 4020 ρο-

323 4041 435 4101 teseat.
459 4035 560 4118 probe
583 4040 757 4118 excerptae
781 4041 856 4100 sunt
878 4035 1042 4100 Plutarchi
1065 4038 1105 4116 ἓξ
1124 4039 1152 4100 1.
1168 4039 1197 4102 2.
1216 4038 1265 4100 12.
1283 4037 1333 4100 14.
1369 4037 1427 4103 sed
1450 4039 1536 4104 unde
1557 4040 1686 4105 Anaxa-

323 4160 423 4223 gorea
451 4137 641 4205 accersivit?
673 4157 757 4222 quae
786 4137 913 4204 etiarnsi
942 4144 1013 4204 orta
1041 4139 1105 4204 sint
1131 4161 1171 4206 ex
1199 4138 1403 4205 Plutarcheis
1426 4141 1480 4220 §3
1503 4147 1536 4206 et
1565 4164 1591 4208 ο.
1608 4145 1684 4210 206

323 4242 362 4308 el.
386 4265 417 4326 p.
435 4244 538 4325 138υ,
568 4247 676 4306 tamen
707 4239 838 4306 mirifice
869 4241 997 4306 variata
1027 4247 1110 4306 sunt
1144 4240 1280 4307 forsitan
1315 4241 1458 4308 alienum
1486 4241 1606 4310 fontem
1631 4247 1686 4312 ad-

323 4345 457 4409 mixtum
490 4344 618 4428 eredas,
651 4344 779 4426 qualem
809 4343 843 4408 in
876 4343 990 4408 eodem
1017 4345 1214 4427 Anaxagora
1247 4341 1427 4408 adhibitum
1456 4353 1571 4427 postea
1599 4349 1686 4416 vide·

322 4445 437 4510 bimus.
475 4445 562 4509 haud
577 4445 830 4511 diiudicaverim.
856 4451 891 4510 at
907 4445 1067 4511 concedes
1089 4446 1147 4511 illa
1169 4447 1241 4529 μετὰ
1263 4449 1315 4531 τὴν
1339 4449 1457 4530 πρώτην
1480 4449 1620 4534 διάκρισιν
1644 4472 1685 4517 εκ

322 4547 521 4631 Empedocle
543 4547 737 4614 Plutareheo
760 4550 815 4628 §2
837 4569 896 4632 per
918 4547 1097 4613 socordiam
1123 4569 1194 4614 esso
1210 4549 1379 4615 translata.
1407 4547 1442 4612 irl
1464 4552 1550 4632 quod
1572 4553 1614 4618 de
1636 4573 1685 4620 oe·

323 4655 463 4716 terorum
487 4670 614 4733 quoque
642 4651 705 4714 lide
733 4649 967 4716 dubitationem
993 4649 1080 4716 facit.
1114 4651 1196 4714 mira
1221 4649 1343 4734 ingenii
1368 4649 1523 4717 felicitate
1546 4655 1587 4719 (le
1610 4654 1685 4722 Dio·

322 4749 405 4834 gene
427 4752 622 4818 Plutarehea
649 4753 725 4818 darn
747 4751 924 4836 amplificat
951 4753 1102 4838 eorrupit.
1147 4773 1252 4836 neque
1279 4751 1365 4818 enirn
1388 4751 1465 4836 quid
1486 4754 1527 4820 sit
1549 4755 1605 4822 ille
1628 4778 1685 4842 pu-

322 4874 395 4920 mex
418 4854 586 4920 caelamne
609 4875 651 4919 an
674 4853 777 4936 aliud,
801 4855 989 4920 enucleatur
1012 4875 1117 4938 neque
1139 4855 1260 4937 πλαγίαν
1283 4857 1337 4922 vel
1359 4857 1416 4920 ὑπὸ
1438 4861 1496 4920 τῶν
1519 4862 1683 4942 τρυμαλιῶν

321 4955 466 5044 intellegi
498 4962 615 5042 potest.
661 4955 720 5022 sed
750 4955 924 5054 videndum
958 4965 1008 5022 est
1038 4976 1080 5022 ne
1115 4961 1251 5021 πλατεῖαν
1288 4963 1320 5024 ot
1354 4960 1401 5022 διὰ
1430 4965 1488 5022 τῶν
1518 4964 1682 5044 τρυραλιῶν
