3756 5736
322 389 386 454 260
470 391 536 441 XIX
564 391 613 440 DE
635 390 803 440 Hartman
824 389 1027 439 GEN'l'lLlUM
1048 389 1357 440 PHILOSOPHOHUM
1378 387 1562 439 incisioni.

322 559 392 625 siue
414 556 518 624 ferula
539 557 646 640 tetigit
668 555 853 640 Simplicius
874 557 892 640 ¹,
920 555 1006 622 uude
1028 556 1090 622 hoo
1113 565 1200 624 certe
1227 557 1333 623 discas
1355 557 1541 639 dogmatum
1564 555 1682 620 discor·-

322 661 410 727 diam
432 682 497 726 non
521 667 614 726 sexto
638 659 743 724 minus
766 679 862 742 quam
877 658 981 726 altero
997 661 1127 726 saeculo
1147 666 1258 744 aptam
1274 659 1464 743 praebuisse
1484 657 1681 724 christianae

323 763 521 830 cavillationi
545 762 726 828 materiam.
760 781 835 826 nam
856 761 943 844 quod
965 762 1071 846 pergit
1086 761 1160 829 Otto
1179 784 1210 846 p.
1227 784 1244 824 u
1267 775 1359 846 etque
1379 763 1537 837 Hermiae,
1559 764 1587 823 rt
1606 781 1681 824 sue-

322 870 391 933 oalo
416 869 520 950 quinto
544 877 597 929 oct
620 867 712 928 etiarn
729 867 830 928 aeriae
846 867 1026 928 irrisionem
1039 867 1214 948 scripsisset
1230 875 1311 928 cerlo
1325 867 1406 927 hooc
1422 866 1681 946 opportunitatem

321 974 397 1035 istoc
417 971 616 1052 philosophos
639 969 778 1049 quamtis
801 977 873 1030 torro
894 971 927 1031 in
950 969 1072 1052 angulis
1095 971 1254 1032 latitarent
1276 987 1439 1049 eorumque
1461 965 1601 1052 φλυαρίας
1624 986 1680 1028 ec-

322 1075 465 1156 apitondi
486 1093 547 1136 aon
570 1073 745 1146 dimisisset,
768 1069 860 1134 nihili
884 1077 943 1136 est.
988 1090 1064 1136 narn
1086 1070 1141 1153 qui
1163 1089 1266 1150 noras
1288 1068 1453 1135 doctrinas
1476 1069 1681 1134 traducturus

322 1183 401 1260 erat,
423 1175 453 1242 ei
468 1175 570 1240 multa
585 1171 733 1237 doctrina
741 1173 933 1256 superanda
947 1192 1061 1256 pamm
1076 1172 1118 1238 ab
1133 1171 1291 1238 audituris
1306 1170 1411 1236 laudis
1427 1168 1680 1254 exspectandum

321 1285 400 1344 erat.
435 1283 548 1342 contra
571 1273 757 1358 siqrristina
779 1293 863 1358 quae
885 1295 925 1340 ex
949 1274 1150 1342 institutione
1172 1275 1287 1359 cuique
1308 1279 1387 1338 nota
1406 1279 1500 1338 eraut
1515 1271 1679 1337 irridendo

321 1379 490 1464 repetebat
511 1385 544 1444 et
566 1377 729 1442 delectare
752 1383 881 1460 poterat
903 1399 979 1444 suos
1001 1380 1159 1463 simulque
1182 1373 1388 1444 adversarios
1408 1373 1593 1440 Aristotelis
1609 1374 1681 1438 Pla·
1711 1365 1720 1382 ⁸

321 1482 407 1548 tonis
436 1481 576 1568 denique
603 1478 757 1562 antiquae
784 1479 952 1546 doctrinae
977 1482 1171 1567 interpretes
1199 1497 1397 1564 oppugnare.
1442 1483 1604 1563 postremo
1627 1474 1681 1540 do·

320 1583 457 1650 fendunt
483 1583 535 1648 isti
565 1581 617 1664 [ef.
642 1579 716 1646 Otto
740 1604 770 1666 p.
788 1584 900 1665 ruvrrr]
923 1583 1075 1652 Hermiae
1103 1584 1292 1668 opusculum
1314 1583 1432 1662 vigente
1454 1582 1557 1644 adhuc
1576 1581 1679 1661 pecti-

321 1689 409 1750 lirmo
430 1689 578 1768 scriptum
599 1706 665 1749 osec
688 1706 727 1750 uc
748 1689 776 1749 εν·
803 1689 835 1749 in
857 1687 970 1750 scholis
997 1691 1089 1752 ettam
1115 1699 1188 1752 tanc
1214 1694 1379 1768 regnarent
1406 1686 1516 1747 varice
1541 1685 1679 1764 philoso-

320 1793 478 1871 phantium
500 1801 611 1853 sectae.
645 1808 755 1853 verum
773 1795 823 1854 eet
838 1790 1008 1856 Platonem
1023 1791 1229 1858 Aristotelem
1246 1788 1439 1856 Cleanthem
1457 1787 1679 1872 Pythagoram

321 1893 494 1976 Epicurum
523 1891 662 1957 derideri
692 1891 784 1974 quasi
811 1891 939 1958 illorum
966 1893 1098 1961 scholae
1130 1894 1226 1962 etiam
1255 1898 1322 1957 tum
1353 1895 1486 1975 pateant
1520 1888 1679 1972 liceatque
1718 1917 1724 1926 ⁷

320 1994 450 2060 intrare.
495 1993 581 2060 unde
603 1993 630 2058 si
652 1993 722 2060 istis
744 1993 863 2078 credis,
887 2014 959 2060 eam
988 1995 1170 2078 adgnosces
1199 2001 1356 2078 aetatem,
1387 2013 1451 2076 qua
1480 2011 1546 2056 non
1575 1991 1678 2056 solum

321 2095 478 2162 Platonici
503 2095 709 2180 Peripatetici
732 2095 928 2180 Pythagorei
951 2097 1010 2163 sed
1033 2098 1131 2165 etiarn
1153 2096 1252 2164 Stoici
1276 2103 1309 2163 et
1324 2094 1475 2180 Epicurei
1497 2093 1680 2176 frequentia

320 2199 550 2281 discipulorum
565 2197 740 2280 floruerint,
763 2198 794 2263 lr.
811 2218 839 2264 e.
855 2219 920 2264 uon
936 2205 1010 2283 post
1024 2199 1160 2267 alterum
1176 2199 1347 2266 tertiumve
1364 2220 1394 2283 p.
1412 2195 1486 2263 Chr.
1502 2197 1678 2262 saeculum.

320 2307 355 2366 at
378 2301 493 2368 eodem
515 2299 650 2366 artificio
673 2308 708 2366 tu
731 2301 850 2368 efficies
870 2308 937 2366 tum
953 2299 1098 2369 Thaletis
1116 2301 1351 2368 Anaximandri
1374 2319 1607 2380 caseorumque
1630 2318 1680 2363 ce-

319 2411 461 2469 terorum
484 2403 748 2486 philosophorum
771 2405 914 2470 asseclas
941 2402 1050 2470 fuisse.
1087 2405 1301 2488 nequeenim
1324 2405 1425 2468 ullum
1447 2401 1599 2467 Hermiae
1620 2407 1677 2466 aut

321 2504 442 2570 ordinis
464 2510 520 2570 aut
540 2505 677 2570 rationis
697 2511 746 2572 est
767 2505 809 2571 ab
824 2505 889 2572 illis
904 2505 1084 2572 discrimen.
1119 2508 1177 2574 sed
1192 2508 1234 2575 de
1250 2509 1377 2575 ratione
1393 2527 1467 2572 mox
1482 2504 1677 2569 videbimus.

319 2607 382 2674 hoo
404 2613 532 2674 constat
553 2607 618 2690 qui·
630 2607 768 2692 priorem
786 2607 947 2674 Irrisionis
964 2609 1120 2692 originem
1135 2617 1308 2678 suaserunt
1323 2614 1515 2692 argumenta
1529 2608 1679 2674 attulisse

320 2709 569 2794 haudquaquam
592 2709 692 2777 firma.

407 2810 501 2890 Quod
528 2812 629 2896 probe
657 2813 886 2880 intellexerunt
913 2833 984 2880 oum
1012 2814 1068 2880 alii
1096 2823 1162 2882 tum
1192 2816 1230 2882 G.
1260 2815 1296 2882 F.
1322 2814 1500 2881 hienaelius
1527 2814 1679 2880 Hermiae

321 2915 425 2980 editor
448 2915 563 2998 [Lugd.
581 2915 652 2980 Bet.
669 2915 765 2996 1840]
788 2915 842 2998 qui
863 2915 905 2980 ad
928 2918 1091 2982 saeculum
1114 2917 1259 3001 quintum
1282 2923 1315 2984 et
1337 2918 1422 2982 ultra
1444 2917 1513 2982 eius
1535 2922 1678 2982 aetatem
1774 2955 1775 2961 κ

320 3017 505 3102 ponendam
526 3017 660 3084 censuit.
702 3017 915 3099 nequeenim
942 3018 1075 3086 frivolos
1103 3021 1186 3086 risus
1213 3027 1246 3086 et
1271 3019 1409 3086 facetias
1436 3037 1508 3082 eam
1536 3024 1679 3084 aetatem

319 3119 435 3186 decere
458 3119 514 3204 ait,
537 3140 601 3204 qua
623 3118 918 3203 potentissimorum
934 3119 1075 3186 hostium
1090 3122 1223 3207 impetui
1247 3129 1333 3188 esset
1354 3119 1596 3204 occurrendum,
1620 3119 1677 3185 sed

320 3239 384 3304 qua
411 3227 505 3304 parta
531 3227 564 3288 et
590 3222 759 3306 explorata
787 3221 923 3289 victoria
950 3225 1053 3290 securi
1081 3226 1271 3308 gauderent.
1316 3243 1422 3306 neque
1444 3222 1581 3306 gentiles
1605 3223 1679 3287 edo·

320 3322 441 3388 cendos
467 3323 630 3390 advocare
657 3324 744 3408 quod
771 3324 894 3408 priores
922 3334 1172 3411 consueverant,
1203 3325 1262 3392 sed
1288 3325 1376 3410 ipsos
1399 3325 1591 3390 christianos
1613 3345 1677 3388 uon

319 3423 557 3492 confirmandos
579 3425 637 3492 sed
660 3426 748 3492 inani
771 3427 843 3492 lusu
867 3427 1087 3494 oblectandos.
1116 3428 1265 3494 Menaelii
1289 3427 1484 3513 opinionem,
1508 3447 1605 3511 quarn
1628 3446 1679 3491 ve·

319 3526 486 3594 hementer
507 3528 620 3612 probo,
643 3519 740 3611 paulo
763 3529 945 3596 accuratius
968 3529 1132 3614 explicare
1147 3529 1247 3596 iurat.
1282 3530 1489 3614 nequeenim
1505 3529 1677 3612 quidquam

319 3627 440 3708 obstat,
470 3630 547 3712 quin
574 3631 672 3697 etiam
701 3631 800 3715 priori
823 3631 924 3699 aetati
947 3632 1052 3697 lusum
1073 3632 1243 3716 iocumque
1265 3632 1478 3699 attribuamus
1501 3630 1607 3716 (testis
1629 3637 1678 3696 est

318 3729 499 3816 Poliones),
521 3738 556 3797 at
578 3731 632 3815 qui
655 3753 786 3800 scurrae
808 3753 982 3818 personam
996 3733 1101 3799 induit
1115 3734 1253 3817 gentiles
1269 3736 1452 3819 edocturus,
1475 3754 1554 3800 suae
1569 3741 1677 3800 tamen

319 3831 479 3916 opinionis
502 3835 694 3916 gravitatem
717 3837 825 3919 aliquo
845 3836 940 3902 modo
963 3834 1105 3918 aperiret
1127 3857 1262 3904 necesse
1284 3843 1363 3904 erat.
1408 3837 1499 3902 velut
1520 3835 1677 3900 Tatianus

318 3935 518 4018 scriptorque
533 3937 765 4004 cohortationis
781 3939 822 4003 ad
838 3939 975 4022 gentiles
997 3939 1145 4022 quamvis
1164 3940 1300 4008 ridicula
1315 3947 1488 4024 sectentur,
1511 3945 1620 4004 tamen
1637 3957 1677 4002 ue

317 4043 469 4120 puuctum
492 4038 621 4122 quidem
642 4042 797 4126 temporis
819 4041 948 4108 dubites
963 4041 1041 4124 quin
1056 4040 1192 4108 ridendo
1208 4043 1317 4110 dicere
1333 4063 1445 4109 rerum
1461 4040 1677 4107 adversarios-

318 4158 380 4222 que
402 4138 462 4204 sibi
485 4141 569 4207 serio
592 4143 766 4210 conciliare
783 4142 1018 4228 proposuerint.
1054 4143 1268 4226 quodeoutra
1284 4145 1382 4212 estin
1398 4143 1560 4209 irrisione.
1592 4141 1677 4206 unde

317 4263 388 4308 cum
410 4243 555 4328 ineptum
577 4246 729 4312 Hermiae
751 4243 975 4332 prooemium'
996 4264 1111 4331 parurn
1132 4245 1322 4314 satisfacere
1343 4247 1524 4330 videretur,
1549 4245 1678 4311 fuerunt

389 4453 396 4485 ¹
416 4457 467 4504 illis
486 4457 663 4519 patrocinatur
680 4455 807 4506 scholium
825 4456 859 4504 ad
878 4457 946 4506 hunc
964 4455 1091 4520 Simplicii
1108 4456 1192 4506 locum
1216 4457 1243 4506 in
1262 4457 1321 4506 cod.
1340 4457 1364 4506 D
1384 4465 1512 4506 servatum
1536 4449 1565 4503 oh
1589 4447 1676 4502 καθαι-

317 4545 408 4613 ροῦμεν
427 4541 462 4599 ὡς
481 4537 672 4609 triporticum
691 4538 802 4608 λέγοντες
823 4540 865 4593 τὸν
891 4539 950 4592 θεοῦ
974 4539 1046 4609 λόγον
1065 4536 1117 4592 ἀλλ’
1140 4540 1214 4610 ἐντι]
1234 4540 1313 4610 οἰκείᾳ
1332 4539 1482 4612 μεγαλότρτι
1500 4540 1545 4592 ani
1563 4544 1676 4609 περιωπῇ

317 4628 482 4699 φυλάττοντες
500 4629 687 4698 προσκυνοῦμεν
705 4625 741 4686 ὡς
759 4627 874 4680 σώσαντα
893 4625 960 4696 ἡμᾶς
979 4627 1013 4678 δι’
1032 4627 1129 4696 ἄφατον
1148 4624 1300 4696 ἀγαθόν-ητα.
1422 4619 1428 4630 ’

387 4716 494 4770 'falsus
512 4727 550 4768 est
564 4717 697 4767 Worthins
712 4734 768 4768 curu
781 4735 814 4768 ex
826 4719 953 4784 prooemii
971 4716 1056 4766 verbis
1076 4713 1098 4766 dr
1118 4714 1241 4784 ἀγαπητοί
1260 4719 1452 4767 orationem
1472 4718 1504 4766 ad
1524 4717 1676 4766 christianos

317 4807 429 4857 habitam
448 4822 502 4857 esse
522 4807 654 4855 conclusit.
673 4806 799 4854 infelicius
812 4805 874 4854 Otto
894 4805 1031 4868 gentiles
1051 4807 1124 4866 qussi
1144 4805 1239 4854 blanda
1260 4806 1411 4869 captatione
1433 4806 1600 4869 compellatus
1620 4807 1675 4869 opi·

316 4902 391 4944 uatus
415 4903 460 4944 est.
488 4895 533 4944 sed
556 4895 632 4944 Pauli
656 4894 735 4943 rerba
757 4895 934 4958 propositurus
958 4893 990 4942 ab
1013 4893 1081 4942 illius
1103 4893 1215 4943 formula
1234 4891 1318 4956 {Rom
1346 4888 1377 4942 12
1396 4892 1463 4942 1⁹11
1482 4891 1600 4942 Corinth.
1619 4890 1634 4943 ‘l
1655 4889 1677 4953 1]

316 4982 475 5031 sollemniter
494 4982 609 5031 libellum
628 4984 783 5046 auspicatur.
