3708 5732
707 427 983 480 nnonuaonnnn
1459 425 1520 489 149

162 596 302 662 confecit
318 596 454 679 pristino
470 595 553 660 libre
568 595 701 661 dimidio
716 595 883 678 minorem,
903 615 924 660 a
939 596 1087 678 Diogene
1102 617 1166 660 non
1182 615 1255 660 raro
1271 596 1411 660 citatam.
1435 594 1520 658 idern

163 697 274 783 Satyri
296 697 389 764 Vitae
417 697 451 762 in
481 703 586 762 artum
614 698 720 780 coegit
747 697 789 762 ab
819 698 934 764 eodem
956 697 1131 764 adhibitas.
1174 698 1259 763 banc
1285 687 1451 780 epitomen
1478 697 1520 761 ab

160 801 219 865 illa
241 801 340 882 vulgo
363 799 560 881 disiungunt.
605 807 640 865 at
660 800 739 864 mihi
762 799 891 883 quidem
914 820 980 866 non
1002 800 1136 884 contigit
1158 820 1271 866 sanam
1295 800 1364 866 eius
1386 799 1521 864 rationis

161 919 294 967 eausam
309 901 503 985 perspicere.
536 920 688 982 quorsum
703 901 865 968 attinebat
878 903 1010 969 easdem
1026 903 1111 968 titas
1126 923 1145 968 e
1159 901 1296 968 (bsersis
1311 902 1521 986 scriptoribus

160 1003 299 1070 dirersis
328 1003 527 1087 compendiis
558 1003 748 1088 compilare,
782 1024 853 1070 cum
883 1005 1056 1071 lectoribus
1085 1003 1232 1070 binorum
1263 1003 1416 1071 librorum
1443 1025 1520 1070 usus

161 1105 292 1171 minime
319 1105 506 1170 commodus
533 1113 621 1171 esset
646 1103 793 1172 futurus?
825 1128 869 1173 an
899 1108 981 1172 mira
1001 1107 1061 1172 fuit
1082 1127 1142 1172 sua
1163 1107 1277 1190 cuique
1299 1109 1450 1173 servandi
1474 1128 1521 1174 re

161 1208 249 1292 ligio,
270 1215 307 1273 ut
328 1214 498 1291 separatos
520 1208 694 1292 scriptores
716 1211 828 1275 mallet
849 1217 1020 1294 excerptos
1035 1210 1213 1294 praebere?
1239 1215 1274 1274 at
1291 1209 1471 1276 sufficiebat
1485 1217 1521 1276 ut

129 1393 133 1402 ἢ
160 1311 296 1377 adderet
318 1309 437 1393 ubique
458 1311 491 1373 ἐκ
513 1315 572 1373 τῶν
594 1311 746 1382 Σωτίωνος
768 1319 825 1377 aut
847 1313 988 1397 Σατύρου.
1026 1312 1154 1377 omnino
1176 1311 1441 1396 philosophorum
1466 1333 1521 1394 po·

160 1413 318 1479 tissimum
340 1433 402 1496 res,
425 1433 490 1478 uon
513 1420 680 1479 auctorum
699 1415 832 1481 nomina
852 1415 917 1481 illis
932 1414 1115 1480 hominibus
1131 1413 1219 1479 cordi
1234 1414 1335 1480 luere.
1364 1433 1404 1478 ac
1418 1415 1518 1478 multo

159 1515 312 1582 liberiore
343 1515 470 1581 ratione
492 1515 720 1602 Aristophanis
743 1518 892 1604 Byzantii
921 1517 1075 1602 epitome,
1101 1524 1137 1582 nt
1158 1518 1340 1601 exemplum
1363 1536 1518 1600 promam,

159 1619 343 1684 Aristotelis
358 1621 423 1703 περὶ
439 1613 524 1705 ζῴων
539 1621 718 1704 composita
732 1619 802 1686 fuit.
827 1639 905 1703 orgo
920 1620 1062 1686 Heckeri
1078 1620 1294 1684 coniecturam
1310 1620 1520 1685 vehementer

158 1720 262 1805 probo
289 1741 386 1786 unam
413 1741 486 1787 esse
514 1721 677 1806 epitomen
707 1722 850 1788 Sotionis
876 1729 909 1788 et
931 1723 1051 1808 Satyri.
1096 1721 1194 1804 qnid?
1224 1721 1311 1804 qnod
1332 1720 1520 1804 simpliciter

153 1823 347 1907 Ἡρακλείδης
369 1825 399 1887 ἐν
422 1829 459 1906 τῇ
482 1825 608 1906 ἐπιτομῇ
632 1825 739 1890 Laert.
763 1826 841 1890 VIII
862 1827 904 1891 52
928 1825 1060 1908 citatur,
1084 1823 1139 1888 ubi
1161 1844 1202 1889 ex
1225 1824 1345 1908 Satyro
1368 1822 1518 1887 haustum

158 1932 308 2010 apparet.
341 1945 448 2008 neqne
469 1925 568 1990 alium
590 1927 716 2010 librum,
738 1927 765 1991 si
780 1928 858 1992 mibi
874 1927 988 2008 credis,
1009 1925 1169 2008 intellegit
1184 1926 1368 1991 Demetrius
1383 1925 1518 2008 Magnes

157 2029 311 2094 LaertV
334 2029 389 2110 94,
417 2026 471 2092 ubi
500 2029 549 2091 τὸν
571 2030 733 2114 γεγραφότα
762 2031 815 2114 τὴν
838 2031 977 2114 διαδοχὴν
1001 2030 1031 2092 ἐν
1053 2028 1084 2097 ἓξ
1106 2028 1225 2113 βιβλίοις
1247 2027 1451 2092 Heraclidem
1474 2027 1519 2094 in-

157 2129 275 2195 ducit¹
297 2129 447 2194 nimirum
462 2129 601 2214 pretium
617 2151 736 2215 operae
751 2132 895 2198 facturus
910 2131 971 2197 sibi
986 2130 1158 2195 videbatur
1173 2128 1315 2195 Sotionis
1330 2130 1517 2195 memoriam

156 2231 269 2316 Satyri
296 2233 456 2316 excerptis
486 2234 691 2299 emendatam
720 2241 752 2299 et
773 2241 902 2300 auctam
925 2232 1065 2299 breviter
1086 2230 1369 2315 comprehendere.
1412 2251 1519 2315 neque

154 2335 252 2400 deest
281 2334 478 2402 simillimum
506 2335 575 2402 eius
603 2336 648 2402 rei
676 2339 868 2421 exemplum.
920 2355 997 2400 nam
1021 2335 1106 2400 inter
1136 2336 1318 2418 complures
1348 2332 1517 2418 epitomas,

155 2455 240 2519 quas
261 2435 397 2504 Photius
419 2459 447 2504 c.
463 2441 526 2504 213
548 2439 591 2504 ab
613 2439 855 2522 Agatharchide
876 2437 1020 2504 eiusdem
1039 2436 1221 2503 Heraclidis
1242 2442 1423 2517 anagnosta
1444 2457 1517 2501 con·

153 2536 260 2604 fectae
288 2547 436 2606 recenset
463 2539 626 2608 invenitur
653 2542 802 2624 ἐπιτομὴ
836 2545 902 2602 τῶν
936 2541 1225 2623 συγγεγραφότων
1256 2539 1320 2622 περὶ
1349 2545 1517 2623 συναγωγῆς

154 2641 328 2723 θαυμασίων
356 2643 471 2725 ἀνέμων
501 2641 533 2730 [θ
555 2646 748 2726 ἀκουσμάτων
776 2643 1019 2725 Weetermann,
1053 2643 1132 2705 ἐθῶν
1167 2642 1317 2722 Mueller,
1351 2640 1516 2722 ἀνθρώπων

153 2741 293 2830 Rohdel.
339 2763 415 2810 ecce
437 2745 663 2812 miraculorum
686 2745 859 2829 scriptores
881 2745 914 2810 in
937 2765 1035 2810 unum
1058 2743 1282 2827 compendium
1305 2743 1417 2807 coacti.
1456 2743 1517 2807 He-

153 2844 288 2910 raclidis
310 2845 383 2910 libri
406 2847 520 2914 crebra
543 2855 592 2914 est
616 2848 736 2912 mentio
759 2869 863 2930 neque
892 2855 1000 2914 tamen
1023 2869 1094 2913 cum
1124 2845 1277 2910 librorum
1299 2845 1423 2911 numeri
1444 2866 1518 2910 nus·

152 2966 253 3029 quam
277 2957 512 3034 comparerent,
534 2951 576 3016 de
598 2949 711 3015 ordine
733 2949 907 3032 quidquam
929 2951 1074 3034 prolerre
1095 2969 1161 3014 non
1187 2947 1390 3012 arbitrarium
1413 2954 1516 3012 tutum

152 3054 236 3114 erat.
273 3054 364 3115 tanto
386 3051 508 3116 maiore
530 3051 649 3134 gaudio
673 3050 743 3116 eius
763 3051 920 3134 epitomes
936 3053 1074 3118 indicem
1089 3069 1191 3134 nuper
1206 3049 1400 3134 accepimus,
1422 3070 1516 3133 quem

153 3150 295 3216 Useneri
312 3151 482 3218 curiositas
504 3173 523 3219 e
545 3152 675 3236 Ioseppi
700 3153 944 3236 hypomnestico
968 3153 1029 3242 [ed.
1042 3156 1066 3219 1.
1080 3154 1118 3218 Α.
1132 3151 1300 3217 Fabricius
1315 3152 1386 3218 cod.
1403 3153 1517 3236 pseud-

153 3252 402 3336 epigrapbrvet.
414 3261 541 3320 testam.
553 3255 669 3320 Hamb.
684 3256 766 3320 1723
781 3257 844 3320 vol.
857 3257 889 3320 ΙΙ
905 3277 935 3340 p.
949 3255 1023 3344 325]
1039 3255 1185 3339 vulgarit
1201 3251 1292 3340 [Mus.
1305 3253 1364 3318 Rb.
1374 3255 1517 3320 XXVIII

151 3351 240 3440 431}
280 3356 532 3439 superscriptam
565 3363 615 3421 est
645 3358 718 3426 τίνες
746 3358 869 3440 αἱρέσεις
891 3359 958 3443 παρ’
986 3355 1109 3442 Ἕλλησι
1136 3359 1282 3440 γεγόνασι;
1315 3375 1356 3420 en
1385 3356 1516 3440 Ioseppi

153 3456 270 3522 tabula

397 3561 413 3626 1
460 3563 567 3645 ἠπερὶ
589 3565 647 3624 τῶν
669 3567 799 3646 φυσικῶν
1000 3564 1036 3626 11
1080 3559 1300 3643 Ἐμπεδόκλειος

395 3663 415 3727 2
458 3664 566 3747 ἡπερλ
589 3663 739 3746 θεολογίας
1002 3665 1041 3730 12
1081 3661 1291 3746 Ἡρακλείτειος

394 3767 413 3830 3
457 3766 564 3849 ἡπερὶ
585 3770 644 3828 τῶν
667 3767 741 3831 ἑπτὰ
766 3773 865 3853 σοφῶν
1001 3767 1041 3830 13
1081 3763 1231 3848 Ἐλεατική
1286 3795 1287 3798 “

393 3871 414 3934 4
457 3867 674 3952 ἡΣιυκρατική
1001 3869 1041 3932 14
1084 3866 1290 3951 Δημοκρίτειος

394 3973 414 4036 b
459 3960 673 4057 ’ἡΚυρηναϊκή
1001 3972 1041 4036 15
1084 3970 1302 4054 Πρωταγόρειος

392 4074 413 4138 θ
457 4071 612 4158 ἡΚυνική
1003 4075 1043 4138 16
1088 4071 1256 4156 Πυρρωνεία

394 4177 412 4240 7
458 4173 634 4262 ἡἨλειακή
1005 4177 1044 4240 17
1086 4175 1288 4258 Ἀκαδημαϊκή

393 4279 413 4343 8
457 4277 665 4364 ἡἘρετριακή
1006 4279 1045 4343 18
1091 4277 1305 4360 Περιπατητική

392 4381 412 4445 9
457 4380 608 4466 Μεγαρική
1004 4381 1044 4445 19
1088 4379 1205 4462 Στωική

373 4485 414 4548 10
456 4483 653 4567 Πυθαγόρειος
1005 4482 1048 4546 20
1086 4479 1289 4566 Ἐπικούρειος.

150 4586 260 4655 ταότας
282 4587 333 4656 τὰς
355 4585 447 4651 εἴκοσι
469 4586 593 4671 αἱρέσεις
611 4585 841 4670 Ἡρακλείδης
869 4590 884 4650 ό
917 4585 1160 4667 Πυθαγορικὸς
1186 4587 1289 4648 διεῖλεν
1312 4585 1346 4647 ἐν
1369 4589 1416 4668 τῷ
1441 4582 1517 4665 περὶ

151 4692 218 4770 τῆς
240 4689 276 4750 ἐν
298 4689 512 4773 φιλοσόφοις
535 4689 708 4772 αἱρέσεως
731 4689 926 4773 πραγματείας
949 4689 1056 4751 αὐτοῦ
1081 4683 1248 4771 {infitior-²

227 4827 324 4894 ¹qucd
347 4830 494 4880 Demetrius
517 4827 572 4896 τὴν
585 4813 712 4896 Ιδιαδοχὴν
738 4829 849 4880 breviter
871 4829 946 4890 dicit,
970 4828 1100 4890 cognitam
1124 4827 1252 4890 epitomen
1276 4827 1302 4874 in
1329 4829 1420 4890 vulgus
1438 4826 1517 4874 fnisse

150 4917 238 4968 docet.
276 4919 307 4968 cf.
326 4918 427 4968 Usener
446 4917 513 4966 Mus.
532 4917 581 4966 Rb.
602 4916 723 4966 XXVIII
740 4913 800 4967 431.

225 4999 236 5034 ²
254 5007 366 5056 correxit
377 5005 509 5057 Uscuerus
527 5001 626 5072 περὶτὰ
639 5003 739 5072 φυσικά,
758 5001 812 5071 περὶ
824 4998 953 5068 θεολογίαν
965 5009 1022 5063 etc,
1039 5001 1085 5050 sed
1098 5001 1161 5052 mini
1173 4999 1277 5052 dubium
1291 5000 1352 5066 quid
1364 4999 1517 5050 Heraclides
