3708 5738
377 376 440 442 562
715 381 909 432 HIPPOLYTI
928 381 1293 434 PHILOSOPHUMENON
1312 381 1413 434 82—10

428 545 491 610 θεῖν
515 544 620 634 [τε]τά
636 549 734 631 ὑμοια.
777 548 825 612 καλ
841 549 877 612 τὰ
893 549 946 631 μὲν
961 548 1035 613 κατὰ
1050 551 1100 613 τὸν
1116 550 1237 636 οὑρανὺν
1252 551 1454 635 κεκοσμῆσθαι
1472 553 1528 616 ὑπὸ
1543 555 1599 635 τής
1614 551 1687 634 έριυ

396 728 400 736 ⁴
427 649 509 714 κλίου
525 653 676 736 κινήσεως.
702 652 735 715 τὸ
753 651 804 733 μὲν
820 649 870 716 οὑν
886 651 993 714 πυκνὸν
1010 652 1058 716 καλ
1075 652 1160 736 ὑγρὸν
1176 653 1225 716 καλ
1240 654 1273 716 τὸ
1289 655 1434 718 σκοτεινὸν
1450 654 1498 718 καλ
1514 655 1628 738 ψυχρὸν
1643 655 1686 718 καί

428 754 521 816 πάντα
542 755 579 818 τὰ
601 753 691 838 βαρέα
714 753 861 819 συνελθεῖν
877 754 924 817 έπλ
939 754 973 816 τὸ
989 752 1089 836 μέσον,
1112 752 1142 823 ἐξ
1158 753 1199 818 ιὺν
1215 755 1363 838 παχέντων
1377 757 1430 840 τὴν
1445 761 1499 840 γῆν
1516 757 1686 839 ὑποστήναι·

426 855 462 918 τὰ
485 853 512 918 δ’
540 855 720 938 ἀντικείμενα
741 857 854 926 τούτοις
878 857 912 920 τὸ
935 855 1044 939 θερμὸν
1069 857 1117 920 καὶ
1140 857 1173 920 τὸ
1196 860 1330 942 λαμπρὸν
1352 860 1400 922 καλ
1423 859 1456 922 τὸ
1480 857 1567 943 ξηρὸν
1590 859 1639 922 καὶ
1659 861 1689 922 τὸ

395 970 411 1023 3
428 967 468 1000 “
479 963 493 994 ⁸
505 963 614 1044 κοῦρον
637 959 678 1028 εἰς
692 959 726 1022 τὸ
742 959 844 1043 πρίσω
858 963 909 1022 τοῦ
925 956 1044 1042 αἰθέρος
1059 961 1201 1043 ὁρμήσαι.
1294 962 1348 1044 τὴν
1365 961 1399 1024 δὲ
1419 966 1473 1046 γῆν
1495 967 1538 1048 τῷ
1562 964 1713 1047 σχήμασι

427 1067 563 1128 πλατεῖαν
586 1061 658 1126 εἶναι
681 1063 728 1126 καλ
752 1060 847 1143 μένειν
870 1059 1017 1144 μετέωρον
1040 1061 1143 1124 διὰτὸ
1167 1061 1290 1145 μέγεθος
1312 1064 1361 1127 καλ
1382 1065 1430 1128 διὰ
1450 1065 1485 1128 τὺ
1508 1066 1601 1148 μηδὲν
1623 1063 1689 1128 εἶναι

430 1167 530 1232 κενόν·
546 1165 595 1228 καὶ
609 1164 657 1228 θιά
672 1169 758 1228 τοῦτο
772 1165 822 1228 τὸν
837 1163 910 1248 ἀέρα
926 1162 1114 1248 ἰσχυρότατον
1130 1161 1199 1228 ὄντα
1213 1163 1310 1248 φέρειν
1325 1165 1527 1252 ἐποχουμένην
1541 1168 1597 1250 τήν
1611 1171 1672 1251 χήν.

398 1281 416 1332 4
477 1266 579 1332 τῶνδ’
601 1268 647 1330 ἐπὶ
663 1272 716 1350 γῆς
732 1268 826 1350 ὑγρῶν
843 1267 896 1350 τήν
914 1267 965 1348 μὲν
982 1265 1132 1330 θάλασσαν
1148 1267 1281 1352 ὑπάρξαι,
1303 1269 1375 1352 'saa'
1396 1292 1428 1332 τε
1449 1269 1480 1332 ἐν
1502 1268 1581 1352 αὐτή
1606 1268 1691 1332 ὕδατα

430 1371 638 1456 ἐξατμισθέντα
661 1370 824 1434 ὑποστάντα
846 1367 938 1438 οὑτως
959 1367 1103 1450 γεγονέναι
1126 1371 1173 1432 καλ
1201 1372 1260 1436 ἀπὸ
1282 1375 1340 1436 τῶν
1364 1371 1622 1454 καταρρευσάντιυν
1644 1393 1689 1432 πο

391 1479 537 1558 σταμῶν.
690 1472 756 1541 τοὺς
786 1471 819 1534 δὲ
849 1472 997 1552 ποταμοὺς
1031 1472 1079 1536 καὶ
1114 1473 1172 1536 ἀπὸ
1205 1480 1265 1537 τῶν
1299 1471 1415 1558 ὄμβρων
1449 1474 1608 1557 λαμβάνειν
1641 1472 1688 1554 τήν
1704 1491 1723 1528 ιι

427 1577 585 1643 ὑπόστασιν
607 1573 656 1637 καλ
679 1571 709 1642 ἐξ
732 1573 845 1636 ὑδάτων
867 1577 925 1636 τῶν
948 1574 979 1636 ἐν
1000 1574 1039 1656 τή
1060 1576 1112 1658 γή.
1154 1574 1225 1639 εἶναι
1248 1575 1302 1659 γὰρ
1324 1575 1415 1660 αὑτήν
1430 1575 1530 1658 κοίλην
1545 1574 1596 1638 καλ
1613 1572 1687 1658 ἔχειν

427 1683 505 1766 ὕδωρ
525 1680 556 1744 ἐν
577 1682 637 1745 τοῖς
659 1676 847 1757 κοιλώμασιν.
890 1675 939 1738 τὸν
966 1677 1000 1739 δὲ
1030 1675 1134 1741 Νεῖλον
1162 1675 1300 1748 αὔξεσθαι
1328 1678 1402 1742 κατὰ
1429 1679 1462 1742 τὸ
1493 1677 1581 1762 θέρος
1607 1699 1687 1741 κατα-

425 1783 593 1870 φερομένων
616 1779 657 1849 είς
679 1777 767 1842 αὑτὸν
789 1777 901 1840 ὑδάτων
924 1778 983 1841 ἀπὸ
1011 1781 1070 1842 τῶν
1098 1779 1128 1842 έν
1144 1779 1167 1860 †
1181 1785 1240 1850 τοῖς
1268 1779 1383 1864 ἄρκτοις
1409 1780 1528 1865 χιάνων.

393 1901 409 1952 6
470 1889 553 1972 ήλιον
579 1883 613 1946 ὑλ
639 1883 687 1946 καλ
715 1881 838 1964 σελήνην
866 1881 914 1944 καὶ
944 1881 1037 1944 πάντα
1063 1881 1100 1946 τὰ
1121 1881 1214 1968 ἄστρα
1235 1883 1335 1952 λίθους
1357 1881 1429 1946 εἶναι
1451 1882 1599 1967 ἐμπόρους
1621 1905 1686 1966 συμ

425 1985 658 2073 περιληφθέντας
679 1983 736 2046 ὑπὸ
759 1987 811 2066 τῆς
833 1982 950 2066 αἰθέρος
973 1987 1140 2068 περιφορᾶς.
1183 1984 1256 2050 εἶναι
1278 1983 1303 2048 δ’
1332 1984 1470 2048 ὑποκάτω
1492 1989 1550 2049 τῶν
1575 1986 1686 2071 ἄστρων
1701 2005 1720 2041 υ

395 2105 410 2158 7
430 2095 511 2178 ήλιον
527 2089 575 2152 καὶ
591 2089 714 2172 σελήνην
729 2085 804 2168 (aad)
819 2087 944 2167 σώματά
957 2109 1019 2149 τινα
1034 2087 1314 2172 συμπεριφερόμενα,
1329 2089 1399 2171 ήμῖν
1415 2087 1534 2171 ἀόρατα
1638 2093 1686 2173 τῆς

426 2196 459 2259 δὲ
480 2190 660 2276 θερμότητος
683 2189 725 2271 μὴ
747 2187 941 2252 αἰσθάνεσθαι
963 2193 1021 2253 τῶν
1044 2189 1158 2274 ἄστρων
1181 2188 1283 2252 διὰτὸ
1307 2190 1419 2274 μακράν
1442 2189 1515 2256 εἶναι
1544 2191 1608 2274 [καλ
1629 2191 1686 2272 διὰ]

424 2299 476 2381 τὴν
500 2293 658 2359 ἀπόστασιν
681 2295 734 2374 τῆς
755 2295 822 2374 γῆς·
845 2287 887 2354 ἔτι
910 2291 944 2354 δὲ
965 2292 1023 2376 οὑχ
1046 2293 1156 2374 ὁμοίως
1179 2291 1275 2376 θερμὰ
1297 2293 1340 2378 τῷ
1363 2293 1439 2377 ήλίιρ
1462 2293 1510 2356 διὰ
1532 2295 1566 2358 τὸ
1590 2296 1686 2380 χώραν

424 2397 503 2484 ἔχειν
526 2393 715 2480 ψυχροτέραν.
758 2391 830 2456 εἶναι
853 2394 886 2456 δὲ
908 2395 960 2476 τὴν
983 2396 1107 2478 σελήνην
1130 2394 1287 2478 κατωτέρω
1309 2399 1360 2458 τοῦ
1383 2395 1467 2478 ήλίου
1489 2399 1686 2480 πλησιώτερον

392 2506 524 2588 θήμῶν.
677 2495 827 2580 ὑπερέχειν
851 2496 884 2558 δὲ
909 2499 958 2558 τὸν
986 2498 1069 2580 ήλιον
1100 2498 1217 2579 μεγέθει
1243 2499 1295 2580 τὴν
1324 2497 1554 2581 Πελοπόννησον.
1601 2499 1633 2562 τὸ
1655 2499 1717 2560 ὀὲν

425 2610 489 2691 φῶς
511 2604 564 2685 τὴν
586 2600 711 2682 σελήνην
734 2599 775 2681 μή
801 2595 871 2662 ἴδιον
893 2597 985 2682 ἔχειν,
1008 2601 1083 2664 ἀλλά
1098 2602 1157 2664 ἀπὸ
1179 2605 1231 2663 τοῦ
1254 2600 1349 2684 ήλίου.
1385 2601 1437 2683 τήν
1453 2601 1486 2664 δὲ
1501 2605 1559 2664 τῶν
1576 2601 1686 2685 ἄστρων

392 2705 584 2792 νπεριφορὰν
612 2703 669 2765 ὑπὸ
697 2707 750 2786 χήν
777 2701 917 2783 γίνεσθαι.
1073 2703 1213 2766 ἐκλείπειν
1240 2704 1273 2766 δὲ
1300 2705 1353 2788 τήν
1384 2705 1507 2788 σελήνην
1535 2709 1590 2788 γῆς
1617 2705 1685 2766 ἀντι·

424 2807 620 2896 φραττοὺσης,
650 2804 741 2868 ἐνίοτε
769 2805 802 2866 ὑὲ
825 2806 952 2868 καὶτῶν
975 2805 1113 2869 ὑποκάτω
1138 2811 1190 2890 τῆς
1213 2807 1350 2889 σελήνης,
1380 2807 1429 2870 τὸν
1456 2807 1489 2871 δέ
1516 2809 1601 2892 ήλιον
1623 2810 1680 2874 ταῖς

424 2909 590 2995 νουμηνίαις
623 2907 746 2990 σελήνης
780 2906 1035 2992 ἀντιφραττούσης.
1078 2910 1186 2994 τροπὰς
1216 2910 1248 2972 δὲ
1276 2909 1422 2974 ποιεῖσθαι
1452 2912 1500 2974 καὶ
1528 2911 1612 2996 ήλιον
1641 2908 1684 2972 καὶ

423 3017 546 3099 σελήνην
569 3008 799 3092 ἀπωθουμένους
821 3010 878 3074 ὑπὸ
901 3015 952 3075 τοὺ
974 3010 1070 3095 ἀέρος.
1113 3013 1236 3096 σελήνην
1259 3014 1292 3076 δὲ
1313 3013 1452 3082 πολλάκις
1466 3011 1626 3097 τρέπεσθαι
1639 3011 1683 3074 διὰ
1697 3028 1717 3065 ο

374 3131 407 3184 10
425 3121 459 3190 τὸ
483 3119 524 3202 μὴ
547 3113 688 3178 δὺνασθαι
710 3117 823 3196 κρατεῖν
845 3117 897 3176 τοῦ
920 3117 1045 3199 ψυχροῦ.
1198 3115 1282 3184 οὑτος
1296 3116 1428 3200 ἀφώρισε
1442 3120 1557 3199 πρῶτος
1572 3116 1609 3178 τά
1625 3115 1683 3198 περὶ

422 3224 473 3293 τὰς
495 3218 636 3303 ἐκλείψεις
658 3217 706 3280 καὶ
728 3215 905 3300 ρωπισροὺς.
951 3214 1008 3300 ἔφη
1036 3217 1069 3280 δέ
1095 3216 1196 3299 γηίνην
1225 3216 1297 3282 εἶναι
1324 3218 1377 3301 τήν
1404 3218 1527 3302 σελήνην
1555 3216 1635 3304 ἔχειν
1655 3239 1684 3280 τε

421 3329 451 3391 ἐν
475 3322 553 3406 αὑτή
575 3321 661 3385 πεδία
683 3319 731 3382 καλ
754 3321 912 3404 φάραγγας.
957 3321 1006 3381 τὸν
1028 3325 1062 3388 δὲ
1083 3317 1219 3402 γαλαξίαν
1242 3321 1398 3384 ἀνάκλασιν
1421 3317 1493 3383 εἶναι
1515 3325 1566 3384 τοῦ
1591 3321 1684 3407 φωτὸς

372 3500 433 3552 lat
456 3499 538 3552 BTC:
563 3494 591 3548 θλ
609 3497 643 3546 L:
669 3496 720 3545 dal.
739 3494 839 3544 Usener
859 3489 873 3560 ΙΙ
893 3493 950 3542 νοῦν
968 3501 1028 3544 anta
1081 3507 1137 3542 ιιιυε
1164 3489 1190 3544 ίν
1216 3495 1268 3548 τοῖς
1295 3488 1450 3551 Αίθιοπιαοϊς
1479 3495 1510 3546 τί.
1537 3495 1648 3548 Diodor.
1669 3487 1723 3542 138

371 3585 474 3657 οὑρανάν
489 3587 511 3637 Β
530 3586 615 3636 atatim
633 3583 747 3633 delatum
766 3576 779 3646 ΙΙ
805 3579 821 3632 3
839 3583 947 3632 fortasse
967 3578 1026 3630 πάν-
1082 3581 1141 3630 Αᾶι.
1160 3578 1231 3630 Plan.
1249 3579 1342 3631 1v1a
1364 3581 1455 3633 Sanan.
1475 3581 1527 3642 Qu.
1546 3583 1580 3633 N.
1595 3584 1633 3634 1v
1644 3579 1667 3642 θ,
1682 3577 1722 3628 nisi

370 3691 421 3732 τως
448 3675 479 3726 τί.
509 3675 569 3724 aaa
600 3672 691 3722 Placia.
714 3670 728 3718 Ι
749 3667 767 3720 4
785 3677 796 3714 2
815 3663 861 3718 ὅσα
880 3664 979 3734 μείζονα
997 3663 1029 3734 ήν
1082 3669 1256 3732 Anaxagorae
1285 3671 1412 3720 sententia
1439 3670 1544 3720 libariua
1569 3671 1682 3721 redditur
1701 3675 1722 3713 ¹11

369 3761 414 3814 καὶ
438 3755 565 3829 βαρὺτατα
597 3757 709 3816 πάντως,
741 3749 888 3814 ὑπεκάθιζεν
908 3750 923 3822 ΙΙ
943 3751 1028 3823 βαρεῖα
1081 3752 1106 3804 ίν
1128 3757 1180 3810 τοῖς
1201 3751 1290 3810 νοτίοις
1317 3756 1358 3806 vel
1382 3753 1513 3812 ἀποίκοις
1544 3758 1596 3808 hoc
1617 3758 1721 3820 Roeparo

370 3848 445 3899 libri:
469 3861 535 3898 σοττ.
557 3845 688 3896 Salviniua
714 3838 726 3909 λΙ
752 3841 768 3893 ὑ
791 3839 880 3908 (μανὸν
902 3842 946 3894 καὶ
968 3842 1029 3892 πάν·
1082 3843 1241 3905 potissimum
1254 3843 1384 3908 probatur.
1408 3845 1440 3896 τί.
1453 3844 1542 3910 Apoll.
1555 3841 1721 3896 Rhoasehol.

369 3951 421 3992 τως
433 3931 477 3996 τά)
490 3934 575 4001 κοῦφα
587 3931 675 3995 explet
687 3930 788 3980 Uaanar
809 3928 822 3994 Ιλ
843 3929 947 3980 Ίτοῦτο
962 3931 1027 3982 Uaa-
1081 3929 1118 3980 IV
1138 3925 1197 3982 ‘269-
1221 3932 1290 3982 Aat..
1309 3931 1433 3981 Plac.1V
1455 3932 1465 3982 1
1487 3941 1498 3978 τ
1517 3929 1532 4000 ΙΙ
1556 3932 1588 3984 14
1608 3927 1717 3999 λμπὺρουτ

369 4037 427 4072 nar:
447 4018 476 4071 τὸ
495 4022 573 4084 vulgo
596 4016 608 4082 Η
629 4017 799 4086 ίπεχουμένην
815 4020 838 4070 Τ
853 4014 867 4084 Η
886 4017 902 4070 8
921 4014 1027 4086 ὑπάρξαι
1079 4013 1274 4085 ίμπυρισθέντας
1298 4019 1466 4082 probabiliter
1490 4021 1593 4072 Uaanar
1621 4021 1652 4070 cf.
1672 4019 1721 4066 λῦε

368 4107 473 4177 (ἀρχήν)
486 4107 610 4160 Wolfiua:
625 4101 803 4172 ίξατμισθίντοι
814 4104 866 4156 εἶτα
884 4102 1025 4156 ὑποστάντα
1077 4105 1104 4154 11
1120 4103 1177 4158 133
1201 4103 1213 4172 ,λ
1241 4105 1271 4160 λ6
1290 4102 1360 4174 ἥλιον
1378 4106 1422 4158 καὶ
1445 4103 1551 4176 σελήνην
1569 4108 1642 4159 libri:
1664 4101 1722 4170 ήλινν

368 4191 450 4254 οὑτως
483 4194 606 4264 γεγονέναι
640 4194 684 4246 καὶ
715 4193 747 4246 τά
778 4197 830 4244 τῶν
856 4195 895 4244 La
923 4193 1021 4244 Croaa:
1075 4191 1119 4244 καλ
1145 4188 1249 4260 σελήνην
1273 4191 1316 4244 καὶ
1339 4195 1449 4246 Brandia
1472 4197 1503 4246 ef.
1527 4197 1600 4248 Ptol.
1624 4213 1647 4261 ρ.
1667 4189 1718 4244 138:

368 4278 567 4350 λξατμισθίντων
592 4279 651 4345 (ὑπὸ
673 4283 718 4332 τοὺ
740 4278 811 4350 ήλίου
830 4278 943 4342 ἐκείνων)
961 4277 1022 4330 ὑπο·
1073 4277 1137 4347 ήλίιρ
1164 4279 1209 4332 καλ
1233 4277 1324 4348 σελήνη
1344 4281 1454 4346 Roapar.
1472 4277 1544 4350 ήλίου
1563 4283 1608 4335 καλ
1628 4278 1718 4348 σελήνης

367 4371 459 4424 στάντα
490 4372 606 4436 Ησερετι
642 4373 725 4422 mium
756 4370 909 4434 displiceant
945 4368 1032 4442 haee:¹
1074 4369 1100 4417 la
1117 4367 1199 4418 croco
1220 4363 1234 4434 ΙΙ
1256 4367 1287 4420 17
1307 4365 1403 4437 μακρὸν
1421 4369 1457 4420 Βι
1481 4369 1580 4438 μακράν
1600 4373 1636 4424 C:
1654 4361 1719 4436 μικρά

366 4456 419 4522 (aa)
430 4475 457 4512 τι
475 4462 527 4510 τῶν
546 4456 572 4508 ἐν
590 4455 654 4527 αὑτῇ
674 4455 722 4520 [οε.
740 4456 820 4520 tarra]
838 4452 945 4518 ὑδάτων,
963 4451 1022 4516 <ιὺν>
1073 4455 1176 4521 Roapar
1202 4451 1215 4522 Η
1240 4455 1286 4506 καὶ
1303 4453 1343 4506 διὰ
1362 4457 1547 4522 Gottingausea
1567 4461 1719 4510 removerunt

366 4541 564 4614 ίξατμισθίντων
582 4547 635 4610 (τὰ)
653 4543 795 4598 ὑποστάντα
807 4544 879 4596 κάτω
891 4542 1022 4612 γενονέναι,
1074 4545 1105 4594 ef.
1122 4541 1165 4594 7ο
1189 4539 1201 4608 Η
1226 4540 1261 4594 20
1284 4540 1453 4612 πιλοπόνησον
1478 4545 1500 4595 Β
1527 4541 1541 4612 ΙΙ
1565 4541 1599 4596 22
1628 4539 1717 4608 σελήνην

365 4633 409 4686 ιιαλ
435 4632 485 4686 ἀπὸ
510 4638 563 4686 τῶν
586 4633 807 4702 καταρρευσάντων
829 4636 960 4698 ποταμῶν.
988 4633 1020 4681 ef.
1073 4627 1247 4700 (πανσέληνον)
1257 4639 1362 4696 propter
1371 4633 1425 4687 ταῖς
1434 4629 1578 4700 νουμηνίαις
1587 4628 1652 4683 αἵθ
1662 4627 1719 4679 coni·

365 4725 423 4774 Aet.
437 4723 509 4774 Plaa.
523 4723 565 4772 III
578 4721 632 4774 162
651 4723 736 4774 Laeta.
747 4721 800 4772 118
819 4721 1021 4772 ΔάοιΜειεοι.
1074 4720 1177 4771 Uaanar
1195 4713 1210 4784 ΙΙ
1232 4714 1265 4769 23
1285 4719 1317 4770 cf.
1336 4716 1469 4784 Τλεορλιι.
1487 4721 1518 4769 fr.
1534 4719 1565 4772 19
1584 4737 1611 4786 ρ.
1624 4711 1713 4777 493,3ί

363 4808 420 4862 111
439 4827 464 4876 ρ.
477 4806 578 4862 ababa.
605 4809 737 4874 Theophr.
756 4811 786 4860 fr.
806 4805 840 4860 23
858 4804 988 4873 paam
1007 4802 1022 4874 ΙΙ
1074 4805 1110 4860 25
1128 4801 1303 4874 ἄποθουμλνητ
1320 4806 1365 4858 BL
1386 4801 1400 4874 ΙΙ
1425 4803 1459 4862 26
1477 4805 1522 4864 τάς
1544 4806 1600 4876 περὶ
1618 4808 1640 4858 Β
1657 4799 1670 4871 ΙΙ
1690 4796 1717 4850 θθ

365 4896 395 4948 11
417 4892 823 4962 ίξαὺτῶνΙίὑτίιοοιι.Βοερετ
846 4892 901 4964 113
914 4909 1024 4960 pronum
1076 4891 1141 4964 αὑτή
1167 4897 1244 4960 vulgo
1271 4890 1284 4962 Η
1309 4891 1362 4944 τιὺν
1380 4911 1407 4946 τε
1431 4895 1467 4946 B:
1490 4891 1533 4946 τόν
1555 4911 1582 4946 τι
1606 4896 1638 4946 C:
1663 4901 1715 4940 corr·

364 4995 403 5038 eat
420 4988 549 5052 corrigere
573 4983 599 5036 ίν
617 4989 671 5042 ταῖς
690 4981 799 5054 ἄρκτοις.
828 4984 874 5036 aad
893 4985 1024 5038 desidera·
1079 4983 1183 5048 Roapat
