3648 5736
539 391 677 444 GALENI
694 391 835 445 111s101„
854 392 994 446 P11110s,
1006 391 1048 445 11.
1063 391 1097 446 τι
1437 391 1498 456 631

391 619 428 684 77
465 615 551 699 Περὶ
574 617 690 700 νεφῶν
713 615 770 680 καί
793 615 936 700 χιόνων.
972 624 1171 689 [Plut.11141.
1184 634 1203 675 ι.
1216 624 1240 689 ι]

269 769 496 855 Ἀναξιμένης
532 769 590 856 ἔφη
623 770 790 857 συμβαίνειν
822 771 1020 857 παχυνθέντος
1053 770 1102 836 ἀπὶ
1135 773 1233 836 πλεῖον
1266 771 1318 838 τοῦ
1351 768 1448 853 ἀέρος,

180 877 290 958 μᾶλλον
312 875 346 938 δὲ
366 872 610 960 ἐπισυναχθέντος
632 871 822 960 ἐκθλίβεσθαι
842 875 910 945 τούς
932 871 1068 960 ὄμβρους,
1096 873 1267 958 [γίγνεσθαι]
1296 873 1383 960 χιόνα
1405 873 1448 952 δέ,
1573 915 1582 936 ι

183 975 299 1040 ἐπειδάν
320 978 354 1040 τό
376 976 609 1062 καταφερόμενον
623 971 627 1060 Ι
642 976 726 1060 ύδιυρ·
746 977 828 1060 παγῇ
853 977 911 1042 ὑπὸ
937 975 1064 1062 ψύξεως,
1091 977 1224 1062 χάλαζαν
1253 979 1296 1057 δέ,
1326 978 1394 1042 όταν
1421 1001 1448 1041 τι
1462 997 1498 1037 ιιι

151 1079 404 1165 ιπερισυλληφθγὴ
426 1084 469 1165 τῷ
494 1078 573 1164 ὑγριηῦ
595 1080 796 1162 πνευματικόν.
842 1079 1085 1176 Μητρόδωρος
1107 1079 1166 1142 ἀπό
1195 1083 1248 1163 τῆς
1281 1080 1446 1150 ὑδατώδους

182 1183 330 1267 ἀναφορᾶς
357 1181 546 1245 συνίστασθαι
573 1180 610 1246 τὰ
635 1180 719 1266 νέφη.
760 1179 965 1266 Ἐπίκουρος
1000 1183 1059 1246 ἀπὸ
1090 1184 1149 1244 τῶν
1176 1182 1304 1265 ἀτόμων.
1349 1203 1446 1266 στρογ-

180 1284 341 1366 γυλοῦσθαι
363 1284 415 1368 τὴν
438 1284 570 1369 χάλαζαν
593 1283 641 1346 καί
663 1284 712 1347 τὸν
735 1284 817 1348 ὑετόν
839 1284 985 1367 γίγνεσθαι
1008 1270 1141 1370 ἀπθῗπὴς
1157 1285 1336 1370 μακροτέρας
1351 1289 1443 1370 φορᾶς

181 1385 228 1450 διὰ
250 1389 302 1449 τοῦ
324 1385 411 1470 ἀέρος
431 1386 646 1472 συμβαινούσης
667 1385 935 1471 ἀποπληττόμενον.

473 1645 513 1709 78
550 1643 635 1728 Περί
659 1643 778 1730 ἴριδος.
815 1652 897 1718 [Plut.
912 1651 1098 1706 11151.³-1o.
1113 1653 1149 1717 11]

138 1818 162 1857 ιο
268 1793 335 1863 Τῶν
363 1799 525 1882 μεταρσίων
552 1798 657 1862 παθῶν
683 1799 721 1864 τά
747 1800 799 1882 μὲν
829 1797 897 1862 καθ’
926 1799 1084 1864 ὑπόστασιν
1106 1800 1230 1884 γίγνεται
1252 1801 1313 1864 οἷον
1336 1797 1444 1886 ὄμβρος

180 1901 308 1986 χάλαζα,
329 1902 366 1966 τά
388 1903 421 1966 δὲ
443 1899 508 1967 κατ’
536 1899 662 1987 ἔμφασιν
684 1901 739 1966 οὐκ
761 1899 868 1986 ἔχοντα
890 1902 1026 1967 σύστασιν
1050 1902 1134 1981 ίδίαν,
1157 1904 1257 1988 ώσπερ
1279 1904 1347 1969 όταν
1371 1927 1442 1986 καμ

179 2003 274 2072 πύλας
295 2005 430 2088 γραμμὰς
453 2007 585 2089 ὁρῶμεν,
607 2005 644 2068 τά
666 2005 699 2068 δὲ
720 2005 795 2070 κατὰ
816 2009 875 2068 τῶν
897 2004 990 2068 λίθων
1012 2009 1070 2068 τῶν
1093 2008 1218 2088 διαυγῶν
1242 2009 1290 2071 καί
1312 2008 1441 2092 κεράτων

181 2104 359 2191 (λεπτομερῆ
382 2107 437 2192 γάρ
459 2111 550 2172 ταῦτα
572 2103 679 2192 πάντα)
702 2107 750 2172 καὶ
774 2107 926 2190 καμπύλας
948 2107 981 2170 δέ
1002 2109 1153 2192 γραμμάς,
1184 2108 1283 2194 ώσπερ
1309 2111 1346 2174 τά
1367 2107 1435 2173 καθ’

179 2209 281 2279 ύδατος
301 2209 306 2293 ψ
326 2211 444 2294 δρᾶται·
467 2211 628 2294 κάμπτεται
655 2211 709 2294 γὰρ
735 2210 807 2294 πρὸς
829 2211 882 2294 τὴν
909 2209 1085 2294 πυκνοτέραν
1113 2215 1164 2274 τοῦ
1192 2213 1295 2283 ὑδατος
1321 2213 1392 2295 ύλην
1418 2213 1492 2294 ἡτοο

139 2331 161 2368 υ
180 2310 253 2397 ὄψις.
289 2313 334 2376 διό
356 2313 409 2397 τὴν
432 2316 535 2397 κώπην
558 2313 588 2377 ἐν
611 2336 648 2396 τη
673 2313 806 2398 θαλάττῃ
829 2315 943 2398 ὁρῶμεν
965 2315 1174 2398 κεκλασμένην.
1209 2315 1302 2398 τρίτος
1324 2316 1357 2378 δὲ
1378 2316 1440 2398 τρό-

179 2439 231 2485 πος
259 2419 311 2478 τοῦ
339 2415 454 2500 βλέπειν
485 2416 521 2480 τὰ
550 2417 742 2500 ἀνακλώμενα
769 2417 868 2502 ώσπερ
895 2417 932 2482 τὰ
958 2419 1115 2502 κάτοπτρα.
1146 2414 1222 2480 ἔστιν
1249 2414 1299 2480 οὑν
1327 2417 1361 2480 τό
1387 2421 1440 2501 τῆς

182 2515 269 2600 ἴριδος
291 2516 367 2587 εἶδος
389 2522 529 2581 τοιοῦτον.
561 2515 633 2601 (δεῖ)
660 2518 715 2602 γάρ
738 2519 890 2604 ἐπινοῆσαι
917 2519 969 2602 τὴν
993 2518 1186 2602 ἀναθυμίασιν
1212 2519 1265 2603 τὴν
1290 2519 1376 2602 ὑγράν
1399 2519 1439 2588 είς

182 2619 268 2704 νέφος
290 2621 542 2705 μεταβάλλουσαν,
569 2619 632 2684 εἶτα
654 2622 687 2684 ἐκ
709 2622 812 2685 τούτου
834 2622 909 2686 κατὰ
932 2621 1027 2707 βραχύ
1050 2623 1091 2691 είς
1114 2623 1216 2705 μικρὰς
1239 2621 1355 2706 ῥανίδας
1378 2622 1439 2704 δρο-

178 2721 313 2793 σιζούσας
336 2725 504 2805 μετιοῦσαν·
529 2723 597 2787 όταν
621 2726 638 2788 ό
659 2726 742 2810 ἥλιος
764 2725 880 2810 γένηται
896 2724 926 2789 ἐν
941 2724 1041 2807 δυσμῇ
1062 2723 1188 2809 (ἀνάγκη
1202 2723 1257 2808 γάρ
1273 2727 1368 2787 πάσαν
1383 2722 1439 2807 ἶριν

135 2843 160 2880 ιι
178 2822 309 2908 ἄντικρυς
337 2829 389 2889 τοῦ
411 2826 496 2910 ἡλίου
518 2825 689 2912 γίγνεσθαι),
716 2828 782 2892 τότε
802 2830 822 2913 ἡ
846 2827 911 2913 ὄψις
933 2832 1138 2912 προσπεσοῦσα
1158 2829 1221 2896 ταῖς
1244 2825 1350 2912 ῥανίσιν
1373 2827 1439 2890 ἀνα-

180 2929 294 3006 κλᾶται,
317 2929 394 2993 ώστε
416 2929 582 3014 συμβαίνειν
604 2931 657 3014 τὴν
678 2930 743 3015 ἶριν.
774 2931 828 2994 εἰσί
852 2931 884 2994 δὲ
906 2931 937 2994 αἱ
961 2930 1072 3015 ῥανίδες
1094 2929 1129 2992 ού
1152 2931 1305 3016 σχήματος
1328 2926 1439 3012 μορφαί

179 3028 254 3092 ἀλλά
276 3033 422 3115 χρώματα
444 3031 585 3118 φαίνεται.
608 3033 642 3096 τό
666 3034 718 3116 μὲν
740 3033 794 3118 γὰρ
809 3037 924 3118 πρῶτον
940 3030 1003 3118 ἔχει
1019 3035 1175 3118 φοινικοῦν,
1196 3033 1229 3094 τό
1252 3033 1285 3095 δὲ
1306 3031 1437 3114 δεύτερον

176 3131 314 3216 ἁλουργές
336 3135 384 3197 καί
407 3136 599 3220 πορφυρίζον,
625 3135 658 3198 τὸ
687 3137 719 3199 δὲ
745 3135 838 3220 τρίτον
863 3139 987 3200 κυανοῦν
1015 3135 1063 3198 καὶ
1086 3137 1234 3219 πράσινον.
1269 3135 1382 3218 μήποτε
1403 3133 1437 3196 τὸ

177 3234 229 3315 μέν
252 3239 410 3319 φοινικοῦν,
434 3237 502 3301 όταν
524 3240 545 3322 ἡ
567 3239 737 3322 λαμπρότης
751 3243 803 3302 τοῦ
818 3240 907 3322 πυρός
922 3242 1126 3323 προσπεσοῦσα
1141 3237 1253 3319 ἀνακλᾷ
1269 3238 1302 3300 τὸ
1318 3239 1435 3322 χρῶμα.

135 3357 159 3394 ιι
176 3338 209 3399 τό
232 3336 265 3400 δὲ
287 3337 419 3423 δεύτερον
442 3339 528 3425 μέρος
551 3341 777 3422 ἐπιθολούμενον
804 3341 853 3404 καὶ
881 3341 1054 3422 ἐκλυόμενον
1077 3344 1188 3424 μᾶλλον
1215 3345 1268 3424 τῆς
1289 3339 1438 3421 λαμπηδό-

177 3463 225 3510 νος
247 3439 295 3504 διὰ
317 3440 369 3511 τὰς
392 3439 508 3526 ῥανίδας
530 3443 667 3528 ἁλουργὲς
687 3443 691 3527 Ι
710 3447 799 3508 δοκεῖ.
833 3441 875 3508 ἔτι
897 3443 930 3506 δὲ
953 3446 1062 3526 μᾶλλον
1084 3444 1117 3506 τὸ
1140 3443 1271 3528 δροσίζον
1295 3442 1486 3526 μεταβαλια

176 3545 266 3607 λεται.
300 3541 361 3608 ἔστι
383 3545 437 3628 γὰρ
458 3549 543 3610 τοῦτο
566 3547 721 3628 δοκιμάσαι
742 3544 778 3610 δι’
807 3544 913 3630 ἔργων·
937 3547 962 3610 εἰ
984 3548 1039 3631 γάρ
1060 3569 1103 3616 τις
1124 3545 1165 3616 είς
1186 3546 1220 3608 τὸ
1242 3544 1359 3628 ἀντικρύ
1382 3549 1434 3608 τοῦ

171 3645 256 3728 ἡλίου
278 3646 356 3731 λάβη
374 3647 452 3734 ύδωρ
467 3649 516 3712 καί
529 3648 552 3732 †
564 3649 652 3727 πιτύι,
673 3651 704 3712 αἱ
720 3649 754 3712 δέ
769 3647 879 3734 ῥανίδες
895 3651 1050 3714 ἀνάκλασιν
1065 3650 1176 3735 λάβωσι
1191 3649 1263 3734 πρός
1278 3648 1327 3710 τόν
1343 3649 1436 3731 ἡλιον,

172 3749 289 3834 εὑρήσει
316 3749 516 3836 ἐγγιγνομένην
547 3749 614 3835 ἶριν.
650 3751 699 3814 καὶ
728 3753 756 3814 οἱ
783 3752 1003 3838 ὀφθαλμιῶντες
1033 3753 1066 3818 δέ
1088 3756 1173 3816 τοῦτο
1199 3751 1371 3838 πάσχουσιν,
1395 3753 1436 3820 ώς

157 4043 169 4094 1
199 4044 254 4112 περὶ
281 4043 391 4113 νιφιλών
418 4047 462 4099 καί
489 4045 571 4117 χιόνος
593 4051 619 4100 A
644 4045 658 4117 ΙΙ
687 4048 703 4104 2
727 4046 776 4118 ίφη
832 4045 863 4098 15
886 4047 970 4117 κάπην
988 4045 1086 4118 όρώμιν
1109 4047 1135 4102 έν
1157 4053 1179 4102 Β
1206 4047 1219 4118 ΙΙ
1240 4047 1338 4120 όρῶμεν
1359 4057 1418 4116 pout
1439 4045 1485 4102 θα-

119 4130 180 4181 ΔΒι
205 4133 274 4184 Plut.
297 4133 360 4202 νέφη
383 4131 397 4203 ΙΙ
428 4134 444 4187 3
472 4131 637 4204 συναχθέντος
659 4137 681 4188 Β
706 4131 721 4204 ΙΙ
746 4135 776 4187 ἐκ
829 4131 907 4202 λάτιη
931 4151 982 4186 οια.
1005 4137 1028 4188 Β
1052 4132 1066 4205 Ιί
1099 4138 1131 4192 16
1154 4135 1206 4190 ἔστι
1227 4139 1302 4190 τοῦτο
1320 4137 1366 4205 τῆς
1384 4137 1422 4188 Δι
1440 4134 1486 4188 είσι

120 4217 166 4267 τοῦ
183 4213 313 4286 θλίβεσθαι
331 4223 354 4273 Β
374 4219 388 4290 ΙΙ
412 4217 535 4291 γίγνεσθαι
553 4223 655 4275 videtur
670 4225 705 4275 ad
720 4221 776 4275 ν.2
828 4222 903 4273 τοῦτο
924 4224 970 4291 τῆς
993 4223 1015 4274 Β
1039 4220 1054 4292 ΙΙ
1080 4225 1112 4278 17
1135 4222 1260 4286 ιίδος,Αι
1284 4222 1345 4277 ίδιον
1366 4225 1389 4276 Β
1412 4220 1426 4291 ΙΙ
1451 4222 1488 4274 δεῖ

122 4306 298 4371 referendum,
323 4309 367 4360 ubi
390 4311 460 4362 Plut.
484 4309 576 4376 γίνεται
599 4327 646 4377 pro
670 4309 774 4378 συμβαί-
828 4325 893 4372 σαι,
920 4318 1005 4362 cetero
1022 4316 1085 4364 mire
1105 4321 1237 4380 corrupta:
1264 4311 1310 4381 γὰρ
1333 4310 1407 4362 ιίπιῐν
1431 4307 1486 4362 όσαι

118 4407 166 4440 νιιν
184 4393 262 4444 habet
279 4391 293 4462 Η
312 4396 418 4448 ἀκάτω
435 4394 569 4465 φιρόμινον
586 4398 610 4449 Β
629 4393 644 4465 ΙΙ
663 4395 775 4466 χάλαζαν
826 4393 885 4459 [όσα
902 4397 938 4462 Β]
956 4397 1003 4466 τὴν
1021 4395 1185 4468 ἀναθυμίασιν
1202 4399 1249 4468 τὴν
1267 4397 1342 4468 ὑγράν
1360 4397 1394 4455 είς
1411 4397 1485 4464 νέφος

118 4479 199 4529 ΡΙαει
223 4479 296 4532 πάλιν
320 4485 359 4534 Δι
387 4500 439 4535 om.
463 4485 556 4536 Ιεσαιια
582 4493 704 4549 quattuor
724 4487 773 4536 litt.
824 4481 1006 4552 μεταβάλλουσι
1023 4484 1080 4539 κτλ.
1103 4489 1152 4540 AB
1178 4483 1192 4556 ΙΙ
1221 4487 1252 4540 19
1276 4481 1376 4553 μειούαν
1394 4486 1416 4536 Β
1437 4481 1484 4551 ΙΙό

118 4568 262 4620 ἰιιάἰοαίεΒ
278 4566 772 4640 ΙΙδέοω.ΒΙΙύπαραυυληφθένταΑε
825 4587 876 4622 om.
895 4574 921 4622 A
941 4568 955 4640 ΙΙ
976 4569 1062 4642 δυσμῷ
1080 4575 1103 4628 Β
1122 4571 1137 4642 ΙΙ
1157 4579 1212 4632 πῶς
1231 4571 1261 4625 ἀν
1279 4576 1317 4624 Δι
1337 4585 1393 4624 πωσ
1415 4572 1437 4622 Β
1468 4568 1482 4643 ΙΙ

116 4651 140 4704 τί
156 4651 298 4724 πιριληφθὴ
316 4659 338 4708 Β
358 4656 372 4726 ἡ
392 4661 430 4710 τῶ
449 4655 520 4726 ύγρώ
538 4654 657 4725 πνεύματι
675 4659 719 4710 καὶ
734 4660 772 4709 Αε
825 4656 859 4710 22
878 4657 1014 4728 χρώματος
1033 4660 1160 4730 φαίνονται
1177 4663 1200 4715 Β
1221 4658 1234 4730 ΙΙ
1255 4654 1343 4729 φοινικ’“
1359 4660 1384 4709 Δ
1405 4654 1418 4726 ΙΙ
1438 4657 1484 4726 γάρ

116 4743 168 4788 τῶν
180 4737 264 4808 ὑγρῶν
276 4744 458 4811 πνιυμάτωνΒ
475 4741 488 4812 ΙΙ
503 4741 772 4814 βστρογγυλᾶσθαιΒι
825 4761 876 4796 om.
895 4747 917 4797 B
937 4743 950 4813 ΙΙ
972 4745 1007 4800 25
1025 4745 1051 4799 δέ
1070 4765 1120 4800 om.
1139 4751 1161 4802 Β
1182 4746 1196 4816 ΙΙ
1222 4748 1254 4802 27
1273 4749 1319 4800 τοῦ
1336 4743 1408 4814 ἡλίου
1432 4763 1483 4797 σω.

116 4823 306 4895 οτρογγύλιαθαι
324 4833 349 4881 A
368 4827 383 4897 ΙΙ
402 4832 418 4884 1
437 4827 561 4900 γίγνεσθαι
578 4829 602 4883 δ’
623 4833 646 4884 Β
824 4833 847 4884 Β
871 4829 885 4900 ΙΙ
910 4832 945 4886 28
968 4831 1034 4886 πιτύι
1056 4837 1095 4888 A:
1119 4836 1185 4888 πιτίν
1207 4837 1230 4888 Β
1257 4837 1289 4886 σί.
1316 4834 1382 4884 Plut.
1406 4833 1500 4884 codd..

153 4911 185 4966 12
203 4913 328 4984 κίραταΒ
344 4913 358 4985 ΙΙ
378 4917 411 4970 13
424 4915 605 4987 λιττομεριῖΒ
624 4915 638 4988 ΙΙ
658 4921 772 4972 ταῦτα-
824 4921 873 4970 AB
894 4917 908 4988 ΙΙ
933 4919 967 4974 28
986 4919 1084 4990 λάβοιεν
1102 4926 1128 4975 A
1155 4921 1168 4990 fl
1191 4919 1315 4991 ιὺρὴσειιν
1337 4918 1483 4990 γιγνομένην

117 5001 307 5072 14γάροω.Β
329 5002 343 5074 ΙΙ
366 5004 398 5058 14
415 5002 595 5074 πυκνότηταΒ
616 5001 629 5074 ΙΙ
649 5002 696 5075 ύλη
715 5008 737 5058 Β
757 5002 771 5073 ΙΙ
825 5009 873 5060 AB
893 5003 907 5076 ΙΙ
927 5007 960 5061 29
980 5003 1106 5078 ὀφθαλμοὶ
1124 5008 1203 5064 τώνδι
1221 5010 1337 5062 τούτοΒ
