3756 5736
728 423 1003 476 raonneomnus
1478 417 1542 481 249

184 595 227 661 ab
256 595 515 680 Hypotyposeon
544 591 680 660 oonsilio
707 589 862 675 peculiari
889 589 968 654 satis
999 589 1097 655 habet
1124 589 1193 657 sivo
1224 587 1447 672 explicationis
1474 588 1544 654 sive

185 697 413 763 excusationis.
435 716 511 762 narn
534 698 749 761 ὑποτοπώσεοιν
771 712 844 760 osse
865 693 902 757 τὰ
925 693 1145 778 καθολικώτερα
1165 695 1252 759 κινεῖν
1267 690 1337 775 ipse
1352 689 1447 758 tortio
1461 688 1543 756 libro

185 797 352 884 praefatur
373 820 405 883 p.
423 799 495 882 119,
511 797 574 864 93.

272 899 308 966 Ο.
326 902 365 965 17
389 899 431 966 de
453 899 564 966 mundi
586 898 711 982 origine
734 904 766 964 et
787 896 933 980 interitu,
964 895 1039 962 exin
1070 897 1112 963 de
1139 897 1201 964 deo
1229 898 1450 980 materiaeque
1471 913 1545 959 oon·

186 1001 352 1068 iunctione
374 1002 472 1086 plane
495 1003 609 1069 eodem
633 1000 687 1067 lllo
710 999 923 1066 continuatur.
956 997 1127 1064 ethorum
1156 1001 1246 1085 apud
1267 999 1462 1085 Empiricum
1484 1015 1545 1060 nec

185 1105 261 1170 vola
282 1123 343 1170 nec
364 1103 546 1186 vestigium.
580 1125 643 1188 quo
667 1102 770 1168 maior
797 1100 970 1166 concordia
991 1099 1025 1166 in
1054 1121 1080 1166 c.
1099 1102 1139 1166 18
1166 1102 1208 1169 de
1236 1101 1383 1168 materia.
1409 1119 1451 1165 en
1472 1098 1545 1183 ipsc

186 1205 333 1272 transitio
356 1205 479 1272 eisdem
501 1207 609 1274 verbis
632 1209 789 1289 concepta

404 1306 503 1372 Sexto
518 1309 567 1373 III
582 1309 625 1374 30
864 1307 868 1376 Ι
1098 1305 1224 1373 Gelono
1246 1326 1273 1371 c.
1290 1305 1331 1370 18

185 1411 249 1494 περὶ
278 1411 331 1492 μὲν
359 1410 409 1474 οὖν
442 1415 495 1495 τῆς
528 1413 682 1494 δραστικῆς
713 1413 840 1474 τοσαῦτα
864 1381 867 1469 λ
891 1409 939 1472 καὶ
963 1409 1027 1492 περὶ
1051 1410 1103 1492 μὲν
1126 1415 1178 1494 τῆς
1200 1411 1354 1494 δραστικῆς
1377 1407 1470 1475 αἰτίας
1496 1407 1544 1469 ἐπὶ

186 1515 235 1573 νῦν
259 1511 376 1594 ἀρκέσει
397 1511 538 1598 λελέχθαι
565 1515 714 1598 συντόμως
737 1514 769 1576 δέ
791 1513 838 1575 καὶ
891 1516 1036 1574 τοσοῦτον.
1082 1511 1236 1581 διεξελθεῖν
1263 1509 1284 1574 δ’
1309 1510 1343 1574 ἂν
1372 1509 1418 1593 εἴη
1446 1511 1545 1592 καιρὸς

186 1614 250 1696 περὶ
283 1617 341 1676 τῶν
375 1614 483 1677 θλικῶν
517 1615 703 1698 καλουμένων
738 1616 839 1700 ἀρχῶν
892 1613 939 1675 καὶ
962 1613 1027 1696 περὶ
1050 1617 1102 1698 τῆς
1125 1615 1236 1699 ὑλικῆς.

186 1714 312 1778 λεκτέον.

186 1815 316 1881 diversa
336 1822 487 1882 secuntur
509 1836 550 1882 ex
573 1815 714 1902 Sceptici
737 1818 871 1884 consilio
898 1833 1004 1901 pauca
1026 1835 1109 1898 quae
1131 1815 1333 1884 interiacent.
1377 1825 1444 1882 tum
1466 1835 1545 1880 vero

186 1917 394 2003 physicorum
420 1919 520 1985 series
553 1925 619 1984 tam
652 1919 799 1986 similiter
828 1939 849 1984 a
876 1917 1067 2002 Pherecyde
1094 1919 1137 1984 ad
1159 1920 1343 1986 Stratonem
1366 1917 1545 2000 deducitur,

187 2025 222 2084 ut
250 2019 328 2103 quid
359 2019 487 2087 differat
520 2041 616 2103 quarn
651 2021 728 2104 quid
751 2020 923 2087 conveniat
943 2021 1036 2086 citius
1058 2021 1192 2088 indices.
1227 2029 1262 2086 ut
1284 2023 1408 2086 mittam
1430 2039 1546 2085 vocum

188 2121 398 2204 varietatem,
429 2121 589 2206 Hipponis
618 2130 652 2188 et
681 2122 857 2206 Oenopidis
883 2121 1052 2206 opiniones
1083 2129 1206 2188 mutato
1234 2123 1345 2190 ordine
1371 2141 1391 2186 a
1419 2121 1545 2186 Galeno

186 2221 393 2307 proferuntur
415 2223 579 2307 Stoicique
602 2245 643 2290 ex
666 2225 890 2291 communione
912 2225 1117 2308 Empedoclis
1145 2227 1242 2291 soluti
1272 2225 1437 2310 propriam
1470 2227 1547 2288 ante

186 2324 393 2390 Aristotelem
416 2327 527 2392 sedem
553 2325 707 2392 obtinent.
754 2327 885 2409 gravius
914 2326 1001 2409 quod
1024 2327 1230 2411 Empedoclis
1259 2328 1423 2394 decretum
1446 2327 1545 2390 multo

187 2425 369 2491 accuratius
391 2427 553 2512 proditur,
582 2449 653 2494 cum
682 2435 832 2511 quattuor
859 2429 1027 2494 elementis
1058 2429 1232 2495 concordia
1254 2443 1286 2495 et
1308 2428 1470 2495 discordia
1492 2447 1546 2511 ap·

187 2525 297 2611 posita
318 2526 392 2593 sint.
430 2528 596 2595 samnitum
618 2530 778 2615 videatur,
800 2529 887 2613 quod
909 2530 1100 2596 Heraclides
1122 2530 1398 2615 Asclepiadesque
1419 2531 1548 2596 Anaxa·

187 2647 288 2712 goras
317 2631 487 2713 praemissi
521 2637 603 2697 sunt.
649 2631 730 2696 nihil
756 2632 853 2716 igitur
880 2631 1032 2716 impedit,
1066 2633 1092 2698 si
1121 2633 1251 2717 quidem
1282 2633 1331 2697 sui
1363 2633 1442 2698 iuris
1474 2651 1547 2698 esse

183 2732 344 2797 Galacum
375 2737 462 2798 recte
485 2733 724 2819 perspeximus,
761 2735 838 2818 quin
870 2733 950 2799 haec
972 2755 1100 2818 quoque
1123 2734 1281 2801 uberioris
1307 2733 1406 2800 sontis
1427 2732 1547 2799 indicia

190 2833 419 2900 existimemus.
457 2841 491 2898 at
514 2855 532 2899 e
555 2836 653 2902 Sexto
682 2838 754 2922 ipso
781 2836 967 2920 insperatae
996 2837 1149 2920 quiddam
1176 2837 1319 2903 oboritur
1340 2834 1548 2902 difficultatis.

188 2937 217 3002 is
240 2936 326 3002 enim
341 2936 375 3000 in
389 2935 624 3022 disceptatione
639 2940 767 3006 advers.
782 2937 881 3003 math.
897 2939 946 3002 IX
961 2940 1023 3004 359
1045 2939 1176 3006 eosdem
1198 2939 1313 3005 iterum
1336 2937 1548 3024 philosophos

186 3041 220 3104 in
243 3039 347 3104 eciem
370 3038 522 3122 produxit
546 3040 659 3108 eodem
683 3041 797 3106 ordine
819 3039 1004 3123 eisdemque
1028 3061 1132 3124 paene
1154 3043 1276 3127 verbis,
1304 3049 1339 3108 ut
1361 3042 1403 3108 de
1424 3040 1548 3123 origine

186 3141 336 3206 dubitare
357 3161 422 3206 non
445 3162 555 3224 queas.
594 3149 629 3208 at
650 3143 735 3209 inter
757 3141 888 3226 cognita
910 3143 1042 3208 nomina
1062 3165 1128 3209 non
1150 3144 1240 3209 nulla
1262 3163 1349 3209 nova
1372 3149 1549 3227 exsurgunt

186 3261 292 3326 neque
320 3262 360 3308 ea
388 3243 497 3309 hercle
524 3246 701 3311 collectae
723 3244 827 3311 trivio.
865 3252 940 3329 post
968 3246 1202 3312 Anaximenen
1224 3245 1409 3312 nominatur
1429 3245 1549 3310 Idaeus

186 3344 402 3438 Himerensis,
426 3346 515 3412 cuius
543 3347 698 3413 memoria
727 3353 856 3432 praeter
879 3368 976 3412 unum
1000 3347 1085 3414 huno
1108 3347 1213 3413 locum
1235 3368 1367 3432 prorsus
1390 3348 1549 3414 exstincta

187 3457 252 3532 est,
286 3454 353 3512 tum
383 3447 533 3514 Archelai
563 3455 596 3515 et
623 3449 779 3515 Heracliti
806 3450 927 3534 duplex
957 3449 1066 3534 opinio
1094 3449 1255 3533 profertur
1282 3453 1330 3515 καὶ
1360 3449 1423 3515 κατ’
1456 3449 1548 3518 ἐνίους

181 3551 366 3635 Ἡράκλειτος
394 3551 481 3635 ἀέρα
510 3549 651 3634 itemque
677 3558 751 3636 post
778 3551 957 3635 Hippasum
984 3554 1032 3615 καλ
1061 3550 1124 3615 κατ’
1153 3552 1245 3622 ἐνίους
1268 3552 1452 3636 Ἡράκλειτος
1479 3556 1546 3634 πῦρ.

186 3652 312 3718 doctius
341 3651 439 3717 etiam
467 3659 562 3718 sonat
588 3654 674 3736 quod
705 3653 872 3739 Epicureis
899 3654 1028 3719 additur
1054 3655 1079 3717 εἰ
1107 3655 1148 3738 μή
1175 3677 1200 3716 τι
1228 3654 1547 3741 ἀρχαιοτέρανταύτην

187 3757 288 3820 θετέον
310 3757 362 3840 τὴν
386 3755 470 3824 δόξαν
492 3757 541 3819 καλ
565 3759 605 3827 ὡς
628 3756 723 3842 ἔλεγεν
740 3761 756 3823 ὁ
771 3759 901 3827 Στωικὸς
918 3758 1111 3826 Ποσειδώνιος
1133 3758 1192 3821 ἀπὸ
1209 3756 1326 3844 Μιθχοο
1348 3759 1423 3827 τινὸς
1445 3757 1548 3840 ἀνδρὸς

188 3859 326 3927 Φοίνικος
353 3857 561 3942 καταγομένην.
602 3867 764 3925 exuemus
794 3867 932 3945 apparet
961 3857 1121 3926 Stratonis
1147 3858 1218 3925 vioe
1240 3861 1335 3926 Plato
1362 3881 1434 3926 oum
1455 3858 1547 3924 ideis.

185 3980 302 4026 versus
325 3959 540 4043 Xenophanis
562 3967 660 4044 atque
682 3962 888 4046 Empedoclis
914 3983 955 4028 ex
976 3961 1059 4026 libro
1083 3959 1158 4024 adv.
1182 3962 1280 4027 math.
1300 3962 1331 4027 X
1351 3964 1422 4027 314.
1444 3963 1506 4026 315
1528 3980 1549 4026 a

190 4061 323 4127 librario
348 4061 463 4126 inscite
490 4063 619 4128 additos
646 4084 719 4130 esse
746 4065 801 4129 diu
825 4072 875 4131 est
896 4069 1110 4149 perspectum.
1148 4061 1273 4144 reliqua
1294 4071 1401 4129 autem
1424 4063 1549 4130 addita·

188 4171 297 4229 menta
325 4162 469 4228 aSexto
498 4163 570 4247 ipso
598 4165 686 4230 haud
716 4167 814 4234 dubie
844 4167 990 4252 proiecta
1019 4171 1102 4230 sunt
1146 4165 1210 4229 iam
1238 4165 1316 4230 mihi
1345 4168 1436 4233 solve
1466 4167 1548 4234 istuc

187 4267 352 4349 aenigma:
374 4266 460 4332 idem
483 4267 564 4333 liber
586 4269 613 4334 si
636 4269 731 4334 trium
754 4271 986 4354 exemplorum,
1010 4267 1127 4333 Geloni
1143 4267 1383 4350 Sestianaeque
1398 4271 1548 4352 geminae

186 4367 376 4452 memoriae,
403 4367 477 4434 fons
504 4376 554 4434 est
583 4371 770 4456 primarius,
798 4393 861 4455 quo
890 4372 1020 4437 tandem
1043 4369 1138 4434 modo
1161 4369 1320 4454 explicas,
1352 4369 1452 4436 Sexto
1475 4371 1546 4454 ipso

187 4473 272 4555 quod
288 4471 379 4537 Sexti
402 4479 453 4536 est
474 4472 607 4538 similior
623 4474 790 4540 Galenus?
823 4475 946 4541 scilicet
968 4479 1059 4539 tanta
1082 4477 1131 4537 est
1152 4491 1231 4556 prae
1248 4471 1339 4538 Sexti
1354 4474 1456 4539 altero
1475 4474 1546 4538 loco

187 4575 267 4640 haec
290 4573 477 4658 similitudo,
500 4581 535 4640 ut
551 4597 591 4642 ea
606 4577 807 4661 potissimum
824 4597 923 4642 causa
938 4576 1097 4642 adductus
1117 4593 1158 4640 ex
1172 4573 1335 4658 Empirico
1351 4575 1547 4659 descriptum

186 4699 259 4743 esso
286 4677 362 4742 olim
385 4675 620 4764 contenderim,
648 4699 742 4762 quem
771 4699 911 4745 errorem
938 4699 979 4744 ne
1002 4697 1087 4742 nuno
1109 4683 1293 4760 repetamus
1316 4677 1395 4741 satis
1418 4685 1546 4742 cautum

186 4801 258 4846 esse
281 4780 440 4846 existimo.
474 4799 587 4845 verum
610 4781 792 4846 accuratius
814 4783 1053 4866 perpendamus
1068 4778 1224 4845 Sestiana
1246 4778 1304 4844 illa
1324 4779 1547 4844 additamenta

186 4889 219 4946 et
240 4882 410 4948 rideamus
432 4902 510 4946 num
532 4903 676 4950 consona
698 4883 740 4947 sit
761 4905 870 4949 eorum
894 4905 966 4950 oum
989 4883 1104 4950 ceteris
1127 4879 1264 4945 indoles.
1301 4880 1391 4945 Idaei
1413 4901 1492 4946 sane
1515 4888 1548 4947 et

187 4983 332 5050 Platonis
362 4983 531 5070 opiniones
557 4983 704 5050 similiter
735 5005 924 5072 expressae,
957 4993 991 5050 at
1020 4983 1154 5052 offendit
1175 4981 1330 5048 Heracliti
1357 4983 1486 5050 diversa
1508 5003 1547 5051 ac
