3756 5736
333 421 397 486 214
566 421 646 472 XVII
681 423 731 472 DE
752 419 1000 472 VETUSTORUM
1017 419 1257 471 PLACITORUM
1275 417 1454 470 FONTIBUS

333 589 423 656 haud
449 596 581 656 ounotor
608 609 649 655 ax
675 585 813 654 vetustis
842 585 976 652 Piaoitis
1002 585 1185 654 derivatum
1212 585 1364 652 arbitrari
1391 584 1478 669 quod
1503 605 1547 652 no
1573 592 1697 654 tamam

334 691 515 758 oonisotum
537 691 652 759 orarias
673 688 902 774 Asclepiadem
926 694 959 754 ot
974 689 1184 756 Posidonium
1201 688 1397 755 Planitorum
1419 686 1614 755 novissimos
1627 687 1696 772 phi-

334 793 489 878 losophos
510 793 576 858 illio
597 793 688 858 iuxta
709 790 832 876 positos
854 810 926 856 assa
950 799 1122 858 momento.
1156 792 1214 858 sad
1237 790 1376 858 osrtiora
1397 789 1453 856 vix
1475 788 1597 856 offioias
1619 790 1697 872 quia

335 895 451 980 quibus
476 894 590 961 rivulis
612 893 776 959 Maurobio
807 899 875 958 tam
901 893 1004 977 proba
1037 893 1176 960 matoria
1197 891 1360 958 affluxerit
1381 891 1525 957 nondum
1547 891 1627 958 satis
1648 897 1698 957 ost

336 1005 544 1082 oomportum.
580 995 724 1062 siusdom
747 993 937 1060 eruditionis
964 995 1076 1060 tonuia
1101 995 1240 1078 vestigia
1267 993 1300 1059 in
1323 991 1497 1077 Philoponi
1524 992 1567 1060 ds
1587 991 1698 1060 anima

336 1106 452 1182 arguta
473 1098 577 1182 magis
598 1093 695 1181 quam
717 1096 801 1162 soita
823 1097 1043 1180 disputatione
1065 1095 1287 1181 dispioiuntur.

378 1199 401 1266 f.
416 1201 485 1265 A'¹'
509 1202 553 1284 [p.
569 1200 604 1283 4]
628 1199 742 1265 Venot.
767 1200 861 1265 1535.
934 1191 939 1200 ’

422 1300 563 1368 Καθόλου
585 1303 619 1366 δὲ
641 1302 693 1385 τὴν
716 1304 814 1388 ψυχὴν
836 1303 864 1367 οἱ
888 1293 948 1384 μέν
962 1323 1048 1387 φασιν
1071 1302 1227 1384 ἀσώματον
1249 1299 1332 1378 εἶναι,
1355 1302 1383 1364 oi
1406 1301 1440 1364 δὲ
1454 1303 1553 1384 σῶμα,
1574 1300 1623 1364 καί
1638 1305 1697 1364 τῶν

337 1411 434 1489 σῶμα,
457 1407 485 1469 οἱ
508 1405 560 1488 μὲν
583 1406 692 1468 ἁπλοῦν
714 1407 741 1468 οἱ
764 1407 797 1470 δὲ
820 1405 972 1482 σύνθετον,
994 1405 1043 1468 καὶ
1064 1407 1123 1467 τῶν
1147 1403 1301 1480 σύνθετον,
1324 1405 1351 1466 οἱ
1374 1405 1427 1486 μὶν
1450 1403 1483 1468 ἰκ
1505 1403 1697 1486 συνημμένων

337 1510 481 1592 σωμάτων
504 1510 531 1572 οἱ
554 1508 587 1571 δὲ
609 1507 790 1572 ἀσυνάπτυιν.
821 1511 879 1572 τῶν
902 1508 934 1571 δὲ
957 1508 1066 1570 ἁπλοῦν
1090 1510 1177 1588 σῶμα
1199 1505 1359 1589 εἰρηκότων
1381 1505 1434 1589 τὴν
1460 1505 1557 1590 ψυχὴν
1579 1503 1651 1569 εἶναι

423 1612 450 1674 oi
473 1610 525 1692 μὲν
547 1609 695 1693 εἰρήκασιν
717 1611 845 1694 αἰθέριον
861 1609 1036 1691 εἶναισῶμα
1058 1605 1175 1692 (ταύτόν
1192 1608 1225 1672 δέ
1240 1608 1315 1672 ἐστιν
1331 1607 1420 1671 εἰπεῖν
1436 1604 1583 1692 οὐράνιον)
1598 1607 1697 1691 ὥσπερ

332 1711 558 1798 Ἡρακλείδης
580 1714 596 1776 ό
620 1711 769 1782 Ποντικός.

373 1829 375 1836 “
424 1816 452 1878 oi
475 1815 508 1878 δὲ
530 1818 587 1898 πῦρ
610 1817 651 1884 ὡς
668 1813 891 1898 Ἡράκλειτος
918 1813 1019 1895 ἐπειδὴ
1047 1814 1095 1876 καὶ
1121 1817 1179 1896 πῦρ
1206 1809 1302 1895 ἔλεγεν
1329 1810 1402 1876 εἶναι
1432 1811 1485 1896 τὴν
1514 1811 1610 1898 ἀρχὴν
1639 1815 1698 1876 τῶν

340 1917 441 1982 ὄντων.
468 1917 560 1986 οὕτως
583 1913 633 1980 οὖν
656 1917 704 1980 καί
726 1917 779 2000 τὴν
802 1917 899 2000 ψυχὴν
922 1915 1025 2000 πυρίαν
1047 1914 1119 1978 εἰναι
1141 1915 1243 1978 διὰτὸ
1265 1912 1422 1998 εὐκίνητον.

424 2020 451 2082 οἱ
474 2019 507 2082 δὲ
529 2018 629 2102 οἰερίαν
652 2021 693 2088 ὡς
711 2016 933 2100 Ἀναξιμένης
956 2017 1006 2081 καί
1027 2040 1100 2088 τινες
1121 2021 1180 2080 τῶν
1203 2017 1352 2080 Στωικῶν.

424 2124 451 2186 οἱ
475 2123 508 2184 δὲ
528 2119 558 2190 ἐξ
582 2121 684 2190 uaros
707 2124 748 2190 ὡς
770 2117 887 2201 Θαλῆς
916 2121 964 2183 καὶ
985 2116 1111 2184 Ἴππων
1134 2123 1151 2185 ό
1174 2120 1294 2203 ἐπίκλην
1321 2117 1410 2188 ἄθεος
1437 2116 1538 2202 ἐπειδὴ
1554 2119 1619 2203 *peip
1647 2120 1700 2203 τὴν

338 2224 424 2306 γονὴν
447 2223 548 2306 ἑώρων
571 2221 601 2291 ἐξ
625 2223 712 2306 ὑγρᾶς
735 2220 824 2286 οὖσαν
847 2221 947 2292 οἰισίας
969 2222 1017 2286 διὰ
1038 2226 1123 2286 τοῦτο
1146 2223 1195 2288 καί
1218 2223 1296 2308 ὕδωρ
1322 2221 1375 2306 τὴν
1402 2221 1498 2305 ἀρχὴν
1524 2224 1582 2285 τῶν
1609 2220 1719 2286 όντων·

339 2325 475 2407 ἐνόμισαν
498 2323 551 2406 [σί.
575 2324 672 2390 Arist.
695 2325 779 2389 ‘105¹’
801 2323 834 2406 2]
858 2371 866 2388 .
890 2371 898 2388 .
922 2371 929 2387 .

425 2431 484 2490 τῶν
512 2427 545 2490 δὲ
575 2427 713 2491 σύνθετον
743 2429 830 2508 σῶμα
860 2426 1061 2511 ὑπειληφότων
1088 2429 1115 2490 oi
1145 2427 1197 2509 μὲν
1227 2424 1256 2495 ἐξ
1282 2425 1453 2490 ἀσυνοίπτων
1481 2423 1633 2508 στοιχείων
1661 2428 1701 2495 ὡς

339 2530 558 2613 Δημόκριτος
580 2529 629 2592 καί
652 2527 850 2596 Λεύκιππος
873 2531 921 2594 καί
950 2529 1051 2598 ἁπλῶς
1078 2532 1106 2592 οἱ
1133 2530 1169 2594 τὰ
1195 2528 1290 2610 ἄτομα
1320 2527 1490 2610 εἰσάγοντες.
1524 2523 1622 2609 ἔλεγον
1649 2527 1701 2609 μὲν

117 2659 125 2666 ’
161 2667 167 2674 -
200 2677 214 2686 ε
338 2633 392 2715 γὰρ
414 2631 508 2715 ἀρχὰς
529 2635 588 2694 τῶν
618 2627 708 2694 όντων
731 2629 767 2692 τὰ
789 2628 885 2713 ἄτομα
907 2631 956 2696 καὶ
979 2632 1012 2694 τὸ
1035 2632 1128 2696 κενόν.
1161 2629 1232 2696 εἶναι
1248 2629 1298 2696 οὖν
1313 2631 1366 2715 τὴν
1381 2631 1479 2714 ψυχὴν
1494 2629 1528 2692 ἐκ
1543 2633 1702 2714 σφαιρικῶν

339 2734 456 2816 ἀτόμων
479 2734 582 2796 διὰτὸ
604 2730 765 2813 εὐκίνητον.
804 2728 855 2816 [of.
880 2729 1014 2798 Aristot.
1037 2735 1118 2798 404·
1140 2730 1182 2819 ὁρ

426 2837 454 2898 oi
470 2835 503 2898 δὲ
518 2835 551 2898 ἐκ
568 2833 759 2917 συνημμένων
782 2837 822 2902 ὡς
845 2831 991 2917 Κριτίας
1013 2837 1030 2900 ό
1051 2835 1093 2904 εἷς
1114 2841 1173 2898 τῶν
1194 2837 1347 2919 τριάκοντα
1360 2835 1435 2918 αἷμα
1449 2836 1504 2921 γὰρ
1519 2834 1615 2920 ἔλεγεν
1629 2833 1701 2900 εἰναι

341 2939 393 3021 τὴν
416 2939 523 3022 ψυχήν.
558 2929 580 3020 [¹
588 2937 661 3019 αἷμα
676 2937 740 3018 γάρ,
762 2935 860 3018 φησίν,
882 2937 1049 3021 ἀνθρώποις
1070 2938 1253 3022 περικοίρδιόν
1276 2937 1337 3000 ἐστι
1359 2937 1483 3021 νόημα’]

342 3045 428 3106 totus
454 3039 544 3106 louus
566 3038 674 3106 vorbis
699 3037 768 3104 fors
790 3037 913 3104 eisdam
941 3040 1116 3104 translatus
1143 3046 1193 3106 ost
1215 3057 1236 3104 a
1256 3038 1440 3123 Philopono
1463 3059 1503 3106 ox
1525 3040 1703 3108 vetustiora

341 3161 506 3226 anonymo
529 3142 563 3208 in
584 3140 683 3207 Arist.
708 3141 749 3206 do
773 3140 869 3206 anim.
894 3141 1139 3226 commentario,
1167 3141 1261 3206 ouius
1285 3141 1419 3224 oologas
1447 3162 1488 3208 εκ
1510 3142 1621 3209 oodios
1643 3143 1702 3208 Pa·

340 3243 442 3310 latino
473 3241 741 3326 Heidelbergonsi
767 3241 829 3308 281
861 3263 885 3308 s.
908 3243 956 3308 XI
986 3263 1007 3308 a
1034 3242 1072 3309 G.
1101 3243 1275 3310 Strohlkoo
1305 3242 1445 3328 (Godan.
1470 3246 1567 3328 1876)
1594 3243 1702 3312 aditae

341 3353 425 3412 sunt.
460 3345 499 3411 of.
523 3366 550 3412 ο.
565 3346 644 3412 XIV
668 3367 700 3430 p.
717 3347 758 3410 38
770 3344 841 3427 sq.¹
876 3343 1019 3410 Thalos
1041 3351 1075 3411 st
1095 3345 1250 3430 Hippon
1272 3345 1370 3412 stiam
1392 3345 1446 3412 hio
1466 3353 1502 3413 ut
1523 3347 1557 3412 in
1576 3347 1702 3414 Sorano

341 3450 386 3532 [p.
403 3449 479 3531 212]
503 3447 666 3514 ooniunoti
688 3455 771 3532 sunt,
795 3453 968 3531 praetores
991 3447 1138 3514 Critias
1160 3446 1336 3513 aooorsitnr
1358 3467 1399 3514 ox
1420 3448 1519 3516 Arist.
1535 3449 1566 3516 d.
1582 3469 1634 3515 an.
1650 3450 1702 3514 Ι2

340 3571 371 3634 p.
387 3551 506 3617 405¹)ss
529 3551 621 3636 ἕτεροι
643 3549 670 3615 δ’
699 3552 772 3634 αἷμα
794 3551 928 3633 καθάπερ
951 3548 1080 3634 Κριτίας.
1117 3555 1191 3633 post
1212 3551 1264 3634 τὴν
1287 3553 1385 3635 ψυχήν
1407 3549 1502 3618 finem
1526 3550 1605 3617 fauit
1618 3557 1703 3616 nata·

340 3651 407 3736 logi
435 3672 617 3739 anonymus
639 3651 908 3735 Heidelbergonis
933 3649 979 3738 [in
1000 3649 1103 3717 Vatis.
1127 3649 1252 3716 initium
1274 3651 1389 3734 duest]⁸
1427 3671 1504 3736 orgo
1528 3651 1702 3738 Philoponi

340 3755 434 3820 unius
461 3755 590 3821 inscitia
611 3753 731 3822 fautum
754 3753 839 3838 qnod
862 3751 1067 3838 Empedoolis
1090 3773 1204 3819 vorsus
1227 3755 1290 3820 329
1313 3754 1360 3820 St.
1382 3755 1455 3838 αίμοι
1471 3789 1514 3802 -
1529 3756 1626 3839 νόημα
1648 3754 1702 3838 [of.

341 3875 440 3940 supra
462 3877 493 3940 p.
509 3859 586 3940 204]
611 3879 669 3942 pro
686 3857 807 3923 Oritas
820 3855 940 3940 placito
961 3855 1157 3922 venditatur.
1190 3855 1408 3922 Horaolidis
1430 3856 1539 3941 opinio
1561 3877 1633 3923 oum
1654 3877 1704 3923 ro

340 3957 429 4042 liqua
453 3958 538 4024 Astii
561 3959 678 4026 Sorani
700 3958 857 4025 Macrobii
887 3956 1043 4024 momoria
1070 3957 1251 4044 discrepat,
1284 3965 1393 4026 ustura
1421 3967 1479 4026 aut
1506 3958 1703 4026 Aristotelea

341 4068 416 4126 sunt
438 4067 494 4128 aut
518 4063 648 4128 omnino
671 4061 829 4146 uulgaria.

581 4369 665 4426 XVII
700 4370 750 4426 DE
768 4365 1011 4425 VETUSTORUI
1029 4365 1265 4424 Purolroaun
1282 4368 1462 4426 susumus

427 4573 498 4653 Quo
527 4575 631 4658 magis
657 4595 679 4641 a
700 4574 947 4659 compilatorum
970 4573 1133 4640 aetatibus
1154 4574 1197 4639 ad
1219 4575 1308 4659 ipsos
1336 4575 1443 4642 fontes
1465 4549 1702 4656 adsosndimns‚

340 4697 379 4746 oo
402 4677 563 4744 diffieilior
585 4677 619 4744 fit
641 4677 788 4762 quaestio
811 4683 844 4744 at
858 4676 985 4761 planior
1000 4676 1221 4744 dubitationis.
1255 4698 1276 4743 a
1291 4679 1465 4746 Plutaroho
1481 4678 1568 4745 onim
1584 4683 1617 4745 st
1632 4675 1703 4742 Sto·

339 4779 423 4846 baoo
446 4786 535 4846 σοπίιι
554 4779 680 4847 rationo
695 4782 739 4847 ad
753 4778 881 4845 Attium
896 4779 1090 4862 transgressi
1108 4801 1227 4866 sunus,
1250 4781 1326 4848 dein
1343 4781 1529 4848 ooniootura
1543 4777 1703 4865 probabili

411 5004 418 5036 ¹
438 4971 570 5074 integrum.
587 5012 798 5064 commentarium
817 5009 862 5059 ssd
881 5009 955 5062 initio
975 5022 1005 5058 ao
1023 5009 1075 5062 tino
1094 5012 1238 5061 mutilatum
1256 5015 1370 5064 continet
1383 5011 1440 5061 aod.
1454 5011 1538 5065 vatio.
1555 5007 1608 5066 268
1619 5025 1640 5058 s.
1652 5009 1701 5064 xl.
