3768 5736
502 407 580 460 ARiI
597 407 734 458 DIDYMI
751 407 937 461 EPITOMES
955 407 1008 458 ΕΒ,
1026 406 1128 458 PHYS.
1141 404 1184 458 27.
1197 404 1231 458 28
1480 405 1543 470 463

183 575 338 661 δέχεσθαι·
366 577 408 659 μὴ
437 574 509 640 εἶναι
537 576 570 640 δὲ
597 575 701 640 ταύτὸν
723 576 756 642 τό
778 599 810 640 τε
831 577 914 640 πυιδν
937 574 1017 644 ἰδίως
1039 577 1087 639 καὶ
1109 577 1161 660 τὴν
1184 575 1283 640 οὐσίαν
1307 575 1350 658 [δ]
1373 573 1403 644 ἐξ
1425 575 1461 658 ής
1482 572 1543 638 ἔστι

182 682 279 755 τοῦτο,
303 678 344 762 μὴ
368 676 464 761 μέντοι
486 700 519 760 γε
542 675 610 760 μηδ’
638 677 753 762 ἕτερον,
780 680 855 743 ἀλλὰ
877 679 964 762 μόνον
986 677 1020 741 οὐ
1042 677 1146 742 ταύτόν
1168 679 1216 742 διὰ
1238 679 1271 741 τδ
1293 678 1340 741 καί
1364 677 1450 762 μέρος
1471 677 1543 742 εἰναι

181 787 235 866 τῆς
262 779 362 850 οὐσίας
387 781 436 844 καί
465 781 514 844 τδν
541 780 628 844 αὐτὸν
651 780 768 867 ἐπέχειν
790 782 894 860 τόπον,
924 779 961 842 τὰ
982 777 1006 842 δ’
1035 779 1119 866 ἕτερα
1141 785 1226 846 τινῶν
1248 779 1389 864 λεγόμενα
1412 783 1470 844 δεῖν
1492 781 1540 844 καὶ

182 883 265 969 τόπῳ
289 882 469 968 κεχωρίσθαι
492 882 541 944 καὶ
563 881 631 965 μηδ’
659 883 689 948 ἐν
713 884 792 969 μέρει
815 881 1003 968 θεωρεῖσθαι.

268 983 311 1049 Τδ
337 985 371 1047 δὲ
398 984 440 1067 μὴ
463 982 535 1048 εἶναι
557 985 645 1050 ταύτδ
667 987 700 1051 τό
722 1011 754 1051 τε
774 989 850 1052 κατὰ
870 988 904 1050 τδ
928 985 1007 1054 ἰδίως
1028 985 1111 1048 ποιδν
1133 985 1181 1047 καὶ
1203 985 1236 1048 τδ
1258 985 1333 1048 κατὰ
1354 987 1407 1069 τήν
1429 983 1540 1062 οὐσίαν,
1558 1011 1570 1048 ο
1674 1023 1677 1029 1

181 1090 270 1173 δῆλον
291 1087 367 1152 εἰναί
387 1107 473 1171 φησιν
494 1088 510 1151 ό
533 1085 766 1174 Μνήσαρχος·
791 1091 945 1173 ἀναγκαῖον
960 1088 1015 1172 γὰρ
1028 1091 1088 1156 τοῖς
1103 1087 1201 1156 αὐτοῖς
1215 1087 1306 1152 ταύτὰ
1321 1087 1542 1173 συμβεβηκέναι.

181 1191 207 1254 εἰ
229 1192 284 1276 γάρ
306 1214 348 1259 τις
370 1191 483 1259 πλάσας
505 1191 595 1254 ἰππον,
614 1190 700 1274 λόγου
719 1193 804 1276 χάριν
820 1191 1017 1266 συνθλάσειεν,
1039 1187 1139 1252 ἔπειτα
1154 1190 1226 1252 κόνα
1238 1192 1395 1274 ποιήσειεν,
1416 1189 1544 1271 εὐλόγως

182 1292 216 1357 ἂν
239 1293 318 1376 ἡμᾶς
341 1293 453 1362 ἰδόντας
476 1293 576 1368 εἰπεῖν,
599 1292 642 1358 ότι
664 1292 741 1356 τοῦτ’
770 1294 824 1358 οὐκ
846 1293 882 1378 ἧν
904 1295 1004 1370 παλαι,
1026 1296 1075 1355 νῦν
1098 1289 1124 1354 δ’
1145 1292 1236 1356 ἐστίν·
1260 1290 1335 1356 ὥσθ’
1358 1293 1454 1376 ἕτερον
1471 1291 1543 1354 εἶναι

181 1397 214 1460 τὸ
237 1393 359 1460 ἑπίτυῦ
382 1399 467 1458 ποιοῦ
490 1395 643 1477 λεγόμενον
666 1395 699 1458 τό
722 1419 754 1458 τε
776 1395 850 1477 [καὶ]
874 1396 922 1458 ἐπὶ
944 1399 997 1479 τῆς
1024 1392 1134 1464 οὐσίας.
1171 1394 1301 1459 καθόλου
1328 1395 1452 1479 νομίζειν
1477 1393 1544 1462 τοῦς

182 1497 289 1568 αὐτοῦς
308 1499 388 1582 ἡμᾶς
410 1496 482 1561 εἰναι
503 1501 567 1567 ταῖς
589 1496 700 1566 οὐσίαις
721 1497 863 1561 ἀπίθανον
886 1496 958 1561 εἰναι
979 1497 1124 1582 φαίνεται·
1154 1497 1293 1567 πολλάκις
1314 1497 1368 1582 γὰρ
1390 1496 1539 1582 συμβαίνει
1561 1519 1584 1558 ιο

180 1600 233 1684 τὴν
256 1601 309 1682 μὲν
331 1599 431 1664 οὐσίαν
454 1602 594 1686 ὑπάρχειν
615 1600 672 1684 πρδ
694 1603 747 1683 τῆς
769 1600 908 1682 γενέσεως
929 1599 954 1663 εἰ
976 1599 1060 1685 τόχοι
1082 1604 1134 1682 τῆς
1150 1598 1332 1684 Σωκράτους,
1353 1601 1402 1663 τὸν
1429 1600 1462 1663 δὲ
1482 1599 1544 1663 Σω-

179 1704 288 1788 κράτην
311 1702 434 1786 μηδέπω
458 1705 612 1789 ὑπάρχειν,
640 1703 688 1766 καί
712 1702 785 1784 μετὰ
807 1703 859 1786 τὴν
881 1706 933 1766 τοῦ
956 1701 1129 1786 Σωκράτους
1151 1700 1294 1786 ἀναίρεσιν
1317 1703 1468 1786 ὑπομένειν
1492 1701 1544 1785 μὲν

58 1787 67 1800 ⁰
179 1807 233 1890 τὴν
255 1806 366 1884 οὐσίαν,
388 1807 476 1872 αὐτὸν
498 1809 532 1870 δὲ
554 1803 657 1890 μηκέτ’
684 1803 767 1868 εἰναι.

842 2095 883 2158 28

242 2201 329 2254 Stob.
347 2203 393 2252 ευί.
406 2201 420 2252 Ι
434 2200 465 2252 17
484 2218 509 2266 p.
522 2197 702 2252 374-37811.

268 2300 483 2386 Χρύσιππος
504 2301 537 2364 δὲ
558 2301 688 2366 τοιοῦτόν
710 2324 737 2364 τι
760 2302 970 2388 διεβεβαιοῦτο·
996 2301 1069 2366 εἶναι
1091 2304 1125 2366 τδ
1148 2303 1180 2366 δν
1202 2306 1316 2385 πνεῦμα
1338 2307 1433 2366 κινοῦν
1455 2301 1542 2364 ἑαυτὸ

182 2405 255 2488 πρὸς
277 2405 364 2468 ἑαυπδ
386 2405 435 2468 καί
456 2403 487 2472 ἐξ
508 2405 609 2482 αὑτοῦ,
631 2404 651 2488 ή
674 2409 789 2486 πνεῦμα
810 2405 897 2468 ἑαυτὸ
919 2409 1014 2468 κινοῦν
1037 2406 1139 2490 πρόσω
1160 2405 1209 2468 καί
1231 2406 1341 2468 ὐπίσω·
1372 2409 1487 2486 πνεῦμα
1508 2404 1541 2466 δὲ
1559 2427 1583 2466 ιι

182 2505 317 2592 εἴληπται
339 2506 387 2570 διὰ
407 2506 441 2570 τδ
464 2504 600 2588 λέγεσθαι
621 2507 693 2570 αὐτδ
716 2506 789 2591 ἀέρα
810 2505 882 2572 εἰναι
904 2506 1085 2590 κινούμενον·
1108 2509 1246 2591 άναλογον
1269 2508 1302 2570 δὲ
1323 2507 1453 2590 γίνεσθαι
1472 2506 1542 2570 κάπὶ

181 2613 233 2673 τοῦ
255 2607 383 2693 αἰθέρος,
406 2609 483 2673 ῶστε
506 2609 553 2672 καὶ
576 2609 617 2680 εἰς
638 2611 733 2674 κοινὸν
754 2609 839 2693 λόγον
862 2614 958 2673 πεσεῖν
980 2611 1064 2676 αὐτά.
1100 2611 1119 2694 ή
1142 2610 1260 2694 τοιαότιγ
1283 2610 1315 2673 δὲ
1337 2611 1447 2694 κίνησις
1468 2608 1543 2673 κατὰ

182 2712 289 2795 μόνους
316 2711 421 2794 γίνεται
450 2711 517 2781 τούς
544 2712 711 2794 νομίζοντας
739 2713 792 2796 τὴν
822 2712 921 2778 οὐσίαν
949 2716 1046 2776 πᾶσαν
1079 2714 1241 2798 μεταβολὴν
1274 2711 1466 2798 ἐπιδέχεσθαι
1494 2711 1542 2774 καὶ

180 2814 319 2900 σύγχυσιν
347 2815 394 2878 καὶ
421 2813 557 2878 σόστασιν
584 2815 633 2878 καί
660 2814 792 2898 σύμμιξιν
820 2817 867 2880 καί
898 2815 1042 2900 σόμφυσιν
1069 2817 1117 2880 καί
1147 2816 1184 2880 τὰ
1211 2816 1322 2886 τοότοις
1343 2815 1542 2899 παραπλήσια.

181 2917 326 3002 διαφέρειν
348 2915 403 3000 γὰρ
425 2917 541 3000 ἀρέσκει
569 2922 629 2987 τοῖς
650 2919 709 2981 ἀπὸ
731 2923 784 3002 τῆς
805 2918 963 3002 Στωικῆς
985 2918 1125 3002 αἱρέσεως
1151 2920 1311 3004 παράθεσιν
1338 2916 1411 3000 μῖξιν
1440 2920 1539 3000 κρᾶσιν
1558 2941 1582 2979 εο

182 3019 335 3104 σύγχυσιν·
363 3018 523 3102 παράθεσιν
551 3019 603 3101 μὲν
629 3019 683 3102 γάρ
706 3019 778 3083 εἰναι
806 3023 950 3104 σωμάτων
974 3022 1103 3106 συναφὴν
1127 3021 1201 3086 κατὰ
1222 3023 1273 3092 τὰς
1296 3018 1478 3106 ἐπιφανείας,
1501 3022 1541 3088 ῶς

180 3123 227 3185 ἐπὶ
250 3127 308 3184 τῶν
328 3125 431 3205 σωρῶν
447 3123 573 3206 ὁρῶμεν,
596 3123 626 3185 ἐν
649 3123 693 3192 οἷς
715 3124 801 3206 πυροί
820 3125 921 3188 τεκαὶ
944 3125 1042 3209 κριθαὶ
1065 3125 1113 3188 καὶ
1135 3125 1223 3208 φακοὶ
1245 3123 1294 3186 καὶ
1315 3121 1346 3185 εἴ
1355 3145 1417 3186 τινα
1431 3121 1542 3190 τούτοις

180 3223 254 3288 ἄλλα
281 3226 472 3308 παραπλήσια
498 3223 677 3308 περιέχεται,
710 3227 759 3290 καί
792 3229 851 3288 τῶν
879 3226 926 3290 ἐπὶ
953 3231 1011 3289 τῶν
1038 3227 1176 3309 αἰγιαλῶν
1207 3228 1313 3310 ψήφων
1339 3225 1387 3288 καὶ
1420 3223 1539 3306 άμμων·

181 3326 254 3408 μῖξιν
278 3325 303 3389 δ’
331 3326 403 3390 εἰναι
425 3327 477 3390 δόο
499 3327 584 3412 ήκαί
599 3327 739 3392 πλειόνων
755 3330 899 3412 σωμάτων
915 3329 1151 3414 άντιπαρέκτασιν
1167 3327 1203 3390 δι’
1225 3329 1311 3404 ὅλων,
1334 3329 1540 3409 όπομενουσῶν

179 3435 238 3494 τῶν
260 3434 401 3514 συμφυῶν
423 3431 488 3516 περὶ
511 3429 586 3494 αὐτὰ
606 3433 780 3514 ποιοτήτων,
804 3435 844 3501 ῶς
866 3432 913 3494 ἐπὶ
935 3437 987 3496 τοῦ
1009 3433 1099 3516 πυρός
1121 3429 1185 3516 ἔχει
1207 3432 1255 3494 καὶ
1278 3434 1329 3494 τοῦ
1352 3451 1538 3513 πεπυρακτω-
1557 3453 1581 3492 νο

179 3533 267 3616 μένου
293 3533 428 3618 σιδήρου·
456 3533 503 3596 ἐπὶ
529 3535 638 3597 τούτων
673 3535 728 3618 γὰρ
755 3533 825 3617 (δι’)
853 3533 930 3598 ὅλων
958 3534 1087 3618 γίνεσθαι
1116 3538 1174 3596 τῶν
1206 3533 1352 3615 σωμάτων
1385 3532 1437 3614 τὴν
1468 3531 1540 3594 ἀντι-

179 3637 364 3721 παρέκτασιν.
402 3636 512 3719 ὁμοίως
538 3637 571 3698 δὲ
599 3638 670 3700 κάπὶ
696 3641 755 3700 τῶν
782 3637 812 3700 ἐν
839 3639 909 3720 ἡμῖν
931 3641 1035 3721 ψυχῶν
1057 3633 1135 3720 ἔχει·
1163 3633 1199 3698 δι’
1229 3636 1305 3700 όλιυν
1327 3635 1381 3719 γὰρ
1402 3639 1461 3698 τῶν
1485 3654 1540 3698 σω·

179 3739 278 3820 μάτων
305 3738 390 3821 ήμῶν
421 3738 728 3822 άντιπαρεκτείνουσιν·
756 3739 872 3823 ἀρέσκει
898 3739 952 3824 γὰρ
980 3739 1079 3810 αὐτοῖς
1107 3742 1195 3820 σῶμα
1225 3738 1272 3802 διὰ
1304 3740 1440 3821 σώματος
1466 3738 1540 3800 ἀντι-

178 3841 329 3924 παρήκειν.
351 3843 452 3924 κρᾶσιν
475 3839 500 3904 δ’
528 3837 600 3903 εἰναι
622 3840 736 3924 λέγουσι
758 3841 809 3906 δόο
832 3842 852 3926 ἢ
875 3843 924 3905 καὶ
947 3842 1087 3906 πλειόνων
1111 3842 1257 3924 σωμάτων
1280 3842 1374 3925 ὑγρῶν
1398 3837 1434 3903 δι’
1463 3839 1539 3903 ὅλων

177 3940 415 4027 άντιπαρέιιτασιν
437 3947 495 4006 τῶν
518 3943 582 4028 περὶ
605 3942 680 4006 αὐτὰ
702 3946 863 4029 ποιοτήτων
887 3945 1103 4028 ὑπομενουσῶν.
1140 3942 1215 4028 (καὶ)
1236 3945 1288 4028 τὴν
1312 3943 1364 4026 μὲν
1388 3940 1461 4026 μῖξιν
1486 3941 1534 4006 καὶ
1553 3968 1579 4006 ιο

177 4046 225 4110 ἐπὶ
253 4043 347 4129 ξηρῶν
374 4046 521 4128 γίγνεσθαι
547 4047 707 4128 σωμάτων,
734 4047 795 4110 οἰον
821 4050 911 4133 πυρὸς
933 4050 981 4112 καὶ
1004 4049 1123 4131 σιδήρου
1146 4050 1243 4130 ψυχῆς
1264 4068 1297 4108 τε
1318 4046 1367 4108 καὶ
1389 4047 1440 4108 τοῦ
1462 4066 1539 4128 περι-

177 4147 296 4234 έχοντος
322 4147 414 4231 αὐτὴν
441 4149 591 4229 σώματος,
623 4149 675 4233 τὴν
704 4149 737 4212 δὲ
763 4153 863 4235 κρᾶσιν
889 4151 936 4214 ἐπὶ
964 4151 1060 4234 μόνων
1086 4149 1157 4234 φασὶ
1183 4147 1314 4231 γίνεσθαι
1341 4151 1400 4212 τῶν
1429 4149 1538 4232 ὑγρῶν·

179 4321 191 4372 l
211 4319 272 4373 ιίναί
292 4338 320 4372 τε
340 4324 381 4375 A:
399 4326 500 4374 correxi
520 4319 534 4390 β
554 4318 567 4372 δ
584 4323 680 4374 delevit
698 4325 800 4374 Ηεετειι
818 4319 831 4391 ΙΙ
882 4341 907 4391 p.
919 4321 1015 4376 433M.
1034 4319 1098 4390 μῖξις
1116 4320 1161 4388 μὲν
1179 4318 1222 4372 οῦν
1235 4319 1361 4386 σωμάτων
1373 4317 1539 4388 διαφερόντων

176 4405 257 4477 θοὴν
276 4407 360 4462 οὐσίαν
385 4413 426 4463 Αι
449 4427 514 4472 συντ.
533 4412 590 4461 eod.
609 4414 669 4462 Vnt.
686 4407 698 4479 β
713 4411 730 4463 4
747 4409 833 4462 τόπων
883 4408 948 4462 ἰστίν
971 4405 1018 4460 οὐκ
1041 4407 1067 4460 ἐν
1090 4407 1178 4476 κόσμῳ
1200 4404 1341 4476 παράθεσις.
1369 4404 1452 4476 ὥσπερ
1470 4403 1500 4458 δν
1519 4402 1543 4456 εἰ

176 4492 230 4566 ΕΗ
255 4499 271 4552 6
294 4501 374 4550 ταῦτα
398 4508 459 4550 ante
488 4501 646 4550 Ηεετειιίυιιι
675 4495 687 4566 β
718 4499 733 4551 9
755 4495 784 4550 τὸ
807 4496 833 4550 δὲ
881 4514 919 4555 τις
937 4494 1018 4565 σωρὸν
1036 4493 1133 4564 ποιήσει
1151 4490 1239 4564 κριθὰς
1257 4493 1301 4546 καὶ
1318 4493 1410 4563 πυροῦς
1423 4493 1467 4546 καὶ
1485 4489 1539 4561 ὀρό-

175 4583 219 4636 ιιαί
236 4587 274 4636 A:
293 4602 359 4638 σοιτ.
376 4588 478 4638 Ηεοτεπ
497 4590 541 4650 qui
557 4595 615 4652 post
632 4582 744 4636 καθόλου
762 4588 834 4636 addit
886 4583 944 4652 βους
969 4585 1013 4636 καὶ
1036 4581 1100 4634 ἄλλα
1122 4581 1154 4634 τὰ
1176 4581 1205 4646 [i.
1229 4578 1281 4632 ἄλλ’
1307 4579 1383 4646 ἅττα]
1411 4577 1464 4648 εἰδιγ
1487 4582 1540 4630 τῶν

175 4669 218 4722 οῦν
237 4670 250 4742 β
272 4671 306 4724 12
323 4673 370 4742 τὴν
388 4676 434 4742 τῆς
452 4677 490 4725 Δι
510 4677 611 4725 correxi
884 4675 1001 4740 σπαρτῶν
1019 4671 1053 4727 εἰς
1071 4667 1162 4722 ταύτὸν
1179 4665 1324 4736 εἰσινεγιιῶν
1344 4665 1356 4736 ΙΙ
1377 4666 1411 4720 θό
1429 4663 1457 4716 δι’
1472 4661 1541 4716 όλων

212 4761 244 4812 13
263 4763 295 4810 de
309 4763 358 4812 hoe
371 4763 401 4812 sr.
414 4764 468 4812 dixi
482 4762 553 4814 Prol.
570 4778 595 4828 p.
606 4757 700 4824 73sqq.
715 4775 724 4810 1
738 4775 760 4810 ιι
774 4774 802 4811 vi
818 4756 831 4826 Η
884 4776 917 4811 ex
935 4777 959 4810 v.
970 4757 1013 4811 24.
1025 4757 1068 4811 27.
1082 4757 1116 4810 29
1135 4757 1269 4808 Meineke:
1288 4751 1346 4807 όλον
1365 4755 1399 4806 G:
1419 4749 1478 4804 όλου
1490 4754 1511 4804 F
1524 4748 1538 4820 ΙΙ

177 4847 209 4901 16
228 4846 291 4899 κάπὶ
313 4851 358 4898 τοῦ
375 4851 465 4915 εει-ἱροὶ
488 4851 520 4900 τί.
539 4867 563 4898 ν.
577 4845 624 4900 27:
646 4845 753 4898 κᾶπειτα
772 4847 798 4897 Α
818 4842 831 4918 β
884 4844 917 4898 27
931 4843 997 4915 ἔχειν
1010 4847 1180 4913 probabiliter
1191 4845 1294 4895 Usener
1309 4839 1322 4910 β
1336 4841 1371 4894 30
1384 4840 1427 4892 καί
1438 4841 1539 4892 addidit

176 4935 208 4988 19
230 4932 301 5006 χύσιν
319 4939 357 4988 A:
376 4951 441 4991 cort.
462 4939 562 4987 Heeren
583 4931 595 5004 β
615 4933 648 4986 22
667 4939 743 5004 σιρῶν
765 4937 833 4986 ουιιί.
884 4935 1014 4995 mineio,
1033 4931 1076 4984 οὖν
1094 4942 1153 4999 post
1171 4929 1216 4998 μὲν
1234 4933 1336 4982 Ηεετειι

174 5027 309 5090 Mainake,
328 5028 374 5078 ned
393 5027 424 5076 ef.
442 5026 520 5078 Philo
538 5025 570 5075 de
589 5025 688 5075 eonius.
707 5025 785 5088 linga.
799 5020 832 5074 37
