3756 5736
741 371 1015 422 nnonsoomunu
1495 373 1556 436 247

195 559 260 622 qua
283 559 324 602 ex
346 538 521 620 longinquo
544 539 650 620 spatio
675 539 775 621 §106
789 573 832 583 -
849 535 909 600 boc
932 543 964 602 et
987 558 1039 604 me
1062 539 1137 602 olim
1160 546 1192 602 et
1208 540 1446 604 Volkmauuum
1467 561 1558 623 prae-

196 641 283 708 teriit
304 677 346 686 —-
368 640 520 704 idoneum
543 639 604 704 sibi
628 640 809 724 exemplum
833 637 1047 704 arcessiverit.
1071 639 1239 706 videamus
1261 642 1394 724 reliqua.

282 743 318 808 C.
336 745 378 808 10
399 748 434 807 ut
456 741 650 825 ineptiarum
677 742 897 826 compilatoris
925 741 1040 806 mirum
1067 743 1231 825 specimen
1254 744 1345 810 mitto
1370 741 1420 828 [ci.
1444 746 1558 808 Prantl

197 845 392 912 Geschicbte
419 845 477 910 der
505 843 611 926 Logik
629 843 645 906 Ι
661 842 744 928 009].
784 865 810 908 c.
830 846 868 908 11
893 863 964 908 cum
993 843 1083 908 Sexti
1116 851 1253 926 cognato
1278 847 1485 911 100011272
1513 848 1559 912 ita

195 968 262 1012 uon
284 947 449 1030 conspirat
472 952 507 1010 ut
529 946 685 1028 pleraque
707 945 836 1011 distent.
871 945 962 1010 cuius
983 947 1068 1029 λόγος
1090 947 1138 1010 διὰ
1155 949 1295 1033 βραχείας
1310 951 1501 1033 ὑπομνήσεως
1517 951 1557 1018 εἰς

196 1048 306 1114 ἔννοιαν
329 1052 407 1134 ἡμᾶς
423 1049 501 1132 ἄγων
516 1052 574 1112 τῶν
591 1048 835 1131 ὑποτεταγμένων
844 1053 907 1118 ταῖς
922 1053 1033 1133 φωναῖς
1048 1053 1225 1133 πραγμάτων
1248 1051 1414 1132 quomodo.
1425 1051 1557 1116 tandem

196 1151 324 1218 Galeno
347 1150 495 1234 exemplo
518 1149 623 1216 credis
646 1149 746 1215 fuisse
766 1149 918 1216 scribenti
935 1153 1000 1235 όρος
1016 1152 1049 1214 δέ
1064 1153 1124 1216 ἐστι
1140 1153 1224 1234 λόγος
1240 1153 1380 1234 οόντομος
1396 1153 1436 1222 εἰς
1452 1157 1556 1235 γνῶσιν

196 1257 273 1337 ἡμᾶς
295 1253 373 1336 ἄγων
396 1255 520 1318 ἑκάστου
543 1255 710 1336 πράγματος
732 1254 752 1337 ἢ
774 1254 858 1335 λόγος
885 1253 933 1316 διὰ
960 1254 1098 1338 βραχείας
1125 1255 1316 1339 ὑπομνήσεως
1339 1256 1465 1340 ἐμφανὲς
1487 1259 1556 1339 ἡμῖν

196 1357 426 1440 ἀπεργαζόμενος
459 1356 492 1418 τὸ
525 1355 712 1438 ὑποκείμενον
739 1355 882 1440 πρᾶγμαί
915 1355 1033 1420 certius
1060 1355 1217 1422 iudicabis
1244 1357 1271 1420 si
1299 1356 1477 1421 consimilia
1505 1378 1558 1423 ex·

196 1463 307 1541 carpta
319 1457 435 1541 partim
452 1477 523 1522 cum
537 1457 663 1523 Gelono
679 1457 795 1541 partim
812 1478 884 1522 cum
896 1457 995 1523 Sexto
1011 1457 1119 1522 facere
1134 1457 1263 1524 videris.
1286 1457 1397 1524 consor
1411 1459 1557 1542 inprimis

196 1559 318 1625 scholia
350 1559 394 1624 ad
426 1559 619 1644 Dionysium
653 1559 811 1624 Thracem
845 1559 972 1642 [anecd.
994 1557 1101 1638 Bclxk.
1128 1581 1159 1642 p.
1176 1561 1249 1643 647,
1274 1559 1332 1646 18]
1356 1581 1428 1624 cum
1456 1561 1555 1628 Sexto

196 1683 227 1745 p.
244 1663 314 1746 106,
335 1664 374 1727 21
392 1661 500 1728 Bekk.
534 1667 632 1743 arque
647 1663 760 1728 eadem
777 1662 909 1744 648,10
930 1661 1013 1726 ἄλλοι
1029 1661 1162 1746 δόρασιν
1178 1664 1221 1726 ότι
1238 1664 1304 1746 ὅρος
1319 1663 1379 1726 ἐστὶ
1395 1664 1479 1746 λόγος
1494 1665 1556 1728 σόν-

195 1789 282 1847 τομος
302 1767 461 1848 δηλωτικδς
480 1771 533 1850 τῆς
552 1765 668 1850 φύσεως
683 1769 734 1828 τοῦ
756 1765 945 1848 ὑποκειμένου
967 1766 1132 1848 πράγματος
1153 1783 1224 1827 cum
1245 1763 1370 1829 Gelono
1392 1764 1431 1831 of.
1448 1765 1555 1842 Quint.

195 1869 255 1932 'vll
271 1869 290 1932 3
309 1875 335 1932 3.
358 1867 475 1934 deiude
490 1865 709 1934 conferendae
723 1866 984 1934 Pseudo-Galeui
1000 1864 1094 1932 defin.
1107 1864 1221 1930 medic.
1233 1865 1313 1930 XIX
1329 1889 1360 1950 p.
1370 1869 1433 1932 348
1445 1889 1491 1951 sq.
1504 1869 1556 1952 Κ.,

196 1989 330 2052 quarum
352 1970 459 2036 duae¹
483 1971 581 2054 plane
597 1969 760 2036 Sextianis
783 1969 1009 2036 suntsimilss.
1044 1967 1126 2034 haee
1149 1967 1191 2032 ad
1214 1969 1423 2036 vetustiorem
1438 1969 1555 2036 librum

195 2072 329 2155 digitum
357 2072 545 2156 intendunt,
572 2071 660 2137 undo
682 2072 827 2138 Galenus
854 2091 938 2154 quae
965 2070 1056 2136 addit
1082 2072 1109 2134 οἱ
1133 2071 1184 2152 μέν
1207 2070 1277 2134 εἰσιν
1300 2071 1451 2142 οὐοιώδεις
1473 2075 1500 2136 οἱ
1524 2075 1556 2136 δὲ

195 2175 398 2258 ἐννογματικοί
419 2174 592 2258 sumpserit
613 2194 747 2240 necesse
770 2180 828 2239 est.
863 2175 981 2240 desunt
1002 2178 1111 2238 autem
1133 2171 1167 2236 in
1190 2170 1300 2238 Sexto.

274 2277 309 2342 0.
325 2279 364 2341 12
380 2277 422 2342 de
438 2275 571 2342 criterio
587 2275 747 2360 convenit,
763 2275 826 2341 nisi
843 2276 929 2358 quod
943 2274 1053 2340 indicii
1069 2274 1190 2357 duplex
1205 2293 1283 2340 usus
1297 2273 1427 2340 inverso
1444 2276 1557 2344 ordino

194 2379 365 2463 protertur.
402 2378 568 2462 praecedit
588 2378 621 2443 in
638 2377 763 2443 Galeno
787 2376 930 2442 definitio
952 2376 1046 2442 alteri
1066 2375 1185 2458 ignota.
1219 2396 1315 2458 quam
1331 2376 1451 2443 Sextus
1472 2378 1556 2444 bene

195 2481 337 2564 explicat
357 2480 610 2546 subdivisionem
633 2485 736 2550 κοινῶς
752 2481 832 2551 ἰδίως
849 2480 1001 2556 ἰδιαίτατα,
1024 2478 1079 2543 ille
1103 2477 1264 2558 significat
1287 2479 1464 2545 dumtaxat.
1495 2500 1555 2546 uec

195 2583 329 2648 multum
351 2582 450 2648 dietat
472 2583 557 2648 c.13
580 2582 622 2648 de
644 2603 731 2648 vero.
758 2603 836 2648 nam
858 2601 942 2665 quae
964 2579 1173 2646 Volkmauuo
1196 2579 1383 2664 discrepare
1405 2580 1556 2648 videntur

195 2684 286 2750 Sexti
307 2687 340 2748 τδ
364 2687 396 2749 δὲ
418 2687 588 2770 ἡγεμονικὸν
611 2690 709 2768 σῶμα.
745 2683 806 2748 ἔστι
828 2685 882 2768 γὰρ
905 2682 967 2748 κατ’
995 2683 1100 2752 αὐτοὺς
1123 2686 1236 2763 πνεῦμα
1259 2689 1357 2765 atque
1383 2682 1500 2750 Galeui
1522 2687 1555 2750 τὸ

193 2789 226 2852 δὲ
248 2789 418 2872 ἡγεμονικόν
445 2792 559 2869 πνεῦμα
585 2787 658 2852 εἶναι
685 2790 766 2852 δοκεῖ
792 2789 863 2872 ὅπερ
894 2785 1085 2870 σωματορυὲτ
1108 2785 1232 2865 μάλιστα
1255 2785 1290 2850 ἂν
1310 2786 1431 2857 εἰκότως
1453 2787 1553 2872 δοκοίη

195 2909 236 2954 ea
256 2888 365 2956 verbis
388 2895 513 2956 tantum
535 2887 698 2954 differunt.
730 2888 861 2972 gravius
884 2894 934 2954 est
960 2908 986 2952 c.
1005 2888 1054 2952 14.
1090 2885 1208 2952 Sextus
1239 2886 1280 2952 de
1303 2887 1461 2958 divisione
1484 2911 1556 2956 con·

194 2991 325 3058 tractior
354 2999 417 3077 est,
445 3013 517 3057 cum
551 2991 739 3058 defiuitione
765 2997 875 3056 careat
901 2997 933 3056 ct
960 2995 1113 3072 quattuor
1141 2988 1299 3072 exemplis
1321 3011 1357 3057 se
1380 2993 1554 3078 contineat,

194 3113 279 3177 quac
304 3095 387 3161 alter
408 3094 507 3160 auxit.
543 3093 708 3158 enimvero
736 3092 779 3157 ad
806 3112 901 3175 quem
928 3112 1095 3158 numerum
1117 3091 1338 3177 adscenderit,
1366 3093 1463 3161 hodie
1489 3117 1554 3162 non

192 3197 258 3262 iam
281 3202 408 3262 constat
430 3194 595 3262 codicibus
623 3193 695 3260 istic
718 3193 884 3260 truncatis.
919 3192 1043 3258 scholia
1070 3199 1178 3258 autem
1202 3193 1405 3278 Dionysiana
1428 3195 1553 3282 [anecd.

194 3299 298 3364 Beklx.
323 3321 353 3383 p.
370 3295 574 3383 679,8sqq.]‚
599 3317 682 3380 quae
703 3317 769 3362 nou
792 3296 863 3362 siue
884 3294 990 3360 fructu
1011 3293 1159 3360 adhiberi
1181 3293 1263 3380 dixi,
1292 3302 1363 3362 octo
1387 3299 1553 3382 praebent

279 3401 373 3467 015
395 3400 437 3465 de
459 3399 734 3466 demonstratione
757 3399 901 3466 eontinet
916 3397 1099 3464 Stoicorum
1122 3396 1302 3463 celebratos
1326 3398 1466 3482 quinque
1489 3403 1554 3467 ἀνα-

192 3504 360 3572 ποδιίκτοος
383 3501 548 3568 Sextianis
576 3508 643 3567 tam
671 3521 830 3583 congruos
857 3500 948 3566 utin
970 3499 1140 3584 proecdosi
1163 3499 1357 3582 desperatae
1379 3502 1556 3568 memoriae

194 3603 268 3669 hinc
296 3605 439 3670 salutare
471 3610 583 3686 petere
617 3601 777 3686 potuerim
806 3601 1000 3668 emendandi
1028 3601 1284 3668 instrumentum.
1318 3623 1417 3668 uuum
1446 3611 1556 3670 tamen

193 3705 399 3772 festinantius
421 3705 464 3768 ad
487 3705 578 3772 Sexti
602 3705 768 3770 modulum
791 3704 990 3770 conformavi
1013 3703 1100 3786 quod
1122 3703 1228 3786 ipsum
1250 3703 1401 3772 diversae
1424 3705 1557 3790 originis

194 3807 347 3874 indicium
370 3815 419 3874 est
441 3807 665 3874 certissimum.
702 3808 778 3891 quid
802 3807 908 3874 enim?
942 3806 1060 3872 Sextus
1094 3805 1238 3889 quintum
1270 3807 1491 3892 syllogismum
1514 3807 1557 3876 ef-

194 3908 259 3974 ficit
288 3911 322 3974 ἐκ
349 3910 548 3992 διεζευγμένου
576 3911 625 3974 καί
658 3915 710 3974 τοῦ
738 3910 933 3992 ἀντικειμένου
961 3911 1024 3980 ἑνὸς
1053 3914 1122 3972 τῶν
1151 3910 1414 3994 ἐπεζευγμένων
1441 3912 1473 3974 τὸ
1501 3915 1557 3976 λοι-

194 4014 248 4076 πδν
271 4015 438 4095 συνάγοντα.
474 4013 550 4097 quid
572 4011 633 4078 suit
657 4031 775 4078 causae
799 4012 943 4095 Salano,
966 4033 1022 4077 cur
1044 4011 1207 4093 ceteroqui
1230 4013 1437 4102 consentiens
1459 4034 1557 4079 unum

194 4117 252 4178 τῶν
272 4115 488 4199 ἐπεζευγμίνων
511 4115 675 4180 mutaret?
703 4133 764 4178 nec
787 4119 908 4180 temere
929 4113 1072 4197 invertit,
1095 4113 1153 4178 sed
1176 4131 1249 4178 enm
1265 4133 1445 4180 sermonem
1467 4116 1557 4182 adhi-

196 4216 266 4281 buit
288 4215 360 4301 (τῶν
382 4219 413 4282 ἐν
435 4225 478 4304 τῷ
502 4213 708 4300 διεζευγμένῳ)
731 4215 785 4297 qni
807 4215 924 4282 Stoicis
952 4215 1012 4282 luit
1033 4215 1067 4280 in
1089 4237 1149 4280 usu
1172 4213 1391 4298 Diogenisque
1414 4217 1489 4298 [VII
1503 4219 1558 4300 80]

196 4320 375 4403 patrocinio
404 4320 484 4386 satis
514 4317 664 4384 munitur.
707 4317 822 4384 hocine
850 4317 892 4384 ab
920 4318 1050 4383 homine
1080 4318 1209 4401 qualem
1236 4323 1271 4380 tu
1300 4317 1493 4401 perspexisti
1520 4339 1560 4386 ea

196 4422 388 4505 praesertim
410 4427 519 4488 aetate
541 4419 595 4486 ubi
620 4425 778 4501 regnante
800 4419 977 4486 Aristotele
1001 4421 1181 4488 Stoicorum
1208 4426 1385 4502 praccepta
1410 4419 1465 4484 diu
1488 4440 1559 4485 cou-

197 4529 321 4606 tempta
343 4523 507 4608 iacebant,
530 4523 572 4588 de
595 4522 663 4588 suis
687 4521 780 4586 bonis
802 4521 951 4586 variandi
973 4542 1073 4588 cansa
1095 4527 1248 4588 novatum
1271 4521 1397 4586 credis?
1426 4523 1559 4606 nullum,

198 4625 275 4690 mihi
299 4625 404 4710 crede,
427 4626 535 4710 aptius
557 4631 607 4692 est
628 4625 827 4708 exemplum,
851 4647 914 4708 quo
938 4626 1115 4692 communis
1142 4623 1242 4690 fontis
1265 4623 1354 4706 origo
1376 4624 1559 4690 necessarie

197 4781 478 4790 ---·—-.--—..--—-·-
502 4783 597 4790 -..ιιι-...-

262 4861 271 4894 ¹
289 4883 314 4929 p.
328 4863 414 4925 349‚2
434 4862 489 4933 ὅρος
508 4865 559 4917 tori
578 4864 617 4918 brol
637 4865 753 4934 βραχείας
772 4863 936 4933 ὑπομνήσεως
959 4867 992 4925 εἰς
1016 4866 1109 4918 ἔννοιαν
1133 4867 1200 4935 ἡμᾶς
1229 4866 1299 4934 ἅγιον
1318 4871 1370 4916 τῶν
1390 4862 1558 4932 ὺπυτεταγμί-

195 4969 245 5002 νων
264 4955 318 5008 ταῖς
336 4956 431 5020 φωναῖς
449 4954 611 5024 πραγμάτων.
641 4952 657 5022 ἡ
677 4951 733 5024 ὅρος
752 4953 803 5004 ἐστὶ
821 4951 894 5022 λόγος
913 4954 941 5006 τό
960 4953 995 5018 (τί
1014 4953 1045 5024 ἦν
1065 4955 1095 5005 cs·
1115 4955 1187 5004 Sext.
1206 4971 1230 5020 p.
1248 4953 1305 5016 106,
1317 4950 1362 5016 21>
1379 4950 1440 5003 εἰναι
1458 4952 1549 5022 δηλῶν.
