3756 5736
343 395 404 460 192
613 397 679 446 xvl
714 399 763 447 DE
784 399 884 448 AETll
903 393 1139 445 PLACITORUM
1159 394 1430 446 COMPOSI'PIONE

340 565 426 629 banc
447 563 626 629 doctrinam
647 563 865 645 Anaxagorae
888 569 921 628 ct
938 562 1130 646 Hippocrati
1153 563 1314 646 persuasit
1336 562 1374 627 cf.
1395 563 1523 644 Menag.
1544 561 1587 626 ad
1604 563 1698 646 Diog.

339 666 418 731 119.
444 665 554 749 itaque
576 671 665 732 recte
687 663 812 730 Placita
824 664 852 728 V
864 667 882 730 i
896 677 913 728 l
927 664 1117 751 Ἀναξαγόρας
1132 664 1315 750 Παρμενίδης
1335 664 1371 728 τὰ
1394 664 1446 746 μὲν
1469 664 1502 727 ἐκ
1523 667 1582 728 τῶν
1600 665 1699 734 δεξιῶν

340 769 574 854 καταβαλλεσδαι
596 769 638 838 εἰς
658 767 695 831 τὰ
716 765 794 836 δεξιὰ
816 767 890 851 μέρη
912 775 965 854 τής
987 772 1098 854 μήτρας
1120 764 1199 853 [scil.
1222 774 1290 832 tum
1312 785 1418 832 marca
1432 763 1543 852 gigni]‚
1565 768 1602 830 τὰ
1619 767 1645 831 δ’
1666 769 1701 832 ἐκ

340 874 399 934 τῶν
421 871 579 956 ἀριστερῶν
603 870 643 940 εἰς
664 870 701 933 τὰ
718 869 854 954 ἀριστερά
876 867 931 957 [sc.
946 869 1095 958 feminas]
1118 869 1157 935 cf.
1181 869 1378 937 Censorinus
1398 868 1470 953 ipse
1485 869 1548 936 V2
1570 873 1701 935 Parme-

340 975 429 1037 nides
450 983 513 1037 lom
535 995 574 1036 ea
597 974 716 1036 doccia
738 980 800 1034 lum
823 993 863 1036 ec
885 974 982 1037 laevir
995 974 1137 1055 portibus
1153 975 1232 1036 oriri
1245 975 1374 1054 putarit.
1407 969 1494 1038 idem
1516 971 1557 1037 de
1572 973 1701 1040 Anaxa·

340 1095 420 1158 gora
441 1073 633 1142 Aristotcles
656 1073 697 1140 de
719 1093 827 1158 gener.
851 1075 949 1142 anim.
965 1077 1043 1142 1v1
1067 1098 1098 1161 p.
1115 1075 1195 1141 '163¹’
1218 1076 1258 1140 31
1358 1074 1418 1138 οῖον
1437 1073 1628 1161 Ἀναξαγόρας
1650 1079 1699 1142 καὶ

340 1177 432 1262 ἕτερον
453 1183 512 1242 τῶν
534 1177 726 1264 φυσιολόγων.
756 1177 890 1260 γίνεσθαί
910 1201 942 1242 τε
962 1179 1016 1264 γὰρ
1039 1179 1072 1242 ἐκ
1094 1182 1146 1241 τοῦ
1168 1176 1286 1262 ἄρρενος
1307 1179 1340 1240 τδ
1363 1178 1488 1262 σπέρμα,
1510 1179 1544 1241 τδ
1567 1179 1601 1242 δὲ
1622 1179 1700 1264 δῆλα

340 1282 477 1369 παρέχειν
499 1283 548 1346 τδν
570 1280 658 1344 τόπον
681 1281 729 1345 καλ
751 1279 823 1345 είναι
844 1283 878 1346 τδ
902 1282 954 1365 μὲν
976 1281 1060 1366 ἄρρεν
1087 1283 1121 1346 ἐκ
1146 1284 1204 1344 τῶν
1228 1277 1327 1349 δεξιῶν
1353 1281 1443 1344 ectu
1470 1280 1547 1366 δῆλα
1577 1282 1611 1346 ἐκ
1640 1287 1699 1348 τῶν

340 1386 498 1472 ἀριστερῶν
528 1386 577 1450 καλ
601 1389 653 1469 τῆς
681 1384 802 1468 ὑστέρας
829 1383 866 1448 τό
889 1385 941 1466 μὲν
963 1383 1069 1469 ἄρρενα
1090 1385 1120 1448 ἐν
1143 1389 1202 1454 τοῖς
1224 1383 1324 1453 δεξιοῖς
1346 1381 1418 1447 εἶναι
1440 1384 1476 1446 τὰ
1498 1385 1530 1447 δὲ
1552 1386 1647 1470 θήλεα
1669 1387 1700 1450 ἐν

339 1493 399 1559 τοῖς
421 1489 591 1574 ἀριστεροῖς.
626 1484 665 1551 cl.
688 1485 814 1572 Philop.
836 1487 881 1554 ad
902 1487 933 1552 h.
957 1486 978 1552 l.
1001 1485 1129 1573 (Venet.
1152 1485 1294 1570 1526)·1.
1310 1487 1372 1552 81v
1397 1489 1447 1552 16.

426 1588 632 1674 Empedoclis
659 1588 821 1656 sententia
848 1609 944 1672 quam
977 1587 1142 1671 coniungit
1172 1588 1369 1656 Censorinus
1400 1591 1497 1674 plane
1524 1590 1590 1656 alia
1618 1597 1698 1674 erat,

339 1691 609 1775 quemadmodum
638 1711 709 1756 cum
735 1689 791 1755 alii
818 1697 884 1756 tum
911 1691 1103 1757 Aristotcles
1126 1691 1147 1756 l.
1163 1712 1189 1756 c.
1213 1691 1345 1757 docet.l
1389 1712 1463 1758 nam
1490 1692 1534 1758 ad
1556 1693 1697 1758 calorem

339 1795 447 1860 omnia
468 1795 591 1861 rettulit
605 1792 828 1877 Empedocles.
862 1793 905 1858 ad
928 1793 1011 1860 hanc
1031 1795 1137 1859 lucem
1159 1813 1312 1877 compara
1328 1793 1498 1860 Censorini
1521 1794 1622 1860 verba
1641 1797 1662 1859 6
1681 1803 1698 1856 5

338 1911 372 1965 ot
391 1903 472 1964 inter
493 1921 527 1964 σε
548 1909 670 1964 certare
684 1932 724 1942 -
741 1896 953 1979 Ακαιεαροιαε
974 1897 1236 1979 Εαιροᾶοοίαιριιε
1257 1901 1458 1961 consentiunt.
1495 1898 1592 1980 quid?
1622 1919 1696 1964 con-

338 2003 481 2069 cordiam
508 2001 601 2067 linxit
629 1997 825 2065 Censorinus
853 1998 937 2066 inter
966 2019 1022 2066 eos
1050 2019 1131 2082 quos
1158 1999 1340 2066 contrariae
1367 2000 1502 2066 rationis
1531 2007 1697 2084 tamquam

338 2105 537 2189 exemplaria
560 2095 694 2187 opponit
713 2099 928 2168 Aristoteles?
960 2100 1049 2184 atqui
1075 2108 1164 2167 recte
1189 2101 1222 2165 in
1244 2101 1393 2184 proxima
1415 2104 1468 2184 §7
1492 2102 1698 2186 Empedoclis

338 2207 492 2290 placitum
513 2205 584 2290 ipsc
607 2202 804 2271 Censorinus
826 2203 1010 2288 explicavit.
1044 2223 1106 2287 age
1128 2209 1291 2269 mutentur
1313 2203 1402 2270 vices
1423 2204 1697 2288 Parmenidcsqu'e

336 2307 370 2373 in
393 2306 600 2391 Empedoclis
621 2305 727 2372 locum
756 2303 977 2370 substituatur.
1015 2312 1082 2370 tum
1109 2324 1221 2371 veram
1247 2304 1384 2372 habebis
1412 2313 1444 2372 et
1466 2306 1597 2372 Placitis
1625 2327 1698 2372 con-

337 2429 451 2475 sonam
474 2407 668 2494 opinionem.
701 2405 908 2490 Empedoclis
930 2409 1049 2474 lemma
1071 2413 1128 2472 aut
1150 2406 1313 2473 residuum
1336 2413 1386 2473 eet
1408 2408 1528 2475 omissa
1546 2408 1697 2493 opinione

336 2516 393 2576 aut
415 2509 587 2595 repetitum
609 2529 650 2576 σι
672 2507 855 2591 insequenti
871 2509 1087 2594 paragrapho,
1110 2528 1194 2592 quae
1209 2509 1252 2575 ab
1267 2508 1465 2593 Empedocle
1485 2509 1606 2595 incipit.
1638 2509 1695 2576 sed

337 2611 425 2696 prior
454 2611 617 2679 sententia
644 2630 730 2677 nunc
756 2611 908 2678 lemmate
935 2619 1032 2678 caret.
1077 2610 1228 2694 quocirca
1251 2611 1471 2678 Democritum
1498 2612 1697 2679 descendere

336 2712 515 2798 iubeamus,
538 2713 628 2780 cuius
649 2711 757 2779 vicina
777 2710 812 2777 in
834 2711 967 2780 Placitis
989 2721 1021 2780 et
1043 2713 1218 2779 Aristotele
1244 2713 1400 2780 memoria
1429 2715 1524 2781 aliter
1545 2719 1697 2780 accurate

337 2835 409 2882 cum
431 2815 610 2884 Censorino
632 2835 699 2881 non
722 2818 829 2898 potest
853 2815 1026 2882 conciliari.
1072 2819 1213 2882 ceterum
1240 2813 1284 2879 ad
1310 2815 1449 2882 eundem
1474 2816 1613 2882 sonasse
1634 2815 1697 2880 De

263 2983 280 2993 ,
337 2918 504 2984 moenitum
527 2915 690 3002 pertinent
711 2935 796 3000 quac
816 2915 933 2984 Stoicis
955 2919 1042 3002 apud
1057 2916 1185 2982 Attium
1200 2916 1228 2980 V
1245 2918 1283 2982 11
1304 2925 1320 2977 3
1343 2938 1495 3000 perverse
1510 2919 1696 2986 continuan-

337 3027 389 3086 tur
411 3021 565 3106 προίεσθαι
588 3021 621 3085 δὲ
643 3022 692 3084 καλ
714 3022 766 3105 τὴν
788 3025 908 3103 γυναῖκα
930 3021 1058 3106 σπέρμα·
1082 3018 1135 3082 κᾶν
1159 3019 1210 3100 μὲν
1233 3019 1415 3104 ἐπικρατήσῃ
1437 3023 1470 3083 τδ
1490 3028 1543 3107 τῆς
1563 3023 1695 3105 γοναικδς

338 3123 438 3207 ὅμοιον
460 3123 532 3188 εἶναι
554 3126 588 3188 τδ
610 3125 787 3207 γεννώμενον
809 3127 846 3205 τῇ
871 3124 968 3208 μητρί,
991 3124 1040 3188 ἐὰν
1063 3124 1096 3186 δὲ
1118 3124 1151 3186 τδ
1174 3126 1225 3184 τοῦ
1248 3122 1350 3206 ἀνδρὸς
1368 3129 1411 3208 τῷ
1426 3125 1514 3210 πατρί
1533 3123 1572 3190 cf.
1589 3125 1618 3191 V
1632 3126 1653 3191 5
1672 3133 1696 3185 1.

337 3225 523 3293 Democrito
545 3225 642 3308 igitur
663 3224 697 3290 in
719 3222 868 3308 proxima
891 3224 1025 3292 traiecto
1048 3229 1122 3309 post
1136 3222 1321 3306 Hipponem
1343 3225 1398 3307 §b
1421 3245 1486 3292 una
1506 3225 1696 3309 relinquitur

336 3327 490 3414 anonymi
512 3327 689 3413 sententia,
718 3345 814 3411 quam
841 3325 909 3391 noli
930 3346 1003 3392 cum
1024 3324 1184 3410 Hipponis
1206 3324 1310 3390 altera
1331 3326 1365 3390 in
1388 3327 1520 3394 Placitis
1544 3327 1695 3412 opinione

336 3432 390 3516 §l
414 3431 440 3495 εί
462 3432 515 3515 μὲν
530 3433 550 3515 ἡ
565 3431 635 3516 γονή
658 3431 826 3515 κρατήσειεν
849 3428 945 3515 ἄρρεν,
967 3429 993 3494 εἰ
1016 3429 1041 3494 δ’
1062 3428 1191 3515 ἡτροφη
1215 3427 1292 3512 θῆλυ
1315 3449 1519 3515 componere.
1553 3429 1611 3496 aed
1626 3429 1695 3496 ficri

336 3539 444 3618 petest
473 3539 509 3598 ut
537 3533 659 3617 duplex
692 3532 762 3598 eius
794 3532 951 3597 memoria
977 3530 1188 3598 Censorinum
1214 3529 1248 3594 in
1276 3533 1441 3598 oculorum
1475 3551 1616 3599 errorem
1649 3531 1696 3596 in·

335 3634 473 3719 duxerit,
495 3654 591 3718 quern
613 3641 742 3701 ceterae
763 3633 878 3700 turbae
899 3637 1016 3717 sponte
1031 3631 1257 3716 sequebantur.
1293 3652 1394 3717 pergo
1410 3634 1606 3700 Placitorum
1621 3651 1694 3698 con-

336 3743 463 3804 centum
485 3733 719 3803 demonstrare.

378 3841 433 3905 66
468 3859 597 3921 qucum
626 3841 788 3922 opiniones
815 3847 848 3902 ut
871 3838 909 3901 cc
929 3838 988 3900 buc
1083 3837 1170 3903 Plac
1187 3836 1216 3902 V
1232 3839 1271 3902 11
1306 3837 1396 3902 ribei
1418 3839 1540 3921 γίνονται
1569 3843 1627 3904 τῶν
1648 3863 1694 3922 γο-

336 3943 438 4024 specie
454 3961 610 4024 conprrtac
623 3943 670 4006 ila
685 3941 724 4005 dc
737 3941 989 4004 similitudine
1040 3939 1112 4004 νέων
1135 3940 1165 4002 αἱ
1192 3941 1346 4022 ὁμοιώσεις
1376 3940 1423 4004 καὶ
1450 3946 1508 4006 τῶν
1535 3941 1694 4026 προγόνων.

338 4045 541 4109 liberorum
562 4045 730 4128 dispariles

376 4167 470 4229 ιαρεν
495 4167 558 4230 quc
587 4169 623 4214 re
651 4145 853 4230 Empedocles
877 4145 987 4224 ἄλιμα-
1082 4143 1199 4208 Vlll
1235 4141 1433 4231 Ἐμπεδοκλῆς
1460 4147 1633 4231 ὁμοιότητας
1655 4115 1708 4229 ql(

335 4251 547 4315 trituratione
577 4252 657 4316 lolia
682 4249 846 4332 ρτοίσίανι
872 4249 902 4310 σι’
925 4264 988 4328 ραι
1011 4277 1014 4330 γ
1039 4245 1140 4310 νεσδαι
1162 4243 1226 4310 κατ’
1255 4248 1435 4333 ἐπικράτειαν
1456 4253 1515 4314 τῶν
1540 4269 1694 4334 σπερματι-

405 4439 414 4470 ¹
433 4441 615 4492 Parmenidem
627 4449 653 4492 et
664 4439 848 4505 Empedoclem
859 4453 950 4503 parum
962 4439 1024 4488 scite
1037 4437 1167 4502 copularit
1179 4440 1256 4490 ετίειιι
1269 4438 1382 4490 Galenus
1396 4439 1429 4490 ad
1441 4439 1565 4504 Hippocr.
1584 4439 1693 4503 opidcm.

333 4527 373 4578 IV
387 4524 412 4590 2,
431 4527 538 4580 XVIII
561 4545 587 4594 p.
603 4524 709 4579 100211.
737 4522 766 4576 ri
793 4523 877 4593 μίντοι
900 4521 972 4592 ἄρρεν
995 4521 1020 4573 ἐν
1042 4527 1079 4591 τῷ
1102 4519 1173 4592 δεξιῷ
1198 4523 1266 4594 pipat
1287 4527 1333 4593 τῆς
1355 4523 1452 4594 μήτρας
1478 4521 1624 4576 κυΐσκεσθαι
1650 4524 1694 4575 καὶ

334 4609 405 4664 ἄλλοι
421 4616 473 4664 τῶν
491 4611 670 4666 παλαιοτάτων
688 4610 784 4682 ἀνδρῶν
803 4609 937 4680 εἰρήκασιν.
960 4607 973 4660 δ
996 4607 1041 4676 μίν
1063 4607 1110 4677 γὰρ
1133 4604 1288 4681 Παρμενίδης
1310 4608 1391 4669 οὕτως
1410 4609 1458 4682 ἔφη
1479 4608 1630 4682 ιδιξιτιροῖσι
1649 4610 1694 4678 μὲν

334 4697 432 4770 κοδροις
449 4697 538 4753 λαιοῖσι
556 4698 576 4753 δ’
597 4698 629 4754 αὖ
647 4694 760 4770 κοόριις’,
778 4694 824 4750 ὁδ’
838 4693 1009 4765 Ἐμπεδοκλῆς
1021 4690 1102 4752 οὕτως
1116 4691 1160 4748 ιίν
1172 4696 1218 4766 γὰρ
1231 4693 1376 4767 θερμοτέρῳ
1387 4697 1416 4750 τὸ
1429 4695 1488 4752 κατ’
1503 4697 1593 4769 ἄρρενα
1605 4695 1694 4750 ἔπλετο

332 4786 404 4858 γαίης
422 4787 466 4840 καὶ
484 4786 587 4856 μίλανις
609 4786 648 4840 διὰ
669 4788 744 4838 τοῦτο
766 4785 811 4838 καλ
833 4782 1024 4855 ἄνδριοδίσττροι
1047 4780 1131 4852 ἄνδρες
1154 4783 1198 4835 καὶ
1216 4781 1364 4853 λαχνήεντες
1383 4783 1485 4853 μᾶλλον.
1504 4766 1531 4838 in
1551 4801 1629 4838 caum
1646 4787 1695 4836 fult

332 4878 441 4929 fortune
460 4877 530 4942 quod
548 4877 700 4928 Aristoteles
719 4876 736 4926 l.
756 4889 777 4926 c.
796 4891 820 4940 p.
832 4871 901 4928 765·
915 4871 950 4925 35
972 4880 1105 4936 utramque
1130 4873 1256 4924 rationem
1281 4887 1327 4924 sno
1352 4873 1476 4926 arbitratu
1499 4873 1692 4936 quodammodo

334 4965 472 5016 conciliare
491 4971 598 5016 οοιιειιιε
617 4971 662 5014 cst
