3708 5732
306 355 367 418 152
631 359 670 406 XI
706 359 755 406 DE
776 358 972 408 HlPPOLY'H
990 355 1337 408 PHILOSOPHUMENIS

305 523 423 608 dicent,
448 533 482 591 ut
502 525 686 592 Heraclidis
702 523 826 590 Pontici
843 524 980 590 obscura
1001 524 1158 590 memoria
1179 525 1354 610 Ioseppum
1376 523 1551 608 deceperit,
1574 523 1667 589 cuins

306 626 348 690 de
359 627 548 711 Pythagora
563 629 683 712 scripta
698 626 750 709 [ei.
762 626 889 692 Usener
905 628 925 692 l.
935 647 962 691 c.
978 627 1058 692 432¹
1075 627 1221 710 Bemays
1233 625 1396 710 Theophr.
1411 648 1443 710 p.
1454 629 1516 692 142
1529 627 1667 693 Mueller

307 728 405 794 ΓΗΘ
426 731 458 794 Π
479 731 574 812 197⁸]
606 729 704 796 etiam
731 737 799 794 tum
826 727 971 794 Iulianus
999 727 1047 814 [fr.
1071 731 1091 793 6
1117 728 1245 812 epistnl.
1268 729 1318 794 ed.
1341 727 1465 813 Hayler
1486 750 1518 812 p.
1535 731 1597 794 153
1625 729 1665 793 cf.

306 830 421 896 Rohde
446 831 528 897 Mne.
550 831 609 896 Rh.
633 831 763 896 XXXII
786 832 845 896 331
860 831 882 914 ¹]
915 831 1071 916 suspexit.
1114 830 1170 894 alii
1196 829 1400 895 meminerint
1426 829 1565 896 fortasse
1591 831 1667 914 Epi-

307 932 462 1016 phanium
477 933 686 998 christianum
708 939 741 998 et
755 932 860 1016 ipsum
875 933 1063 1016 scriptorem
1080 931 1243 996 constanti
1261 951 1369 998 errore
1385 931 1619 1016 Peripateticos
1634 941 1669 999 et

308 1033 532 1118 Pythagoreos
553 1033 737 1102 confudisse
757 1034 1026 1118 anacephalaeos.
1049 1056 1081 1119 p.
1099 1035 1347 1100 1211211132.
1378 1033 1456 1118 quid
1477 1041 1537 1118 est,
1559 1034 1670 1100 dicent

307 1135 370 1220 isti,
392 1135 478 1218 quod
500 1137 683 1220 loseppum,
707 1135 805 1202 etiam
826 1136 1037 1203 indoctiorem
1059 1138 1258 1221 scriptorem,
1281 1137 1425 1203 eiusdem
1447 1137 1573 1220 peccati
1592 1137 1669 1203 insi·

308 1237 432 1302 molare
452 1238 644 1321 prohibeat?
675 1239 757 1304 haec
783 1238 852 1304 iere
874 1239 1010 1322 proferri
1032 1245 1168 1324 possunt
1194 1238 1236 1304 de
1263 1238 1472 1322 Pythagoreo
1493 1239 1669 1306 Heraclide

308 1338 375 1402 alia
395 1338 469 1403 aliis
490 1341 718 1425 probabiliora,
742 1339 821 1407 certi
842 1347 878 1404 ut
899 1341 933 1406 in
955 1343 1012 1407 tali
1035 1343 1191 1426 scriptore
1212 1339 1302 1404 nibil.

395 1441 446 1507 De
468 1443 651 1509 Heraclidei
674 1443 746 1508 libri
769 1442 875 1508 indice
898 1445 995 1526 paulo
1019 1443 1201 1529 expeditior
1222 1441 1376 1525 quaestio.
1400 1443 1537 1526 primum
1561 1463 1669 1509 occur·

309 1543 444 1608 rendum
471 1552 520 1610 est
546 1546 674 1629 eisqui
701 1545 815 1628 viginti
845 1553 951 1612 sectas
977 1567 1049 1612 cnm
1075 1566 1133 1611 sex
1156 1545 1322 1629 Epitomes
1346 1542 1436 1610 libris
1458 1564 1571 1628 parum
1595 1566 1669 1612 con-

310 1645 418 1712 cinere
439 1645 557 1712 dicant.
596 1648 655 1714 sed
676 1647 739 1714 hoc
761 1647 863 1730 primo
888 1649 1001 1714 obtutu
1022 1654 1161 1732 apparet
1182 1666 1249 1712 non
1273 1645 1426 1711 librorum
1449 1648 1503 1712 vel
1526 1647 1669 1731 capitum

310 1747 471 1830 quendam
495 1749 641 1816 ordinem
664 1750 804 1833 excerpi,
827 1750 885 1816 sed
907 1749 1120 1816 successionis
1143 1748 1284 1814 schema.
1319 1767 1397 1814 nam
1419 1749 1481 1814 VII
1502 1749 1670 1833 sapientes

310 1855 384 1933 post
406 1849 558 1934 physicos
588 1852 692 1935 primo
722 1853 828 1936 capite
851 1853 1019 1918 absolutes
1041 1850 1172 1916 tractari
1195 1871 1260 1916 nou
1283 1857 1443 1933 poterant.
1488 1858 1523 1916 at
1543 1852 1577 1918 in
1598 1873 1671 1936 pro-

311 1950 416 2016 oemio
439 1952 491 2018 l.l
513 1961 642 2038 poterat
664 1975 768 2020 sermo
791 1955 934 2022 incidere
956 1955 998 2021 de
1020 1953 1164 2038 physicis
1182 1972 1203 2017 a
1218 1952 1355 2018 Thalete
1377 1953 1573 2037 repetendis,
1596 1974 1669 2020 oum

311 2072 374 2135 quo
391 2053 614 2137 theologorum
635 2055 670 2119 id
691 2062 741 2122 est
757 2055 888 2120 Homeri
903 2055 1036 2122 Hesiodi
1057 2055 1236 2140 Phercydis
1259 2061 1292 2121 et
1305 2056 1367 2120 VH
1388 2055 1582 2140 sapientium
1605 2077 1672 2122 me-

312 2154 424 2238 moria,
447 2163 482 2220 ut
503 2155 572 2221 fieri
594 2158 692 2238 solet,
716 2157 887 2222 coniuncta
909 2165 988 2222 erat.
1033 2158 1098 2222 iam
1120 2175 1199 2222 vero
1223 2155 1297 2222 hinc
1319 2157 1460 2242 corrupti
1481 2159 1516 2224 in
1537 2159 1670 2242 Ioseppi

312 2255 395 2318 tituli
419 2257 516 2339 paule
539 2257 657 2325 certior
679 2259 808 2325 medela
829 2259 957 2342 petitur.
995 2279 1071 2325 nam
1093 2258 1126 2322 in
1147 2256 1275 2324 traditis
1295 2278 1356 2324 nec
1378 2243 1484 2326 minus
1506 2261 1539 2326 in
1562 2281 1670 2328 ernen-

312 2356 396 2420 ‹latis
417 2357 460 2421 ab
475 2343 621 2425 Usenero
644 2359 752 2425 verbis
773 2360 859 2424 idem
882 2367 915 2426 et
937 2363 1044 2446 βιβλίαν
1068 2367 1102 2428 et
1123 2363 1314 2444 πραγματεία.
1347 2361 1550 2428 desideratur
1572 2362 1671 2445 igitur

198 2459 201 2464 '
311 2478 463 2524 numerus
485 2460 566 2526 libri.
611 2481 687 2528 ecce
709 2461 786 2544 quid
807 2461 885 2526 mihi
908 2464 1052 2546 placeat:
1080 2464 1110 2526 ἐν
1136 2469 1178 2546 τῷ
1202 2467 1311 2548 πρώτῳ
1337 2469 1390 2547 τῆς
1412 2468 1477 2548 περὶ
1500 2467 1669 2552 φιλοσόφων

312 2561 451 2644 αἱρέσεων
474 2564 670 2648 πραγματείας
692 2565 781 2628 αὐτοῦ
805 2566 917 2650 βιβλίῳ.
951 2565 1059 2631 differt
1082 2565 1262 2630 Heraclidis
1284 2565 1445 2632 indiculus
1467 2587 1508 2633 ca
1529 2568 1671 2634 maxime

312 2686 348 2731 re
369 2665 573 2750 aSotioneo,
595 2665 682 2749 quod
706 2672 858 2748 quattuor
880 2667 1069 2750 posterioris
1092 2667 1247 2751 temporis
1269 2674 1379 2736 sectae
1394 2669 1589 2736 Academica
1611 2671 1671 2736 Pe

312 2768 482 2853 ripatetica
504 2767 615 2834 Stoica
637 2768 798 2852 Epicurea
824 2769 1038 2838 successionis
1064 2768 1167 2834 ordini
1194 2768 1394 2853 interceptae
1421 2769 1517 2836 finem
1538 2771 1671 2837 faciunt.

313 2870 474 2936 consentit
505 2891 577 2935 cum
609 2870 670 2934 hac
701 2870 826 2937 ratione
856 2871 1052 2956 Hippolytus
1083 2870 1137 2954 qui
1169 2871 1309 2955 Epicuro
1336 2872 1537 2957 Pyrrhonem
1568 2873 1672 2958 addit,

312 2995 407 3058 quem
435 2971 617 3038 Heraclidis
652 2972 813 3040 successio
841 2993 913 3038 eum
946 2975 1127 3057 Protagora
1154 2972 1329 3040 coniunxit.
1377 2981 1476 3058 atque
1510 2974 1591 3041 haec
1621 2981 1673 3041 eat

312 3075 454 3158 vulgaris
483 3075 692 3142 consuetudo.
736 3075 770 3139 in
792 3074 923 3142 Laertio
953 3075 1038 3142 enim
1065 3076 1303 3160 Xenophanem
1325 3075 1522 3160 Eleatesque
1551 3077 1672 3162 exeipit

296 3165 495 3262 'Leucippus
518 3198 591 3260 curn
612 3179 805 3262 Protagora,
833 3183 900 3242 tum
921 3178 1101 3262 Diogenem
1124 3178 1355 3264 Apolloniaten
1377 3177 1672 3262 Anaxarchumqne

312 3281 508 3365 Pyrrhonei,
531 3281 617 3347 unde
639 3279 797 3363 Epicurus
819 3279 993 3346 derivatur.
1037 3279 1123 3346 idem
1146 3287 1283 3348 stemma
1305 3279 1449 3347 Galenus
1471 3280 1615 3364 sequitur
1637 3280 1670 3346 h.

312 3387 390 3471 phil.
414 3389 476 3453 c.3
500 3393 533 3452 et
557 3385 706 3451 Clemens
728 3382 779 3446 Al.
796 3383 911 3449 Strom.
934 3383 951 3447 Ι
973 3403 1004 3466 p.
1021 3384 1127 3450 352Ρ.
1161 3403 1288 3450 summa
1309 3383 1483 3450 similitudo
1506 3403 1578 3450 cnm
1593 3382 1673 3467 Hip-

312 3488 444 3573 polyteo
469 3489 582 3555 ordine
609 3485 704 3552 istinc
728 3490 777 3550 est
799 3485 991 3569 repetenda,
1019 3485 1106 3568 quod
1133 3485 1324 3551 Heraclides
1349 3485 1571 3571 Pythagoram
1598 3485 1672 3550 Em·

311 3591 480 3674 pedoolem
495 3588 695 3656 Heraclitum
718 3586 906 3652 coniunctos
927 3594 1005 3653 ante
1019 3588 1154 3654 Eleates
1176 3595 1352 3654 enumerat
1388 3607 1463 3654 narn
1485 3587 1539 3653 rix
1562 3593 1672 3672 potest

311 3693 400 3758 credi
426 3692 469 3758 ab
495 3692 561 3758 alio
590 3691 656 3756 ullo
680 3689 837 3774 scriptore
863 3689 979 3754 iterum
1006 3697 1073 3756 tam
1095 3691 1253 3757 absonam
1275 3689 1533 3758 coniunctionem
1555 3709 1671 3774 propo-

311 3795 406 3861 sitam
429 3795 536 3860 esse.¹
570 3793 632 3859 hoc
659 3791 738 3856 satis
765 3797 830 3876 est,
861 3791 947 3858 unde
974 3791 1072 3858 etiam
1095 3791 1301 3860 Heraclidem
1322 3792 1407 3858 inter
1433 3791 1539 3858 sontes
1569 3791 1671 3858 fuisse

311 4089 439 4125 merorum
457 4071 634 4122 inventionem
653 4067 800 4117 vindicante
819 4067 880 4116 citat
897 4068 1026 4134 Porphyr.
1045 4071 1071 4120 in
1090 4070 1200 4121 Ptolem.
1220 4071 1301 4120 barm.
1320 4086 1344 4134 p.
1358 4065 1410 4119 213
1429 4067 1473 4118 ini.
1486 4069 1529 4118 W.
1553 4075 1670 4134 tempora

310 4161 470 4212 conveniunt
487 4159 514 4208 in
532 4156 697 4207 Heraclidem
715 4156 853 4206 Ponticum
871 4158 1064 4220 grammaticum
1087 4157 1134 4208 sub
1153 4157 1263 4208 Claudio
1282 4165 1308 4208 et
1325 4158 1430 4208 Nerone
1452 4156 1600 4218 florentem,
1623 4157 1669 4206 sed

310 4249 375 4299 nihil
399 4249 449 4298 nisi
471 4246 639 4310 grammatica
667 4244 688 4292 is
714 4243 863 4292 tractavisse
887 4243 997 4294 ridetur.
1036 4246 1067 4294 cs.
1090 4245 1244 4309 Bernhardy
1267 4245 1300 4294 ad
1323 4242 1396 4296 Snid.
1420 4259 1440 4292 s.
1464 4261 1488 4290 v.
1508 4237 1671 4312 Ἡρακλείδης

310 4329 439 4390 Ποντικός.
481 4348 564 4396 neque
589 4331 752 4382 Heraclidem
776 4329 901 4380 Lembum
924 4333 1032 4382 musices
1059 4334 1179 4397 isagoges
1206 4334 1357 4397 scriptorem
1383 4333 1533 4397 intellegere
1560 4331 1672 4382 debebat

309 4423 394 4472 Zeller
412 4419 442 4471 1⁴
462 4417 523 4472 372.
559 4435 619 4470 nam
643 4427 681 4468 est
704 4419 802 4481 aliquid
820 4420 887 4468 inter
905 4421 1095 4471 successionum
1115 4429 1140 4472 et
1158 4420 1336 4485 Pythagoreas
1354 4420 1463 4469 musices
1482 4420 1671 4484 compendium.

383 4506 390 4538 ¹
410 4510 441 4558 de
457 4509 624 4558 successionis
638 4507 782 4556 enchiridio
794 4506 827 4556 ab
839 4506 954 4557 Eusebio
968 4509 1107 4572 compilato
1121 4525 1146 4572 p.
1163 4506 1212 4560 169
1225 4507 1332 4556 dicetur.
1351 4506 1378 4556 id
1396 4509 1513 4558 similiter
1530 4509 1605 4572 ponit
1615 4509 1670 4558 He-

308 4599 424 4647 raclitum
443 4605 502 4662 post
519 4595 704 4660 Empedoclem
722 4596 749 4644 X
770 4591 843 4644 1414
864 4591 907 4643 τδν
930 4593 975 4660 μὲν
998 4591 1041 4644 οὖν
1060 4589 1208 4663 Πυθαγόραν
1233 4590 1355 4654 διεδέξατο
1375 4589 1463 4645 Θιανὼ
1486 4592 1582 4662 brari]
1602 4592 1628 4644 ol
1643 4611 1670 4644 ra

309 4681 357 4734 uici
380 4679 457 4733 abrai
481 4676 614 4751 Τηλαυγὴς
636 4679 680 4731 aci
703 4674 869 4748 Μνήσαρχος,
892 4675 1036 4750 Τηλαογοῦς
1059 4679 1085 4733 δδ
1103 4677 1273 4750 Ἐμπεδοκλῆς
1297 4679 1422 4750 ἀκουστὴς
1443 4681 1533 4750 γίνεται
1554 4675 1616 4731 καθ’
1643 4677 1670 4730 ὃν

305 4765 464 4839 Ἡράκλειτος
487 4766 500 4820 δ
523 4767 647 4826 σκοτεινὸς
671 4767 815 4837 ἐγνωρίζετο
829 4768 875 4831 (1).
911 4771 1029 4820 Laertius
1048 4771 1232 4836 Empedoclem
1255 4777 1281 4820 et
1300 4771 1457 4822 Heraclitum
1475 4772 1526 4825 τοῖς
1544 4765 1670 4838 σποράδην

309 4859 440 4922 adscribit,
463 4859 508 4910 sed
527 4866 612 4908 tamen
630 4857 703 4908 illum
716 4841 833 4908 ordinem
846 4857 958 4922 quodam
971 4860 1048 4910 modo
1064 4858 1208 4912 confirmet.
1231 4859 1258 4911 in
1276 4860 1439 4911 successione
1456 4859 1588 4924 prooemii
1607 4855 1621 4922 ἐ
1637 4853 1668 4911 15

310 4949 468 5002 omittuntur,
