3710 5730
330 401 371 465 58
401 375 407 384 ’
792 406 830 454 rr
866 405 915 453 os
935 403 1037 453 seru
1055 401 1221 453 rnscrrrs

332 577 440 637 tamen
474 573 707 658 supplementis
741 593 807 638 non
843 578 941 638 caret.
989 571 1047 636 sed
1073 571 1115 636 de
1142 570 1193 636 his
1221 568 1305 635 infra
1333 567 1466 635 dicetur.
1516 569 1691 652 quievero

331 675 442 740 credat
470 683 544 760 post
569 675 728 761 principia
755 673 866 739 mundi
891 673 1047 739 fabricam
1077 672 1259 757 expositum
1286 671 1343 757 iri,
1371 691 1443 738 cum
1472 669 1690 754 cosmologiae

329 778 412 844 alter
427 777 508 844 liber
523 777 704 844 destinatus
718 776 783 844 sit?
804 783 839 842 at
854 775 947 842 libuit
961 776 1055 842 Aetio
1071 797 1098 842 c.
1110 778 1142 859 4,
1161 781 1197 840 ut
1213 775 1376 840 clementa
1390 773 1551 856 quomodo
1566 772 1691 840 cubent

329 880 361 945 in
385 880 537 946 mundum
559 881 699 946 doceret.
744 878 933 944 conectendi
955 879 1096 946 studium
1117 883 1256 962 apparet
1276 875 1368 941 initio
1395 879 1411 940 ὁ
1438 877 1551 940 τοίνυν
1580 876 1691 958 κόσμος

329 987 361 1047 et
372 981 407 1046 in
419 983 570 1048 extremis
581 983 618 1045 τὰ
631 982 690 1064 μὲν
707 978 765 1043 οὖν
782 983 945 1065 κυριώτατα
958 982 1032 1067 μέρη
1047 986 1099 1046 τοῦ
1115 983 1226 1064 κόσμου
1240 981 1290 1044 τὸν
1302 979 1407 1065 τρόπον
1421 983 1521 1042 τοῦτον
1536 979 1688 1062 ἐγεννήθη.

330 1103 413 1168 quae
444 1084 636 1149 interiacent
662 1102 768 1164 neque
795 1082 837 1147 ab
863 1083 957 1150 Aetio
984 1085 1055 1169 ipso
1079 1083 1227 1169 proiecta
1253 1101 1358 1164 neque
1386 1101 1427 1146 cx
1453 1079 1596 1162 genuina
1617 1081 1691 1145 Pla·

330 1186 464 1252 citorum
489 1183 721 1250 consuetudine
742 1184 829 1250 dicta
844 1193 928 1251 sunt.
950 1187 1035 1252 inest
1062 1186 1147 1253 enim
1173 1185 1267 1250 nnius
1288 1183 1419 1268 Epicuri
1441 1203 1483 1249 ex
1504 1182 1690 1248 Democrito

329 1287 529 1354 conformata
545 1286 701 1370 doctrina,
724 1307 820 1369 quam
836 1287 1030 1371 simulatque
1045 1287 1195 1353 Lucretio
1211 1287 1340 1353 conlato
1362 1284 1520 1368 adgnovit
1534 1283 1691 1350 Coruinus

329 1389 466 1477 [dissert.
490 1389 533 1454 ad
555 1387 720 1454 Plutarchi
743 1388 784 1454 de
806 1391 889 1473 plac.
912 1411 943 1473 p.
959 1387 1019 1476 III]
1041 1409 1107 1454 non
1135 1389 1205 1454 sine
1230 1388 1336 1454 fructu
1363 1393 1591 1471 compararunt
1621 1386 1692 1470 phi·

330 1493 498 1578 losophiae
521 1510 659 1575 graecae
684 1496 890 1556 enarratores
913 1490 951 1555 cl.
975 1491 1082 1556 Zeller
1103 1493 1134 1556 1⁴
1150 1492 1224 1556 794¹
1242 1488 1319 1556 798¹
1340 1489 1434 1574 1111,
1451 1487 1536 1555 380³.

415 1595 525 1678 Pergit
547 1593 683 1677 scriptor
706 1611 831 1657 unusne
852 1611 896 1656 an
917 1593 1026 1676 plures
1048 1594 1159 1660 mundi
1186 1593 1250 1659 sint
1275 1593 1458 1676 disceptare
1480 1592 1531 1658 15
1554 1593 1579 1656 el
1602 1593 1632 1657 ἓν
1654 1595 1690 1655 τὸ

329 1701 395 1760 πᾶν.
429 1696 584 1763 adnexuit
609 1701 707 1779 caput
722 1693 882 1778 prioribus
900 1695 1058 1778 incipiens
1081 1699 1108 1760 οἱ
1131 1697 1192 1779 μὲν
1215 1695 1274 1760 οὖν
1296 1698 1354 1760 ἀπὸ
1369 1701 1422 1780 τῆς
1437 1694 1540 1772 Στοᾶς,
1562 1695 1692 1762 cadem-

332 1819 394 1881 que
416 1798 559 1864 servarit
581 1798 741 1864 Stohaeus
763 1803 799 1861 ut
819 1816 862 1862 ne
884 1796 937 1862 hic
960 1798 1089 1881 quidem
1111 1798 1197 1864 acui
1220 1797 1387 1864 consilium
1408 1799 1519 1863 lateat
1553 1798 1693 1866 materia

329 1904 369 1981 ξς
386 1904 414 1966 1.
431 1902 460 1966 2.
477 1903 508 1966 4.
525 1902 545 1966 h
567 1899 764 1966 Placitorum
779 1898 920 1982 speciem
934 1901 1080 1986 praebet,
1103 1901 1266 1984 discrepat
1288 1904 1308 1982 ξ
1323 1902 1343 1966 3
1365 1901 1407 1966 de
1426 1901 1571 1967 Platone.
1602 1902 1690 1985 quod

329 2023 399 2067 cum
425 2003 587 2068 Stohaeus
613 2001 671 2067 illa
698 2009 821 2086 careat,
851 2002 1079 2070 Plutarcheam
1106 2023 1178 2070 eam
1201 2003 1360 2088 quispiam
1382 2003 1511 2069 iudicet.
1556 2004 1614 2069 sed
1633 2003 1692 2070 ille

330 2105 569 2170 Platonicorum
598 2102 728 2169 omuino
755 2103 884 2186 parcior
910 2113 960 2170 est
986 2111 1169 2190 excerptor,
1195 2125 1267 2170 cum
1293 2105 1399 2189 ipsum
1427 2105 1597 2171 Platonem
1624 2125 1693 2172 cre

330 2205 467 2272 herrime
490 2207 581 2272 adire
603 2207 716 2270 soleat.
749 2206 839 2272 velut
860 2206 926 2272 illic
949 2209 1008 2274 ecl.
1024 2209 1040 2274 I
1056 2209 1097 2274 22
1118 2229 1150 2292 p.
1164 2209 1229 2273 498
1251 2208 1418 2273 Timacum
1441 2225 1537 2290 qnam
1559 2207 1690 2273 Attium

203 2343 235 2355 ν·
330 2308 545 2374 transcribere
567 2315 654 2375 recte
677 2309 839 2393 praetulit.
886 2308 928 2374 de
949 2309 1039 2376 fonte
1062 2311 1131 2376 eius
1153 2309 1350 2395 paragraphi
1373 2329 1448 2374 mox
1471 2308 1605 2376 dicetur.

413 2413 464 2476 16
486 2411 577 2476 πόθεν
600 2411 708 2476 ἔννοιαν
731 2409 819 2496 ἔσχον
842 2412 920 2474 θεῶν
942 2412 1102 2498 ἄνθρωπον.
1145 2411 1316 2478 transitum
1338 2431 1359 2476 a
1381 2411 1500 2477 mundo
1522 2412 1565 2477 ad
1587 2413 1691 2478 archi-

327 2521 447 2580 tectum
470 2513 582 2579 mundi
606 2535 671 2580 non
693 2515 809 2580 inscite
831 2514 970 2598 paravit.
1007 2535 1083 2580 nam
1105 2517 1250 2597 eclogam
1273 2514 1454 2581 Stoicorum
1477 2515 1602 2599 selegit,
1624 2535 1692 2598 qua

328 2618 424 2683 deum
452 2635 525 2682 csse
547 2616 683 2700 primum
707 2636 747 2682 ex
769 2616 880 2680 mundi
902 2615 1139 2699 pulchritudine
1153 2615 1400 2683 demonstratur.
1438 2637 1533 2700 quam
1555 2625 1627 2682 arta
1648 2617 1694 2683 sit

328 2718 510 2784 coniunctio
526 2740 545 2784 e
561 2719 718 2803 principio
734 2720 839 2784 elucet
854 2719 940 2802 quod
963 2723 1013 2783 est
1035 2718 1177 2801 ὁρίζονται
1200 2719 1245 2782 δέ.
1278 2719 1427 2786 tractatio
1450 2739 1471 2784 a
1492 2720 1690 2786 Placitorum

327 2823 452 2888 ratione
475 2823 573 2904 plane
594 2821 757 2886 abhorret
792 2841 868 2886 nam
891 2821 978 2886 solos
993 2819 1142 2885 audimus
1161 2821 1287 2886 Stoicos
1307 2841 1414 2905 neque
1436 2823 1581 2889 Platonis
1595 2823 1689 2888 Arati

328 2924 461 2990 Hesiodi
484 2923 546 2988 loci
570 2923 743 3006 quidquam
767 2929 841 2988 sunt
863 2921 925 2986 nisi
949 2921 1071 2986 lumina
1093 2921 1263 3008 orationis,
1290 2943 1386 3007 quem
1411 2943 1534 2991 morem
1559 2925 1689 2992 illorum

327 3033 379 3092 sat
399 3025 558 3092 novimus.
604 3027 707 3090 oratio
730 3045 797 3090 non
820 3030 988 3108 excerpta,
1015 3023 1073 3090 sed
1099 3024 1142 3089 ad
1164 3023 1299 3091 verbum
1321 3045 1476 3110 expressa
1497 3033 1548 3094 est
1569 3034 1604 3093 ut
1625 3029 1689 3094 14.
1742 3081 1744 3084 .

327 3130 425 3212 plena
452 3117 501 3194 est
530 3127 709 3192 Stoicorum
736 3125 912 3210 disputatio
941 3145 1019 3208 erga
1046 3125 1125 3192 deos
1151 3126 1290 3211 pictatis.
1340 3127 1405 3194 iam
1431 3127 1563 3215 mirare,
1591 3149 1689 3214 quam

326 3229 442 3295 festive
463 3229 654 3313 compilator
676 3230 807 3294 studeat
829 3227 989 3295 varietati.

411 3334 460 3397 Il
481 3341 565 3394 1-10
584 3331 723 3418 (tantum
746 3351 766 3396 a
788 3330 925 3397 vetustis
946 3331 1078 3396 Placitis
1106 3333 1262 3419 alienum)
1285 3333 1429 3400 continet
1451 3335 1691 3418 superstitionis

326 3435 520 3518 irrisionem,
549 3453 614 3518 qua
639 3433 786 3500 acerbior
811 3433 866 3499 vix
892 3451 1043 3516 umquam
1070 3453 1110 3500 ex
1137 3434 1267 3518 Epicuri
1294 3435 1396 3501 hortis
1418 3436 1571 3503 retinniit.
1615 3437 1692 3522 Epi-

327 3557 442 3602 cureus
464 3536 550 3602 enim
572 3537 633 3602 fuit
656 3538 709 3620 qui
732 3537 774 3603 ab
796 3535 903 3602 atheis
918 3535 1080 3600 nobilibus
1103 3555 1238 3601 exorsus
1257 3545 1370 3603 contra
1384 3539 1614 3622 Anaxagoram
1637 3537 1691 3628 [of.

326 3641 432 3706 Zeller
453 3636 588 3725 1⁴895¹]
616 3659 654 3704 ao
684 3641 855 3706 Platonem
884 3637 1028 3703 divinam
1056 3637 1294 3722 providentiam
1321 3639 1605 3707 vehementissime
1634 3641 1691 3707 im-

329 3741 497 3824 pugnavit.
545 3741 694 3805 nimirum
728 3741 814 3824 quod
847 3740 1040 3806 Plutarchus
1072 3739 1147 3805 Non
1180 3761 1277 3824 posse
1309 3761 1400 3807 suar.
1422 3741 1486 3808 riv.
1511 3761 1574 3809 sec.
1597 3741 1689 3827 Epic.

327 3864 353 3908 c.
370 3845 410 3907 21
434 3853 463 3904 11
489 3863 520 3927 p.
538 3845 621 3909 1102
643 3843 763 3926 aliique
785 3841 952 3927 Epicureis
973 3841 1170 3926 exprobrant
1192 3845 1291 3908 ἑλικτὰ
1312 3844 1415 3909 κούδὲν
1438 3846 1513 3928 ὑγιὲς
1535 3847 1610 3910 cus
1632 3851 1691 3910 πᾶν

328 3945 407 4030 πέριξ
430 3965 487 4011 eos
514 3944 674 4030 proferre,
701 3945 735 4009 id
758 3944 832 4010 huic
858 3943 988 4027 quidem
1017 3943 1148 4010 minime
1170 3949 1281 4029 aptum
1304 3953 1361 4012 cst
1406 3946 1461 4030 qui
1482 3947 1615 4032 dempta
1636 3949 1691 4014 vel

327 4046 542 4112 simulationis
564 4049 617 4112 rel
639 4046 797 4112 cautionis
819 4065 961 4131 persona
979 4045 1114 4112 deorum
1130 4046 1308 4112 vanitatem
1323 4053 1422 4132 atque
1435 4048 1691 4115 imbecillitatem

328 4149 428 4214 libere
450 4147 580 4214 latetur.
624 4148 793 4214 athcorum
818 4148 958 4214 indicem
980 4148 1158 4232 Epicureus
1186 4169 1227 4216 ex
1251 4148 1453 4216 Clitomacho
1477 4150 1623 4217 hausisse
1645 4151 1692 4217 vi-

327 4253 422 4317 detur
440 4251 459 4334 ¹,
483 4251 569 4315 unde
587 4269 659 4315 cum
675 4249 840 4316 Ciceronis
856 4251 897 4316 de
912 4251 1000 4316 deor.
1016 4257 1121 4317 natur.
1137 4252 1209 4317 142
1232 4252 1415 4317 sericatum
1431 4251 1522 4319 Sexti
1536 4252 1690 4337 Empirici

328 4354 465 4436 amplior
495 4351 571 4418 adr.
594 4352 745 4418 matham.
769 4355 818 4419 IX
839 4356 882 4419 50
908 4353 1073 4437 excerptio
1100 4354 1253 4438 pendent.
1300 4373 1407 4438 neque
1440 4355 1525 4421 enim
1558 4355 1692 4420 nomina

327 4462 452 4520 tantum
475 4455 641 4538 Diagorae
657 4455 786 4521 Prodici
801 4455 963 4522 Theodori
976 4457 1149 4522 Euhemeri
1170 4456 1318 4522 invenies
1340 4460 1359 4538 ξ
1376 4459 1415 4522 51
1440 4455 1490 4544 [cf.
1509 4455 1691 4523 Philodem.

327 4559 368 4624 de
384 4557 460 4642 piet.
477 4581 509 4642 p.
521 4559 563 4623 85
571 4556 623 4644 C]
647 4557 819 4623 sedetiam
837 4557 1028 4624 Callimachi
1042 4559 1084 4625 de
1101 4557 1283 4625 Euhemero
1298 4579 1437 4643 versum,
1454 4579 1548 4642 quem
1564 4558 1693 4624 dnobus

327 4667 456 4726 auctum
479 4659 601 4726 rettulit
623 4660 746 4725 Alitiue.
784 4665 897 4726 contra
917 4659 951 4725 in
974 4659 1074 4726 Sexto
1098 4659 1220 4726 Critiae
1240 4681 1370 4744 versus,
1393 4681 1473 4744 quos
1496 4661 1551 4726 ille
1573 4659 1691 4744 rapida

401 4903 406 4932 ¹
427 4905 492 4953 haec
511 4903 564 4951 veri
583 4903 672 4950 similis
692 4903 850 4951 catHirzclii
870 4903 972 4965 opinio,
996 4917 1072 4966 quam
1090 4903 1117 4951 in
1135 4901 1220 4950 subtili
1245 4900 1309 4950 libro
1329 4901 1559 4957 Untereuchungan
1584 4913 1615 4948 an
1635 4897 1692 4948 Cle.

326 4993 420 5057 philos.
440 4991 569 5041 Schriften
589 4990 602 5038 1
624 4987 690 5040 1877
710 5005 734 5052 p.
748 4986 781 5039 39
800 4987 910 5053 probare
930 4990 1034 5039 studuit.
