3768 5736
336 359 400 425 458
655 362 731 411 ARII
750 361 886 412 DIDYMI
905 361 1090 412 EPITOMES
1109 361 1162 411 itit.
1180 361 1282 412 PHYS.
1296 357 1338 412 20.
1352 358 1382 410 21

337 530 391 594 οὐκ
412 529 458 594 ἀεὶ
479 532 572 596 ταύτὰ
593 531 746 613 διαμένειν,
768 527 842 590 ἀλλὰ
864 529 1037 614 διαιρεῖσθαι
1060 531 1109 594 καὶ
1131 531 1313 616 συγχεῖσθαι.
1344 530 1392 592 διὰ
1406 529 1512 612 ταύτης
1534 532 1567 594 δὲ
1590 532 1699 595 διαθεῖν

336 635 385 696 τὸν
412 639 463 697 τοῦ
490 634 596 702 παντὸς
623 634 723 716 λόγον,
752 632 784 694 ὃν
812 629 881 694 ἔνιοι
904 633 1080 716 εἱμαρμένην
1102 635 1253 712 καλοῦσιν,
1283 632 1420 715 οἷόνπερ
1443 631 1603 717 καὶέντῇ
1627 641 1699 717 γονῇ

339 737 372 800 τὸ
395 736 520 820 σπέρμα.

425 837 634 923 Χρυσίππου
663 836 831 900 Στωικοὺ.
876 836 943 902 Τῶν
971 839 1046 902 κατὰ
1073 838 1214 922 ποιότητα
1241 838 1442 923 ὑφισταμένων
1469 843 1587 924 πρώτην
1615 840 1698 922 ύλην·

311 939 446 1024 ιταύτην
476 941 509 1004 δὲ
535 942 641 1018 ἀίδιον,
674 937 741 1002 ούτε
773 938 891 1024 αὔξησιν
925 939 992 1003 οὔτε
1026 941 1143 1022 μείωσιν
1178 941 1394 1024 ὑπομένουσαν,
1427 942 1563 1026 διαίρεσιν
1591 940 1625 1003 δὲ
1652 940 1700 1003 καὶ

339 1042 476 1128 σύγχυσιν
499 1041 708 1128 ἐπιδεχομένην
731 1044 806 1106 κατὰ
829 1042 914 1127 μέρη,
937 1042 1014 1112 ὥστε
1035 1042 1149 1127 φθορὰς
1170 1043 1299 1126 γίνεσθαι
1321 1043 1435 1107 ἐκτῶν
1457 1049 1553 1128 μερῶν
1572 1041 1614 1112 είς
1628 1066 1700 1120 τινα,

340 1144 374 1208 ού
397 1145 471 1208 κατὰ
493 1145 640 1230 διαίρεσιν,
663 1145 738 1207 ἀλλά
760 1143 824 1208 κατ’
853 1144 1006 1228 ἀναλογίαν
1029 1151 1066 1227 τῇ
1079 1147 1226 1232 συγχύσει
1249 1149 1333 1208 τινῶν
1355 1147 1511 1230 γινομένων
1534 1144 1569 1209 ἔκ
1590 1169 1674 1215 τινος.

418 1245 532 1332 Ἔρησε
561 1247 594 1310 δὲ
623 1249 638 1311 ό
668 1245 905 1318 Ποσειδώνιος
931 1248 984 1330 τὴν
1012 1251 1070 1310 τῶν
1098 1249 1174 1312 όλων
1202 1249 1302 1312 οὐσίαν
1332 1249 1381 1310 καὶ
1415 1249 1485 1333 ύλην
1517 1248 1619 1312 ἄποιον
1652 1248 1700 1310 καὶ

341 1349 472 1434 ἄμορφον
499 1348 586 1426 εἶναι,
614 1346 682 1412 καθ’
711 1349 779 1412 όσον
806 1349 890 1414 οὐδὲν
913 1350 1142 1432 ἀποτεταγμένον
1166 1350 1236 1414 ἴδιον
1259 1348 1322 1436 ἔχει
1345 1355 1448 1436 σχῆμα
1471 1351 1539 1414 οὐδὲ
1560 1351 1700 1434 ποιότητα

300 1473 323 1512 ιο
341 1447 405 1514 καθ’
433 1453 541 1536 αὑτήν·
565 1451 610 1514 ἀεὶ
632 1449 658 1514 δ’
687 1447 718 1514 έν
736 1473 789 1514 τινι
812 1454 941 1537 σχήματι
963 1453 1012 1516 καὶ
1034 1454 1164 1536 ποιότητι
1186 1452 1268 1517 εἶναι.
1306 1452 1451 1538 διαφέρειν
1473 1453 1506 1517 δὲ
1527 1456 1580 1539 τἠν
1601 1454 1701 1519 ούσίιιν

337 1557 390 1636 τῆς
413 1553 483 1636 ύλης
505 1553 558 1637 τὴν
580 1551 669 1617 οὖσαν
693 1555 767 1618 κατὰ
789 1555 842 1639 τὴν
865 1555 1021 1619 ὑπόστασιν
1044 1555 1157 1639 ἐπινοίᾳ
1177 1555 1275 1638 μόνον.

399 1945 485 1997 Stob.
504 1948 578 1998 eci.I
593 1945 660 2000 1010
678 1967 702 2014 p.
715 1947 855 2002 {tlt-316
866 1951 900 2000 H.
997 1847 1037 1910 21

424 2045 641 2132 Χρυσίππου.
687 2050 758 2135 Περὶ
791 2051 823 2114 δὲ
849 2054 908 2114 τῶν
936 2052 969 2114 ἐκ
996 2055 1048 2135 τῆς
1075 2051 1174 2120 οὐσίας
1200 2051 1352 2135 στοιχείων
1384 2049 1505 2112 τοιαύτά
1536 2070 1599 2112 τινα
1629 2051 1697 2112 ἀπο-

337 2151 532 2236 φαίνεταιτῷ
556 2157 608 2236 τῆς
634 2152 773 2236 αἱρέσεως
801 2153 920 2236 ἡγεμόνι
947 2151 1082 2238 Ζήνωνι
1108 2152 1347 2229 κατακολουθῶν,
1369 2151 1491 2235 τέτταρα
1511 2151 1604 2234 λέγων
1627 2149 1699 2215 εἶναι

338 2255 485 2336 στοιχεῖα,
585 2255 633 2318 καί
660 2255 736 2340 φυτὰ
758 2256 806 2319 καὶ
833 2257 882 2318 τδν
912 2255 978 2320 όλον
1006 2255 1115 2338 κόσμον
1138 2255 1186 2318 καὶ
1208 2255 1245 2318 τὰ
1267 2255 1298 2318 ἐν
1320 2253 1400 2338 αὐτῷ
1424 2255 1628 2339 περιεχόμενα,
1650 2256 1698 2318 καὶ

300 2378 324 2416 ιε
341 2353 382 2423 είς
397 2357 487 2417 ταῦτα
502 2357 681 2420 διαλύεσθαι.
713 2359 746 2421 τδ
762 2359 795 2422 δὲ
810 2355 893 2443 (πῦρ)
908 2355 972 2420 κατ’
994 2355 1099 2442 ἐξοχὴν
1115 2361 1257 2442 στοιχεῖον
1272 2357 1408 2439 λέγεσθαι
1430 2355 1478 2420 διὰ
1500 2358 1534 2420 τὸ
1557 2356 1587 2426 ἐξ
1609 2357 1697 2422 αὐτοῦ

338 2457 455 2540 πρώτου
477 2456 513 2520 τά
535 2458 622 2522 λοιπὰ
645 2459 833 2523 συνίστασθαι
856 2460 931 2523 κατὰ
954 2460 1116 2545 μεταβολὴν
1144 2460 1192 2522 καὶ
1220 2459 1260 2529 είς
1283 2459 1354 2522 αὐτὸ
1376 2457 1501 2544 ἔσχατον
1524 2461 1617 2523 πάντα
1633 2461 1698 2546 χεό-

339 2581 411 2640 μενα
433 2560 612 2624 διαλύεσθαι.
630 2565 715 2624 τοῦτο
739 2561 771 2623 δὲ
794 2563 835 2646 μὴ
858 2562 1048 2648 ἐπιδέχεσθαι
1070 2563 1122 2646 τὴν
1145 2561 1187 2631 εἰς
1209 2561 1279 2625 ἀλλο
1303 2561 1387 2646 χύσιν
1411 2562 1430 2644 ἢ
1453 2563 1599 2625 ἀναλυσιν.
1637 2583 1698 2626 συν-

340 2661 474 2725 ίστασθαι
497 2661 522 2725 δ’
544 2663 574 2732 tt
596 2664 685 2728 αὑτοῦ
708 2663 744 2727 τὰ
764 2665 852 2728 λοιπὰ
874 2665 922 2729 καὶ
945 2665 1073 2750 χεόμενα
1095 2664 1136 2733 εἰς
1157 2669 1242 2728 τοῦτο
1264 2661 1390 2749 ἔσχατον
1413 2665 1561 2726 τελευτᾶν·
1585 2663 1653 2750 παρ’
1682 2667 1697 2728 θ

338 2765 386 2828 καὶ
415 2770 558 2850 στοιχεῖον
585 2765 735 2849 λέγεσθαι,
768 2767 784 2831 δ
811 2771 926 2851 πρῶτον
960 2767 1079 2850 ἕστηκεν
1102 2766 1204 2844 οὑτως,
1233 2767 1309 2830 ὥστε
1340 2765 1475 2830 σύστασιν
1505 2766 1616 2832 διδόναι
1642 2765 1694 2852 ἀρῖ

299 2891 324 2930 το
341 2867 430 2930 αὑτοῦ
451 2867 499 2930 καί
519 2867 577 2930 ἀπό
599 2871 658 2930 τῶν
681 2871 789 2932 λοιπῶν
812 2867 897 2954 χύσιν
919 2869 968 2933 καί
991 2871 1118 2932 διαλυσιν
1140 2867 1280 2956 δέχεσθαι
1303 2867 1343 2938 εἰς
1365 2869 1448 2932 αὑτό.
1481 2868 1555 2932 κατά
1577 2870 1629 2952 μὲν
1651 2871 1700 2933 τδν

339 2968 423 3052 λόγον
445 2974 546 3033 τοῦτον
569 2969 732 3040 αὐτοτελῶς
753 2971 908 3054 λεγομένου
930 2976 982 3036 τοῦ
1004 2972 1093 3054 πυρὸς
1116 2971 1271 3056 στοιχείου,
1294 2971 1328 3034 ού
1346 2967 1408 3054 μετ’
1429 2969 1519 3032 ἄλλου
1534 2971 1603 3056 γάρ·
1626 2972 1700 3036 κατά

339 3072 372 3135 δὲ
393 3073 442 3135 τὸν
464 3071 602 3159 πρότερον
625 3074 673 3138 καί
697 3073 760 3156 μετ’
788 3073 884 3137 ἄλλων
907 3073 1075 3138 συστατικδν
1098 3071 1187 3150 εἶναι,
1209 3076 1326 3158 πρώτης
1349 3073 1401 3155 μὲν
1422 3073 1572 3158 γινομένης
1594 3079 1646 3160 τῆς
1667 3075 1701 3138 ἐκ

339 3175 428 3260 πυρὸς
460 3176 535 3239 κατὰ
565 3176 699 3240 σύστασιν
726 3175 767 3245 εἰς
794 3176 867 3260 ἀέρα
895 3176 1072 3262 μεταβολῆς,
1107 3176 1240 3262 δευτέρας
1268 3173 1293 3238 δ’
1327 3175 1385 3238 ἀπδ
1413 3176 1515 3239 τούτου
1542 3175 1584 3246 εἰς
1613 3179 1701 3262 ὕδωρ,

338 3278 436 3364 τρίτης
458 3276 484 3342 δ’
512 3276 554 3342 ἔτι
577 3281 686 3361 μᾶλλον
710 3278 837 3342 κατὰτὸ
861 3279 1000 3362 ἀναλογον
1022 3277 1228 3362 συνισταμένου
1251 3282 1302 3342 τοὺ
1326 3278 1429 3346 ὑδατος
1451 3277 1492 3346 εἰς
1513 3282 1578 3362 γῆν.
1616 3282 1701 3343 πολιν

300 3405 324 3445 ω
342 3377 367 3446 δ’
396 3383 455 3445 ἀπὸ
478 3382 584 3466 ταύτης
612 3379 803 3466 διαλυομένης
830 3381 878 3444 καί
900 3380 1092 3467 διαχεομένης
1115 3383 1217 3466 πρώτη
1241 3381 1292 3464 μὲν
1315 3381 1421 3462 γίνεται
1443 3379 1528 3465 χύσις
1549 3381 1590 3452 εἰς
1614 3383 1701 3466 ὕδωρ,

340 3483 459 3569 δευτέρα
482 3482 509 3548 δ’
538 3483 567 3554 ἐξ
591 3486 693 3554 ὕδατος
715 3484 755 3554 είς
778 3483 860 3568 ἀέρα,
883 3483 963 3568 τρίτη
987 3485 1020 3546 δὲ
1035 3485 1082 3547 καί
1098 3484 1210 3570 ἐσχάτη
1233 3485 1274 3554 εἰς
1296 3487 1364 3566 πῦρ.
1401 3481 1538 3564 λέγεσθαι
1562 3481 1621 3568 (δὲ)
1643 3489 1700 3569 πῦρ

339 3588 372 3650 τὸ
399 3589 531 3671 πυρῶδες
559 3591 616 3650 πᾶν
647 3587 696 3649 καὶ
724 3586 796 3670 ἀέρα
818 3587 851 3650 τδ
874 3587 1001 3671 ἀερῶδες
1034 3587 1082 3648 καί
1106 3585 1214 3668 ὁμοίως
1242 3587 1279 3650 τὰ
1300 3587 1397 3648 λοιπά.
1435 3589 1544 3670 τριχῶς
1568 3585 1601 3648 δὲ
1622 3589 1700 3668 λεγο-

340 3689 428 3772 μένου
456 3689 531 3771 κατᾴ
558 3685 763 3772 Χρύσιππον
791 3693 842 3752 τοῦ
869 3688 1031 3773 στοιχείου,
1060 3685 1129 3752 καθ’
1158 3688 1210 3751 ἕνα
1242 3688 1295 3770 μὲν
1320 3688 1426 3772 τρόπον
1451 3691 1503 3750 τοῦ
1531 3689 1622 3772 πυρὸς
1654 3691 1702 3754 διὰ

339 3792 372 3855 τδ
395 3789 425 3860 ἐξ
447 3791 536 3855 αὐτοῦ
564 3791 600 3855 τὰ
627 3791 715 3854 λοιπὰ
742 3790 929 3854 συνίστασθαι
958 3790 1033 3854 κατὰ
1059 3790 1222 3876 μεταβολὴν
1244 3791 1293 3854 καὶ
1315 3790 1356 3860 εἰς
1377 3788 1449 3853 αὐτὸ
1471 3791 1627 3876 λαμβάνειν
1649 3793 1701 3876 τὴν

302 3918 325 3958 οο
344 3894 490 3957 ἀναλυσιν·
512 3890 581 3957 καθ’
610 3893 707 3976 ἕτερον
723 3891 765 3970 δέ,
788 3889 851 3954 καθ’
877 3893 892 3956 ὃ
915 3892 1026 3976 λέγεται
1049 3893 1229 3978 τὰτέτταρα
1251 3896 1381 3978 στοιχεῖα
1403 3895 1460 3976 πύρ
1483 3892 1541 3976 ἀὴρ
1564 3893 1700 3979 ὑδωργῆ

340 3995 417 4081 (ἐπεὶ
440 3996 488 4061 διὰ
509 3996 619 4061 τούτων
642 3995 718 4064 τινὸς
740 3994 760 4078 ἢ
782 3997 867 4058 τινῶν
889 3993 909 4077 ἢ
932 3995 980 4056 καὶ
1003 3997 1117 4058 πάντων
1137 3996 1174 4060 τὰ
1197 3995 1284 4060 λοιπὰ
1306 3995 1477 4076 συνέστηκε,
1498 3993 1546 4058 διὰ
1569 3995 1622 4078 μὲν
1643 4001 1701 4059 τῶν

341 4185 356 4238 2
384 4185 534 4256 εἱμαρμένην
565 4187 597 4236 ci.
624 4187 703 4250 Diog.
731 4186 784 4236 VII
810 4183 868 4236 149.
898 4183 947 4238 136
980 4181 993 4250 ΙΙ
1047 4203 1071 4235 v.
1087 4182 1118 4236 15
1132 4194 1157 4235 et
1171 4183 1212 4248 16,
1230 4187 1275 4237 aiii
1294 4186 1368 4235 aliter
1388 4179 1400 4252 ΙΙ
1423 4182 1455 4235 15
1474 4185 1522 4252 πῦρ
1535 4186 1637 4236 Ηοοτευ
1655 4187 1700 4236 ad·

341 4273 384 4326 κα1
413 4275 452 4326 Αι
488 4277 609 4326 omissum
644 4273 677 4324 ab
711 4274 841 4324 Heeronio
872 4281 898 4322 et
926 4275 995 4324 inse·
1047 4273 1113 4322 didit
1134 4275 1166 4324 ci.
1180 4291 1204 4324 ν.
1219 4272 1261 4327 26.
1281 4282 1393 4324 ceterum
1412 4273 1443 4322 ct
1457 4273 1544 4322 Laert
1558 4273 1612 4323 vn
1625 4269 1700 4339 13611

341 4363 477 4426 quentibus
490 4363 630 4414 editoribus
650 4356 664 4426 ΙΙ
684 4360 701 4412 4
719 4362 813 4410 lemma
824 4362 850 4412 in
864 4376 927 4424 mrg.
940 4361 965 4410 A
980 4355 994 4427 ΙΙ
1050 4358 1081 4411 19
1104 4354 1144 4410 ἀπ’
1166 4357 1243 4410 αὑτοῦ
1261 4369 1287 4410 et
1304 4377 1329 4410 τ.
1342 4355 1376 4410 20
1395 4355 1429 4414 είς
1446 4354 1507 4409 αὑτό
1525 4367 1584 4410 anto
1603 4361 1703 4411 Μοίσα-

341 4449 356 4500 7
375 4453 492 4516 suspicor
509 4446 564 4500 κατ’
586 4445 700 4500 ἀνάλυσιν
713 4443 730 4514 ἢ
744 4443 859 4514 σύγχυσιν
879 4448 910 4497 ci.
929 4448 996 4498 infra
1047 4447 1122 4497 iteum
1143 4443 1156 4514 Η
1177 4445 1208 4498 21
1229 4443 1258 4497 οὑ
1277 4443 1328 4512 μετ’
1349 4441 1426 4496 ἄλλου
1444 4443 1491 4513 γὰρ
1509 4455 1568 4511 post
1584 4443 1702 4515 πρότερον

340 4535 459 4589 ν.17.20
475 4532 489 4604 Η
505 4530 995 4602 ίυίοτρουυυτυτΑέείίΡΙεο.Ιθσ.ῖΙΙ
1046 4536 1086 4584 Αι
1110 4536 1267 4600 transposuit
1295 4535 1406 4584 Ηεοτου.
1438 4549 1472 4583 an
1495 4529 1524 4584 οὑ
1547 4529 1599 4600 μετ’
1624 4529 1701 4584 ἀλλον

340 4619 553 4688 8(Π)οσιιδωνίου
562 4625 653 4689 αιτμἙ
664 4619 677 4690 ΙΙ
691 4621 723 4673 10
732 4617 786 4672 κατ’
799 4618 878 4688 αὑτόν
888 4623 925 4672 A:
939 4639 995 4672 eor·
1046 4616 1187 4687 γίγνεσθαιί)
1206 4634 1259 4671 tum
1277 4637 1302 4672 ν.
1315 4617 1349 4670 20
1367 4618 1434 4672 κατὰ
1452 4618 1497 4687 μὲν
1517 4617 1560 4672 οὑν
1577 4623 1672 4675 scribes
1686 4617 1701 4689 ΙΙ

339 4716 395 4766 rexi
414 4709 429 4780 ΙΙ
451 4712 481 4764 ll
501 4711 548 4780 τὴν
566 4708 641 4762 οὑσαν
660 4719 755 4760 temere
774 4710 876 4758 seclusit
893 4711 995 4760 Heereu
1048 4705 1082 4760 24
1109 4705 1129 4760 δ’
1160 4707 1211 4760 ἔστι
1237 4711 1276 4760 A:
1304 4723 1369 4760 οοττ.
1393 4710 1496 4760 litteren
1517 4706 1530 4776 ΙΙ
1552 4705 1586 4762 25
1614 4711 1644 4761 ef.
1667 4711 1701 4760 ad

377 4798 409 4852 12
427 4801 460 4851 de
478 4802 509 4852 fr.
522 4797 555 4851 21
575 4799 634 4850 vide
653 4796 726 4848 Prol.
751 4812 775 4860 ρ.
790 4793 913 4858 ttsqq.1
934 4811 957 4846 11
977 4811 993 4847 v
1046 4815 1072 4863 p.
1084 4794 1170 4860 453,9
1191 4795 1203 4861 Ιγ
1225 4793 1258 4849 26
1277 4791 1389 4864 δεύτερον
1401 4797 1440 4848 A:
1459 4813 1525 4850 corr.
1544 4797 1666 4848 Meineke
1686 4793 1700 4862 ΙΙ

340 4903 409 4940 vix
430 4884 444 4953 ΙΙ
466 4887 498 4942 14
516 4890 634 4940 lacunam
659 4887 696 4936 εἰο
720 4883 838 4948 expleas:
866 4883 915 4950 πῦρ
934 4881 994 4950 ἀέρα
1046 4881 1071 4935 δὲ
1090 4885 1149 4936 add.
1168 4887 1271 4936 Heeren

340 4970 407 5044 ύδωρ
419 4977 474 5042 γῆν,
487 4971 513 5034 ἐξ
526 4971 563 5024 ῶν
576 4965 734 5025 συνίστασθαι
747 4967 827 5020 πάντα
840 4967 883 5020 καί
896 4967 948 5038 ζῷα
962 4972 992 5022 σί.
