3648 5736
390 385 454 450 656
702 385 870 436 HERMIAE
889 383 992 435 IRRIS.
1011 383 1155 436 GENTIL.
1174 381 1315 434 PHILOS.
1330 381 1433 434 17-19

442 555 603 640 θαλάσσης.
648 556 700 638 τήν
726 556 759 618 δὲ
785 559 837 640 γῆν
867 554 983 618 ἅπασαν
1009 554 1107 638 ήμέρφ
1139 553 1193 635 μιᾷ
1219 553 1409 638 περιέρχομαι
1437 551 1586 634 συλλέγων
1613 551 1690 635 αὐτῆς

443 658 492 721 τδν
515 658 640 742 ἀριθμὸν
662 658 711 721 καλ
733 658 766 720 τδ
790 656 892 741 μέτρον
914 657 962 720 καὶ
984 654 1021 717 τολ
1043 655 1191 739 σχήματα.
1238 653 1394 736 πέπεισμαι
1422 654 1476 737 γὰρ
1503 653 1552 716 ὅτι
1578 659 1629 717 τού
1654 655 1692 717 κύ·

443 779 517 841 σμου
540 761 646 829 παντὸς
668 760 737 824 οὐδὲ
757 759 908 842 σπιθαμὴν
930 759 1056 842 παρήσω
1077 760 1206 827 τοιοῦτος
1229 757 1277 821 καὶ
1298 759 1467 840 τηλικοῦτος
1488 757 1544 820 ιύν.
1584 755 1691 820 οῖδαδέ

442 861 501 945 ἐγὼ
530 863 579 926 καί
608 865 667 926 τῶν
694 862 823 945 ἀστέρων
853 862 902 924 τδν
929 859 1055 944 ἀριθμὸν
1078 859 1126 923 καὶ
1147 864 1206 922 τῶν
1229 857 1344 944 ἰχθύων
1366 859 1415 922 καὶ
1437 863 1495 922 τῶν
1518 858 1634 942 θηρίων
1654 860 1693 922 καὶ

414 983 426 1020 ν
444 967 521 1048 ζυγῷ
545 965 594 1030 τὸν
617 963 726 1046 κόσμον
749 965 830 1034 ίστάς
851 963 981 1034 εὐκόλως
1002 964 1051 1026 τδν
1073 962 1204 1044 σταθμόν
1226 961 1316 1026 σύτοῦ
1339 962 1463 1045 δύναμαι
1486 962 1608 1044 μαθεῖν.

535 1071 576 1134 18
609 1066 696 1152 Ἀμφὶ
721 1067 772 1149 μὲν
795 1067 832 1150 δή
854 1070 946 1130 ταῦτα
969 1065 1056 1150 μέχρι
1077 1067 1127 1128 νύν
1149 1064 1327 1130 ἐσπούδακεν
1343 1066 1363 1148 ή
1379 1066 1461 1150 ψυχή
1478 1089 1537 1148 μου
1553 1067 1612 1127 τῶν
1627 1064 1693 1127 ύλον

443 1167 556 1254 ἄρχειν.
599 1171 749 1256 προκύψας
771 1170 804 1233 δέ
826 1169 877 1252 μοί
896 1190 984 1255 φησιν
1003 1165 1226 1252 Ἐπίκουρος·
1255 1167 1290 1231 σύ
1314 1166 1426 1250 μὲνδὴ
1450 1165 1563 1250 κόσμον
1586 1166 1636 1230 ένα
1654 1174 1694 1247 ’με-

444 1271 600 1356 μέτρηκας,
624 1273 649 1336 ὦ
672 1273 804 1356 φιλότης,
826 1271 882 1336 εἰσὶ
904 1272 937 1334 δὲ
959 1270 1063 1352 κόσμοι
1084 1271 1187 1334 πολλοὶ
1208 1270 1257 1334 καί
1279 1268 1402 1353 ἄπειροι.
1440 1269 1528 1334 πάλιν
1552 1267 1604 1334 οὖν
1625 1269 1694 1350 ἀναγ-

443 1375 569 1457 κάζομαι
586 1379 698 1460 μετρεῖν
714 1375 852 1460 οὐρανούς
874 1373 980 1443 ἀλλους
994 1372 1115 1456 αίθέρας
1129 1371 1245 1450 ἄλλους,
1266 1373 1315 1436 καί
1336 1371 1455 1442 τούτους
1477 1373 1617 1442 πολλούς.
1653 1370 1697 1452 ιῖγτ

400 1495 424 1534 ιν
441 1477 478 1560 δὴ
508 1477 611 1560 μηκέτι
641 1479 755 1560 μέλλων
782 1477 1012 1559 ἐπισιτισάμενος
1043 1475 1147 1557 ὀλίγων
1174 1476 1293 1560 ήμεριῖιν
1326 1472 1368 1543 είς
1399 1475 1467 1545 τούς
1493 1472 1695 1559 Ἐπικουρείους

441 1577 570 1661 κόσμους
605 1581 800 1665 ἀποδημήσω.
850 1579 887 1642 τολ
920 1579 972 1660 μὲν
1001 1576 1052 1642 ούν
1078 1577 1188 1662 πέρατα
1216 1574 1317 1659 Τηθύν
1344 1575 1393 1640 καί
1416 1575 1554 1642 Ὠκεανδν
1580 1576 1696 1644 εόκόλιντ

442 1681 647 1766 ύπερίπταμαι.
691 1683 833 1748 εἰσελθὼν
855 1683 888 1744 δὲ
909 1680 951 1752 είς
973 1679 1081 1763 κόσμον
1104 1679 1202 1744 καινὸν
1225 1679 1301 1762 [καί]
1324 1679 1423 1764 ὥσπερ
1445 1681 1487 1751 είς
1508 1680 1605 1764 ἄλλην
1625 1678 1696 1742 πόλιν

445 1789 542 1868 μετρῶ
568 1787 604 1850 τὰ
636 1787 730 1851 πάντα
758 1787 867 1868 ὀλίγαις
893 1783 1024 1868 ἡμέραις.
1074 1782 1210 1846 κάκεῖθεν
1240 1780 1404 1866 ὑπερβαίνω
1431 1783 1517 1845 πάλιν
1545 1781 1588 1851 είς
1613 1780 1694 1866 τρίτον

443 1888 563 1970 κόσμον,
585 1888 648 1953 εἶτα
669 1887 710 1960 εἰς
731 1889 866 1973 τέταρτον
889 1887 937 1950 καί
958 1884 1089 1968 πέμπτον
1118 1885 1166 1948 καὶ
1189 1883 1309 1947 δέκατον
1335 1885 1384 1948 καὶ
1407 1884 1567 1948 ἑκατοστὸν
1596 1882 1642 1946 καὶ
1662 1905 1695 1966 χι-

274 2019 278 2028 ·
403 2009 427 2048 ιι
444 1990 557 2054 λιοστδν
584 1993 633 2056 καὶ
665 1991 751 2076 μέχρι
773 1995 844 2054 πού·
874 1989 933 2074 ήδη
958 1990 1013 2073 γάρ
1041 2013 1089 2071 μοι
1117 1987 1220 2056 σκότος
1248 1984 1364 2068 ἀγνοίας
1391 1987 1506 2071 ἀπαντᾷ
1530 1987 1581 2050 καί
1609 1985 1694 2064 ἀπάτη

442 2093 564 2175 μέλαινα
590 2094 639 2158 καὶ
666 2091 784 2178 ἄπειρος
810 2092 904 2175 πλάνη
932 2091 980 2154 καί
1003 2090 1108 2174 ἀτελὴς
1133 2090 1277 2174 φαντασία
1306 2089 1355 2152 καὶ
1384 2089 1592 2172 ἀκατάληιττος
1612 2087 1693 2153 άνοισ·

443 2197 518 2280 πλήν
540 2196 569 2260 τί
590 2197 688 2279 μέλλω
710 2197 758 2260 καὶ
780 2195 832 2264 τὰς
854 2193 980 2276 ἀτόμους
1003 2192 1093 2262 αὐτὰς
1114 2193 1259 2277 ἀριθμεῖν,
1281 2189 1311 2260 ἐξ
1334 2191 1375 2254 ὧν
1397 2192 1425 2254 οί
1446 2195 1582 2255 τοσούτω
1603 2189 1694 2272 κόσμοι

444 2300 601 2383 γεγόνασιν,
623 2301 669 2364 ίνα
691 2299 781 2383 μηδὲν
801 2295 986 2368 ἀνεξέταστον
1008 2295 1178 2380 παραλείπω
1201 2297 1326 2378 μαλιστα
1346 2297 1405 2358 τῶν
1427 2293 1520 2364 ούτως
1543 2293 1694 2376 ἀναγκαίων

444 2402 492 2465 καί
516 2401 683 2486 ὠφελίμων,
704 2400 734 2470 ἐξ
757 2401 798 2464 ιύν
821 2399 900 2468 οἶκος
921 2398 969 2462 καὶ
992 2399 1075 2468 πόλις
1096 2398 1273 2482 εὐδαιμονεῖς

404 2525 429 2562 ιο
544 2508 585 2571 19
622 2501 721 2568 Ταῦτα
744 2503 796 2585 μὲν
818 2501 911 2566 τοίνυν
926 2497 1077 2585 διεξῆλθον
1093 2501 1267 2586 βουλόμενος
1281 2497 1369 2569 &recu
1391 2499 1444 2582 τήν
1465 2497 1496 2563 έν
1518 2501 1583 2569 τοῖς
1603 2501 1693 2581 δογμ-

448 2627 491 2671 σιν
514 2606 603 2672 ούσαν
626 2606 723 2670 αύτιῖνν
745 2604 931 2687 ἐναντιότητα
952 2604 1000 2666 καὶ
1024 2605 1064 2672 ὡς
1086 2602 1127 2673 τίς
1148 2603 1266 2688 ἄπειρον
1288 2602 1386 2672 αὐτοῖς
1408 2601 1457 2664 καὶ
1479 2601 1616 2686 ἀόριστον
1637 2597 1692 2683 πρό·

444 2712 544 2794 εισινή
559 2712 678 2794 ζήτησις
692 2713 751 2771 τῶν
768 2708 945 2793 πραγμάτων
960 2705 1008 2769 καὶ
1023 2707 1056 2768 τδ
1071 2705 1153 2776 τέλος
1167 2706 1264 2771 αὐτῶν
1280 2705 1459 2789 ἀτέκμαρτον
1481 2705 1530 2768 καὶ
1548 2703 1692 2789 ἄχρηστον,

448 2810 524 2899 ἔργιρ
548 2811 648 2896 μηδενὶ
670 2811 811 2895 προδήλῳ
833 2809 880 2872 καὶ
903 2809 982 2893 λύγιρ
1006 2813 1094 2893 σαφεῖ
1114 2808 1329 2895 βεβαιούμενον.

393 2977 595 2989 ..--..-.---

398 3069 627 3140 1ιήνμένοοάθ.;
641 3067 1049 3137 καὶτὴνμένθίολίονλίεοτελι
1105 3067 1135 3120 ll
1160 3063 1323 3138 ἀποδήμησον
1341 3067 1412 3118 libri:
1431 3067 1532 3117 correxi
1555 3063 1569 3134 ΙΙ
1593 3063 1678 3132 πέρατα
1691 3074 1726 3110 αι·

395 3163 496 3212 correxi
519 3156 532 3227 ΙΙ
554 3158 711 3228 παρίρχομαι
734 3165 794 3207 ante
816 3155 972 3206 Menzelium
997 3149 1010 3220 Η
1033 3152 1050 3206 3
1102 3159 1177 3208 minit
1206 3157 1314 3207 Homeri
1340 3148 1361 3205 Ξ
1382 3151 1434 3206 200
1463 3149 1477 3218 ΙΙ
1507 3151 1541 3204 12
1569 3151 1612 3203 καλ
1633 3143 1720 3207 delevi?

394 3246 474 3300 πάντα
496 3248 583 3298 ασθαι
607 3263 673 3297 corr.
692 3246 815 3297 Μετειιιιε
835 3237 850 3309 ΙΙ
868 3238 927 3300 ’,οἶδα
945 3238 1001 3292 κτλ.
1020 3243 1051 3292 of.
1104 3243 1137 3297 13
1150 3243 1183 3302 τίς
1195 3239 1222 3312 γ’
1239 3240 1333 3310 κόσμον
1349 3243 1385 3292 sie
1398 3241 1512 3293 MVOL:
1532 3240 1569 3299 τίς
1587 3238 1672 3307 κόσμον
1686 3244 1725 3285 unte

396 3335 529 3386 oraculum
553 3335 707 3399 Delphicum
731 3331 828 3382 Ηοποιλ.
848 3331 861 3380 Ι
879 3329 913 3382 47
938 3325 951 3396 ΙΙ
976 3327 1051 3382 5ίπλ
1104 3331 1260 3382 Μευεελῖιυιι
1280 3326 1295 3396 ΙΙ
1317 3327 1349 3381 15
1367 3325 1489 3384 ἀνοίαςΙι
1514 3324 1527 3394 ΙΙ
1549 3326 1644 3380 ἅπαντα
1663 3321 1725 3373 cod&

398 3421 464 3490 ζυγῷ
482 3423 558 3474 wolf
1103 3435 1169 3470 corr.
1184 3419 1258 3470 Wolf
1274 3411 1288 3482 11
1311 3417 1342 3470 16
1355 3413 1425 3467 ένοια
1438 3416 1565 3479 VM(0)1.
1581 3419 1612 3468 cf.
1629 3433 1651 3480 ρ.
1660 3405 1724 3466 θύλίτ

431 3509 446 3561 7
466 3504 612 3577 προσκύψας
631 3510 719 3560 cedda
744 3523 809 3558 corr.
833 3505 915 3558 Βούλει
940 3501 953 3570 {1
978 3505 994 3556 9
1017 3503 1049 3555 τί·
1102 3508 1180 3570 vulgo
1192 3503 1278 3572 ἄγνοια
1297 3499 1311 3570 ΙΙ
1334 3503 1365 3556 17
1384 3500 1405 3553 τί
1418 3499 1504 3570 μέλλω
1516 3505 1606 3554 οοιέιλκ
1624 3497 1705 3552 correxi
1716 3491 1724 3552 ί.

395 3599 448 3646 πεῖν
462 3597 550 3646 eodd.=
569 3599 665 3664 μετρεῖν
684 3611 749 3646 corr.
764 3595 876 3644 Menzel.
894 3595 921 3644 in
939 3601 1050 3644 mentem
1102 3593 1145 3644 καὶ
1165 3593 1259 3644 Βοῖλειι
1279 3589 1345 3642 κατὰ
1363 3590 1438 3640 codd.
1460 3587 1473 3656 ΙΙ
1494 3591 1526 3643 16
1548 3587 1627 3646 οὕτως
1643 3581 1723 3654 ἆρῑίλῑθ

395 3687 515 3735 veniebat
539 3681 631 3734 ἐπιέναι
656 3677 670 3749 ΙΙ
693 3679 811 3749 ούρανούς
830 3677 937 3737 πολλοὺς
958 3682 1049 3744 vulgo:
1101 3683 1123 3732 L
1146 3687 1172 3731 et
1193 3679 1246 3729 duo
1270 3679 1345 3729 codd.
1369 3678 1471 3728 Μειειιί
1490 3679 1577 3742 {VO):
1602 3671 1669 3728 αύτᾶτ
1687 3660 1724 3727 Cf!

396 3774 497 3822 correxi
524 3767 537 3838 ΙΙ
565 3767 596 3820 10
620 3765 692 3836 μέλλ’
720 3771 780 3820 VL:
809 3765 909 3835 μέλλων
933 3769 1010 3818 ceteri
1035 3761 1049 3834 ΙΙ
1105 3767 1136 3820 19
1155 3763 1288 3834 εύδαιμονᾷ
1307 3773 1367 3815 ποτε
1385 3763 1511 3816 Seilerum

395 3855 587 3922 έπισιτισάμκνος
609 3858 676 3908 VM:
700 3854 909 3922 ίπισιτιασάμτνος
932 3857 1011 3919 vulgo
1035 3849 1049 3921 ΙΙ
