3708 5738
365 387 428 450 498
777 389 1034 442 nenorensem
1052 389 1191 440 rutero.
1210 391 1307 442 euru.

328 593 332 602 ,
367 569 461 623 cesset,
483 561 552 612 facili
575 563 638 612 mihi
661 570 752 627 postea
776 564 881 627 negotio
906 563 1000 611 codicis
1022 562 1045 613 P
1069 563 1219 612 varietatem
1243 563 1315 626 apice
1337 568 1411 612 νοοοο
1436 576 1494 611 eum
1517 561 1585 612 iliius
1610 563 1719 626 imagine

368 661 517 712 comparare
530 649 609 700 licuit.
640 649 791 700 Brundisina
809 651 877 699 euim
895 650 1038 699 accuratius
1056 663 1119 698 sane
1137 649 1159 699 P
1179 637 1456 710 quamhexcumerat.
1485 648 1532 696 sed
1545 657 1720 712 praeterquam

369 735 438 798 quod
463 751 515 786 nou
539 738 575 785 ita
598 751 692 802 paucas
715 739 837 786 lectiones
860 736 953 801 probas
976 751 1079 800 prorsus
1104 735 1219 798 neglexit
1240 735 1279 796 (ut
1297 734 1354 796 §17
1372 729 1427 784 οὔτ’
1449 730 1545 796 ἄλλοις,
1567 735 1581 798 ξ
1600 733 1634 786 18
1651 733 1721 784 etit

367 818 474 886 μέλανα,
492 821 507 885 ξ
525 818 559 872 20
578 817 739 890 ἐναρμόττον,
762 819 826 886 §22
845 820 908 874 ἀλλὰ
926 819 969 884 δεῖ,
988 819 1051 885 554
1070 825 1121 878 τοῖς
1139 817 1309 888 άλλόχρονοιν,
1327 820 1386 884 §60
1404 815 1586 887 πειραθῶμεν),
1606 821 1721 873 librarios

366 923 418 956 uon
441 917 511 957 certo
534 923 635 972 semper
656 909 783 960 discrerit.
824 912 925 975 scripsit
950 913 1018 960 euim
1041 926 1078 974 pr.
1101 909 1123 959 P
1146 909 1182 969 (s.
1200 909 1278 970 XIV)
1305 923 1360 958 non
1386 907 1463 957 modo
1486 917 1651 972 contextum,
1679 911 1720 959 sed

367 995 443 1042 etiam
463 997 555 1058 partim
573 1011 674 1060 eorum,
698 1011 764 1060 quae
786 999 813 1047 ln
831 999 947 1061 margine
964 997 1082 1064 suppleta
1104 1005 1164 1046 sunt
1186 997 1256 1046 velut
1273 995 1287 1058 d
1307 993 1330 1045 l.
1348 991 1364 1044 2
1382 991 1482 1062 ptprm
1504 992 1566 1062 πρὸς
1586 993 1618 1048 ud
1642 993 1722 1063 dputes

368 1077 433 1144 auh,
451 1096 500 1132 see.
519 1082 542 1132 P
561 1085 689 1134 recentior
707 1084 737 1144 (s.
756 1085 836 1144 livi)
855 1085 959 1136 lacunas
978 1085 1092 1150 explevit
1110 1084 1150 1145 (ef.
1169 1079 1254 1145 §21),
1276 1089 1429 1146 argumuta
1446 1083 1557 1145 margini
1575 1084 1722 1148 applicavit,

369 1169 563 1218 emendationes
582 1168 623 1218 bio
641 1171 693 1220 illic
711 1172 843 1221 versieulis
860 1174 1044 1238 superscripsit.
1080 1173 1180 1222 tertiam
1203 1185 1306 1220 manum
1325 1169 1403 1218 semel
1423 1170 1449 1218 iu
1466 1167 1516 1218 hae
1534 1169 1631 1220 oodiels
1653 1181 1722 1236 parte

316 1316 323 1326 ἱ
368 1255 552 1317 animaduerti,
576 1269 642 1318 quae
664 1253 777 1321 ttisr,
805 1259 848 1308 ubi
873 1260 963 1323 incipit
984 1259 1167 1322 fragmentum,
1194 1251 1350 1324 tsoqptmm
1371 1255 1427 1323 περὶ
1448 1251 1591 1324 αἰσθήσεων
1615 1261 1723 1322 margini

370 1357 469 1391 summo
489 1341 631 1408 adscripsit.
654 1352 732 1394 antea
749 1345 821 1410 pr.P
839 1347 917 1395 rubro
936 1346 1046 1396 eundem
1063 1346 1164 1396 timlum
1182 1346 1260 1410 paulo
1278 1345 1345 1394 inira
1363 1351 1524 1394 exaraverat.

465 1430 508 1479 Ex
533 1430 662 1480 codicibus
686 1431 731 1482 PF
754 1431 840 1481 denuo
864 1434 973 1484 conlatis
996 1433 1058 1495 quid
1079 1433 1111 1482 de
1135 1434 1248 1498 ipsorum
1270 1431 1458 1481 necessitudine
1486 1430 1656 1480 iudicandum
1684 1433 1722 1491 sit,

368 1517 472 1580 pianum
491 1518 543 1566 iam
556 1532 587 1566 ac
600 1525 756 1582 compertum
770 1527 816 1569 est.
847 1521 953 1570 omnino
972 1521 1040 1570 euim
1059 1519 1139 1568 multo
1157 1527 1218 1568 suut
1234 1519 1369 1568 similiores
1381 1517 1439 1578 sibi,
1458 1531 1535 1582 quam
1547 1533 1580 1568 ex
1593 1515 1723 1568 Brundisii

369 1611 494 1668 apparatu
514 1605 596 1653 eouioi
614 1605 705 1668 potuit.
741 1619 800 1654 nam
819 1607 945 1669 utrimque
964 1603 1025 1668 §80
1043 1601 1108 1655 luris
1126 1601 1185 1672 ὁρᾶν
1203 1601 1229 1654 dl
1247 1613 1274 1654 et
1290 1601 1349 1661 rob<
1365 1601 1456 1671 πόρους
1474 1612 1499 1653 et
1522 1601 1583 1654 alsat
1600 1609 1656 1654 τῶν
1673 1600 1724 1653 lieu-

365 1693 428 1752 κῶν,
447 1689 461 1751 §
481 1687 515 1741 70
533 1686 561 1740 td
580 1687 687 1756 ὑγιαῖνον
704 1691 749 1739 τοῦ
768 1689 906 1756 κάμνοντος
924 1699 1020 1742 exstat:
1043 1693 1112 1742 clara
1131 1691 1208 1742 habet
1224 1691 1259 1752 P,
1278 1691 1425 1742 oblitterata
1442 1691 1489 1742 aed
1507 1701 1594 1741 tamen
1616 1700 1646 1740 ut
1665 1704 1723 1740 vera

363 1778 511 1842 peliuoeaut
528 1777 557 1826 P.
588 1778 665 1826 etiem
684 1773 742 1839 §tl
764 1773 858 1842 μᾶλλον
874 1773 904 1826 ἂν
922 1771 1076 1828 αἰσθάνοιντο
1093 1782 1146 1828 τῶν
1164 1773 1250 1844 ὀσμῶν
1272 1785 1378 1841 uterque
1401 1779 1496 1843 pariter
1519 1780 1629 1838 omittit,
1659 1792 1721 1840 quae

365 1879 415 1912 ser.
431 1865 453 1914 P
472 1863 542 1912 haud
560 1865 614 1912 soie
633 1878 667 1912 an
685 1879 718 1913 ex
731 1865 836 1926 ingenio
849 1873 916 1915 reete
927 1865 1091 1930 suppleverit.
1122 1881 1181 1916 nam
1194 1866 1360 1930 locupletiore
1375 1867 1548 1929 manuscripto
1567 1866 1633 1915 alias
1656 1865 1721 1913 hune

365 1966 438 2000 usum
457 1965 513 2000 esse
538 1967 590 2000 non
615 1951 676 2000 vidi.
713 1965 774 2014 ergo
794 1967 850 2000 eum
869 1967 981 2001 summus
999 1953 1032 2002 sit
1050 1953 1153 2002 illorum
1171 1965 1324 2013 consensus,
1348 1951 1494 2001 Gamotium
1512 1952 1721 2013 Vossianumque

362 2053 395 2086 ex
408 2037 429 2086 P
443 2036 591 2101 descriptos,
610 2038 655 2086 sed
669 2038 786 2088 evanidis
798 2040 888 2089 litteris
902 2041 1003 2102 egregie
1017 2040 1088 2088 lusos
1105 2053 1161 2090 esse
1179 2048 1294 2104 apparet.
1330 2039 1485 2089 incredibilis
1504 2040 1582 2102 igitur
1600 2039 1649 2089 illa
1666 2053 1719 2088 eor-

365 2125 463 2188 ruptio,
487 2139 539 2187 qus
560 2132 645 2174 motus
667 2139 745 2190 supra
763 2123 784 2174 P
803 2125 882 2188 longo
901 2127 1037 2176 intervallo
1060 2142 1076 2177 a
1097 2127 1119 2178 P
1143 2127 1238 2176 distare
1262 2126 1390 2187 dixeram,
1414 2127 1441 2176 iu
1465 2127 1615 2191 apographa
1638 2128 1720 2192 potius

367 2211 436 2260 eadit
453 2211 587 2261 infeliciter
604 2213 769 2261 alucinantis.
806 2211 850 2261 ΡΗ·
868 2220 954 2263 antem
973 2214 1074 2277 gemelli
1093 2217 1196 2263 suut'et
1213 2222 1241 2262 ut
1257 2214 1279 2264 P
1298 2215 1351 2264 iere
1369 2220 1493 2278 praestat,
1512 2215 1549 2263 ita
1565 2229 1599 2263 ue
1618 2215 1721 2264 alterius

367 2299 470 2360 quidem
489 2299 587 2348 auxillo
605 2307 661 2348 tuto
680 2312 776 2348 caram.
813 2299 883 2349 velut
906 2297 949 2363 §8
966 2297 1013 2366 γάρ
1032 2308 1092 2364 post
1108 2297 1151 2350 τὸν
1169 2295 1244 2350 αὐτὸν
1261 2301 1425 2362 servavisti,
1449 2303 1536 2350 omisit
1553 2303 1588 2362 P,
1611 2299 1673 2366 §79
1691 2298 1718 2350 ia

367 2380 483 2452 μεγάλων
500 2381 621 2452 γάρ-οὺ
640 2387 775 2453 περιφερεῖς
798 2384 837 2434 bis
854 2385 941 2450 lapsus
959 2395 998 2436 est
1015 2388 1051 2450 P,
1075 2395 1146 2438 reeta
1167 2388 1249 2437 tenuit
1267 2387 1301 2450 P,
1323 2385 1385 2450 §ll
1408 2383 1470 2438 αὐτὸ
1492 2389 1583 2438 leviter
1605 2391 1721 2438 vitiatum

365 2487 431 2521 unua
449 2471 470 2520 F
489 2471 601 2522 exhibet.
637 2473 697 2522 hinc
720 2473 831 2522 cernitur
848 2473 942 2522 frustra
960 2487 1016 2522 esse
1036 2476 1078 2538 qui
1097 2474 1119 2523 F
1137 2489 1169 2524 ex
1187 2475 1209 2525 P
1228 2474 1383 2539 descriptum
1408 2489 1464 2524 esse
1482 2475 1596 2525 credant
1634 2484 1720 2525 eontm

363 2559 449 2608 seo.F
468 2567 513 2608 aut
534 2560 590 2622 ipso
603 2559 625 2610 P
638 2567 684 2608 aut
700 2561 755 2609 eius
774 2558 924 2624 apographo
942 2561 998 2610 ains
1017 2561 1096 2611 dubio
1114 2575 1175 2611 usus
1193 2570 1239 2612 est.
1275 2563 1312 2610 ita
1335 2557 1397 2622 §54
1415 2561 1460 2610 ubi
1478 2557 1532 2612 luel
1549 2558 1579 2612 τό
1596 2563 1659 2613 taF
1677 2563 1719 2610 ba-

362 2645 413 2706 bet,
425 2660 476 2696 see.
489 2646 510 2695 F
523 2647 592 2694 iliius
610 2647 747 2695 lechonem
758 2643 788 2696 τό
800 2661 827 2712 γε
839 2662 916 2712 super
928 2663 1028 2698 versum
1041 2648 1149 2709 addidit,
1166 2650 1278 2712 itemque
1291 2646 1306 2710 d
1319 2647 1353 2700 64
1365 2641 1477 2716 trutqu
1490 2648 1588 2710 (verum
1607 2662 1648 2700 est
1666 2647 1719 2698 ἀνο-

361 2727 454 2800 τίθησι)
474 2732 508 2782 sd
525 2733 594 2782 iliius
613 2733 745 2796 exemplar
763 2749 897 2799 perperam
916 2738 1029 2786 correxit
1046 2730 1190 2804 duritillqot.
1227 2752 1275 2786 nec
1297 2737 1396 2787 felicius
1420 2737 1447 2786 in
1469 2735 1522 2786 flne
1539 2735 1635 2800 libelli,
1663 2737 1719 2801 quie

363 2821 385 2870 P
404 2815 430 2868 di
448 2827 507 2883 post
525 2815 601 2869 dsirm
621 2821 734 2882 omittat,
759 2821 843 2870 asell
862 2825 961 2886 punctis
979 2825 1118 2888 suppositis
1137 2839 1226 2873 rerum
1243 2823 1346 2872 delerit.
1384 2823 1535 2888 apographa
1551 2823 1633 2873 modo
1652 2821 1719 2888 pnF

363 2905 440 2954 modo
459 2921 511 2955 see.
529 2905 551 2955 F
569 2913 597 2955 ut
615 2905 689 2955 libuit
706 2915 854 2971 sequuntur.
884 2909 955 2972 quod
973 2909 1005 2958 de
1023 2910 1231 2975 apographorum
1249 2911 1347 2973 origiue
1366 2924 1444 2975 supra
1461 2909 1676 2973 significaveram,
1694 2909 1718 2957 id

363 3009 430 3042 nuno
448 3001 579 3058 comperta
598 2993 693 3043 codicis
711 2994 733 3044 F
752 3009 814 3044 vers
831 2995 914 3044 iorma
932 3002 984 3044 tam
1004 3003 1101 3046 certum
1119 3005 1168 3060 est,
1187 3005 1216 3047 ut
1233 2997 1353 3048 brevibus
1371 3013 1426 3048 esse
1446 2998 1522 3048 nobis
1540 2999 1624 3047 liceat.
1662 3012 1717 3047 nam

362 3081 432 3143 quod
451 3096 483 3131 ex
502 3083 599 3132 iteratis
618 3076 661 3144 §2
684 3081 769 3132 verbis
787 3085 819 3149 τῇ
838 3077 999 3149 άπορροίρ-
1011 3078 1071 3150 πρὸς
1089 3080 1118 3134 τὸ
1136 3079 1221 3150 ὅμοιον
1239 3083 1382 3146 effeceram,
1400 3085 1434 3134 ad
1452 3084 1597 3135 Cemotr'am
1618 3084 1717 3150 quidem

362 3177 388 3218 et
401 3169 557 3219 Vossiauum
575 3169 641 3218 nihil
659 3169 736 3230 velet,
755 3170 798 3232 qni
817 3169 838 3218 ii
858 3168 982 3218 hocloco
1002 3171 1190 3222 recentissime
1208 3171 1397 3236 descripserunt
1414 3197 1447 3206 —
1466 3170 1618 3222 Brundisina
1637 3174 1717 3222 incre-

363 3255 436 3304 dibili
454 3255 532 3305 modo
551 3255 638 3320 lapsus
657 3263 696 3306 est
713 3281 760 3317 -,
783 3255 829 3304 sed
847 3256 881 3304 ad
899 3255 1064 3322 archetypum
1086 3259 1204 3308 codicum
1220 3259 1265 3309 PF
1283 3266 1424 3324 parentem.
1462 3258 1521 3308 huic
1545 3259 1625 3322 igitur
1644 3271 1717 3321 quam

361 3341 421 3392 dedi
440 3343 579 3406 explicatio
597 3343 748 3394 adhibenda
765 3343 820 3392 erit.
851 3341 933 3392 nihilo
951 3345 1035 3394 miuus
1053 3359 1100 3409 per
1118 3359 1253 3396 commune
1272 3345 1417 3410 exemplum
1431 3345 1497 3395 exii
1514 3359 1632 3395 mansam
1649 3354 1717 3396 reete

363 3431 506 3492 suspicatus
525 3444 603 3482 emm.
639 3445 699 3482 nam
717 3437 746 3480 ut
763 3431 862 3480 minuta
879 3431 976 3480 mittam
995 3431 1067 3481 velut
1090 3431 1243 3496 compendia
1265 3433 1392 3496 utrimque
1414 3432 1501 3496 inepte
1524 3433 1656 3497 explicata
1678 3431 1716 3482 rel

362 3517 523 3566 coniecturas
541 3519 637 3582 pariter
654 3524 781 3582 receptas:
801 3515 961 3566 oblitteratos
980 3517 1110 3568 codiciali
1127 3520 1213 3583 epicos
1231 3519 1301 3582 quod
1319 3519 1411 3568 eodem
1427 3518 1506 3567 modo
1518 3525 1626 3581 uterque
1639 3520 1715 3580 idque

360 3601 540 3654 absurdissime
559 3604 709 3668 plerumque
727 3603 864 3667 supplerit,
883 3602 909 3651 id
928 3603 977 3652 nisi
997 3619 1043 3666 per
1061 3606 1190 3656 traducem
1209 3605 1333 3670 explicari
1351 3621 1404 3656 non
1423 3611 1514 3670 potest·
1545 3607 1714 3669 nequeenim

359 3689 539 3740 Camotieuum
559 3691 702 3756 exemplum
721 3705 754 3740 ex
771 3690 902 3740 Vossieno
921 3689 962 3738 vel
985 3690 1035 3740 hoe
1052 3707 1085 3742 ex
1103 3693 1149 3742 iilo
1168 3693 1321 3758 descriptum
1339 3700 1386 3742 est.
1422 3692 1554 3756 exemplar
1571 3708 1634 3742 sero
1652 3690 1715 3743 iliud

358 3793 419 3826 num
437 3778 503 3827 torte
522 3778 589 3826 inter
611 3779 730 3842 vulgares
753 3777 841 3841 quales
858 3792 883 3841 p.
903 3774 952 3826 117
971 3780 1087 3828 recensui
1111 3780 1212 3831 codices
1234 3781 1405 3841 inveniretur,
1428 3793 1552 3842 quaerere
1575 3779 1714 3844 supersedi.

357 3879 418 3913 nam
436 3871 511 3913 teneo
531 3866 608 3914 etiam
625 3880 703 3926 nunc,
721 3864 791 3928 quod
809 3877 887 3928 supra
905 3863 968 3922 dlxi,
987 3865 1014 3914 in
1032 3865 1077 3916 PP
1095 3879 1197 3915 omnem
1214 3866 1293 3917 libelli
1305 3867 1413 3917 salutern
1426 3880 1482 3915 ease
1496 3867 1613 3930 positam.
1645 3864 1714 3930 quod

355 3947 487 4014 Stephano
502 3950 613 4000 fidebam
625 3967 650 4014 p.
662 3948 712 4002 118
730 3951 932 4002 Laurentiauum
951 3967 978 4001 se
993 3953 1135 4016 inspexisse
1154 3957 1259 4016 neganti
1277 3950 1390 4018 [epistul.
1403 3953 1559 4004 dedicated
1571 3953 1712 4004 victorium

355 4034 438 4100 p.11],
458 4037 527 4087 haud
545 4039 597 4088 seio
617 4053 649 4088 an
669 4040 744 4089 nimia
762 4040 853 4090 fuerim
872 4040 998 4089 credulus.
1029 4055 1107 4089 unum
1126 4049 1193 4091 oerte
1212 4043 1306 4104 iocum,
1325 4057 1400 4105 quem
1413 4041 1524 4091 Gamotii
1540 4041 1713 4105 Vossianique

354 4125 487 4188 exemplar
505 4132 611 4189 propter
634 4125 859 4177 homoeoteleuton
883 4127 969 4176 omisit
990 4123 1055 4189 §75
1078 4121 1103 4176 bl
1125 4125 1158 4176 τὰ
1179 4124 1318 4196 παχύτερον
1340 4124 1505 4178 edilhartus
1523 4123 1559 4178 td
1577 4126 1621 4178 καὶ
1640 4125 1713 4196 ἦττον

353 4205 413 4260 εἶναι
436 4204 517 4278 θερμὰ
538 4209 570 4260 τὰ
593 4205 753 4280 1ρυθράτερα,
776 4227 808 4263 ex
826 4211 848 4262 F
867 4214 1023 4278 supplevisse
1043 4213 1152 4264 videtur.
1188 4231 1248 4266 nam
1267 4218 1288 4266 si
1307 4216 1329 4266 P
1348 4217 1479 4280 cognitum
1497 4215 1642 4277 habuisset,
1670 4230 1712 4265 cur

355 4314 402 4348 nee
420 4301 572 4348 memoravit
590 4301 617 4350 in
636 4301 746 4365 epistula
765 4315 812 4350 nee
830 4299 947 4351 adhibuit
965 4301 998 4350 ad
1018 4302 1228 4352 emendandum?
