3756 5736
347 371 409 436 212
624 371 689 420 XVI
726 367 775 418 DE
796 367 897 417 AETll
916 365 1152 417 Pascmoaun
1174 363 1446 416 COMPOSITIONE

346 551 408 607 tur.
441 539 641 604 academiam
664 537 789 602 redolet
811 535 978 602 exordium
995 534 1084 598 1123
1107 536 1217 596 larum
1238 536 1459 596 sententiarum
1481 551 1562 614 quae
1576 552 1652 596 uera
1666 537 1708 598 sit

348 647 423 708 deris
439 643 538 724 aliqui
552 641 678 704 uiderit:
689 631 782 722 ”quae
796 641 861 701 ueri
881 637 1049 712 simillima,
1071 656 1185 718 mapsa
1201 639 1339 719 quaestio
1355 645 1409 698 est.
1443 633 1501 700 sed
1516 633 1707 704 Ciceronem

346 766 412 812 non
441 743 546 828 ipsum
570 740 655 824 loqui
683 741 755 824 quis
784 740 923 824 probare
945 737 1071 823 possit?
1108 738 1171 804 boc
1198 737 1297 804 nolim
1327 735 1468 822 opineris
1489 737 1705 806 Aenesidemo

347 868 419 914 eum
443 865 535 910 usum
558 863 639 909 esse.
685 843 824 928 Sceptici
847 842 932 908 enim
955 840 1043 906 fame
1065 841 1150 904 intra
1171 847 1281 906 sectae
1303 839 1384 906 fines
1407 837 1648 925 confluebatur,
1671 849 1706 908 ut

346 971 388 1016 ne
411 945 604 1030 aequalibus
627 945 754 1029 quidem
771 945 996 1010 innotesceret.
1014 942 1021 972 ¹
1056 949 1143 1007 certe
1163 941 1287 1022 Cicero,
1310 941 1365 1023 qui
1387 942 1604 1028 compluribus
1626 944 1707 1010 locis

346 1049 397 1139 [of.
419 1051 509 1117 Haas
528 1071 561 1134 p.
574 1047 626 1134 36]
645 1048 785 1114 sanasse
806 1068 846 1113 ex
866 1044 1016 1111 Antiochi
1034 1064 1090 1110 ore
1104 1049 1251 1110 velerum
1265 1042 1485 1128 Scepticornm
1501 1045 1706 1130 disciplinam

345 1154 481 1220 fractam
503 1155 536 1217 et
558 1151 751 1218 exstinctam
774 1147 1007 1234 perseveravit,
1030 1143 1236 1212 Aenesidemi
1259 1143 1376 1210 librum
1397 1153 1454 1212 aut
1470 1169 1536 1215 non
1552 1151 1706 1233 cognorit

345 1262 402 1322 aut
426 1254 572 1320 consulto
594 1252 766 1336 ignoravit.
811 1271 907 1334 quam
929 1251 1067 1316 molesta
1090 1254 1122 1314 et
1143 1245 1283 1312 fortuitis
1312 1246 1440 1315 casibus
1470 1249 1611 1318 obnoxia
1637 1259 1706 1319 tum

345 1355 500 1442 temporis
522 1354 618 1420 fuerit
641 1352 793 1420 librorum
816 1353 914 1419 etiam
936 1349 1153 1434 vulgatiorem
1175 1347 1330 1434 cognitio,
1358 1349 1524 1419 Ciceronis
1545 1353 1705 1438 epistulae

345 1458 475 1526 abunde
497 1457 627 1525 docent.
660 1457 744 1522 inter
766 1456 832 1521 alia
854 1454 917 1520 huo
939 1452 1110 1538 quadrant,
1133 1471 1217 1536 quae
1238 1452 1281 1518 de
1295 1451 1430 1520 Niconis
1444 1457 1509 1540 περὶ
1524 1459 1705 1543 πολυφαγίας

345 1561 497 1628 Trebatio
521 1559 632 1626 scribit
647 1559 709 1624 VII
724 1561 766 1624 20
784 1567 810 1622 3.
833 1577 918 1642 quae
940 1576 1011 1622 cum
1027 1555 1074 1622 ita
1089 1555 1162 1638 sint,
1185 1553 1272 1621 unde
1288 1555 1413 1623 Sorano
1436 1563 1502 1624 tam
1518 1559 1705 1628 reconditae

344 1665 511 1730 doctrinae
539 1661 681 1745 cognitio
712 1661 850 1745 obtigit?
890 1678 1008 1744 nempe
1038 1678 1079 1724 ex
1108 1655 1223 1722 medici
1253 1657 1418 1725 cuiusdam
1448 1661 1579 1745 sceptici
1611 1661 1704 1730 libro.

344 1773 472 1834 oonsmt
493 1764 578 1832 enim
600 1763 677 1831 inde
699 1784 720 1829 a
742 1764 912 1851 Pyrrhone
934 1761 978 1828 ad
1001 1760 1135 1827 Sextum
1157 1778 1263 1843 paene
1290 1781 1403 1829 omnes
1432 1764 1613 1832 medicinae
1640 1773 1704 1832 stn-

344 1869 453 1935 duisse
476 1867 643 1952 scepticae.
688 1867 729 1933 de
751 1866 968 1934 Aenesidemo
991 1863 1122 1948 quidem
1143 1861 1224 1928 nihil
1246 1871 1382 1931 constat
1428 1866 1486 1934 sed
1511 1888 1577 1934 non
1600 1871 1703 1936 solum

344 1969 512 2055 Empirici,
535 1989 647 2036 verum
670 1969 766 2035 etiam
790 1975 878 2035 certe
900 1968 942 2034 ab
964 1968 1068 2032 altero
1091 1987 1122 2049 p.
1146 1963 1221 2030 chr.
1245 1969 1375 2034 saeculo
1398 1968 1588 2055 methodici,
1616 1973 1703 2055 quod

344 2072 482 2156 mireris,
509 2073 684 2157 sosptioam
707 2070 867 2136 rationem
890 2067 1174 2154 amplexabantur,
1203 2085 1267 2149 qua
1294 2068 1349 2134 via
1370 2069 1553 2138 methodica
1576 2071 1703 2140 Sorano

343 2173 550 2239 Aenesidemi
573 2173 689 2240 notitia
712 2173 832 2239 tradita
854 2171 991 2238 videtur.

430 2275 505 2340 Veri
533 2275 637 2342 simile
665 2283 715 2342 ost
740 2280 870 2359 praeter
891 2272 1141 2340 Aenesidemum
1165 2272 1325 2338 Soranum
1352 2274 1517 2356 mundiori
1540 2297 1598 2342 suo
1620 2276 1703 2344 libro

343 2377 442 2443 ctiam
466 2375 548 2442 alios
570 2377 677 2444 fontes
699 2375 897 2460 adhibuisse,
920 2375 1036 2459 quibus
1058 2374 1119 2441 etsi
1142 2395 1214 2440 oum
1230 2374 1363 2441 Plaeitis
1385 2377 1586 2460 aliquantum
1608 2379 1703 2445 inter-

343 2479 429 2545 cedit
443 2480 654 2565 regnationis,
677 2487 787 2546 tamen
809 2480 882 2563 plus
899 2485 1036 2563 apparet
1052 2477 1302 2562 discrepantiae.
1325 2479 1415 2544 velut
1429 2480 1622 2546 Tertulliani
1642 2483 1702 2548 ab

343 2586 510 2647 occurerit
536 2584 712 2647 Eubulum
741 2584 875 2664 aliquem
901 2591 930 2646 et
960 2582 1172 2648 Critolaum
1198 2591 1227 2644 et
1249 2581 1495 2646 Xenocratem
1524 2593 1553 2646 et
1579 2586 1639 2647 ista
1668 2587 1702 2647 ιἰι

343 2687 411 2748 loco
431 2689 562 2750 amicum
585 2688 754 2750 Platonis
777 2685 1026 2748 Aristotelem.
1059 2683 1240 2762 fortassean
1260 2695 1441 2750 astruentur
1456 2689 1555 2768 mapis
1575 2687 1619 2750 ad
1640 2705 1703 2750 au-

341 2790 503 2869 ferendam
526 2791 649 2852 animae
671 2789 903 2868 corpulentiam,
925 2788 954 2848 si
975 2805 1037 2850 rron
1060 2787 1141 2849 alios
1163 2807 1179 2849 e
1201 2791 1362 2850 contraria
1378 2789 1570 2869 inspexerint
1585 2800 1613 2852 et
1628 2791 1704 2872 qui·-

343 2893 411 2954 dem
424 2893 530 2972 plures
546 2911 660 2972 corpus
675 2893 798 2955 animae
813 2891 1017 2954 vindicantes.
1050 2909 1107 2952 nec
1120 2889 1193 2952 illos
1215 2891 1287 2954 dico
1307 2890 1393 2954 solas
1408 2892 1460 2972 qui
1481 2911 1550 2954 eam
1572 2893 1610 2955 sle
1631 2912 1703 2956 ma-

342 2997 464 3075 nifestis
490 2995 706 3076 corporalibus
729 2995 877 3075 effinpunt
898 3001 932 3055 ut
958 2992 1198 3074 Hipparchus
1220 2999 1249 3053 et
1278 2991 1499 3057 Heraclitus
1521 3015 1560 3057 ea
1583 2995 1648 3075 ipni
1669 3005 1702 3058 ut

341 3097 489 3177 Hippou
513 3107 540 3158 et
564 3097 693 3160 l'lrales
715 3117 755 3158 ea
777 3117 861 3179 aqua
883 3106 915 3158 ut
937 3095 1183 3174 Empedocles
1211 3102 1240 3157 et
1261 3093 1407 3158 Critias
1435 3116 1475 3159 aa
1496 3099 1649 3178 sanpuine
1669 3107 1702 3160 nt

341 3200 528 3279 Epicurus
551 3219 590 3262 eu
612 3199 785 3274 staminei
807 3208 836 3262 et
858 3200 954 3262 atomi
976 3197 1186 3276 corpulentias
1202 3195 1240 3259 de
1255 3199 1338 3260 coitu
1352 3217 1410 3261 sua
1427 3208 1539 3280 copunt
1558 3209 1592 3262 ut
1615 3200 1703 3263 Ori-

342 3303 467 3364 tolaus
489 3311 517 3364 et
539 3302 789 3382 Peripatetici
811 3303 878 3364 eius
900 3321 940 3364 ea
963 3301 1071 3381 quinta
1097 3301 1201 3362 neseio
1232 3319 1294 3381 qua
1319 3300 1509 3379 substantia,
1536 3303 1566 3365 si
1587 3311 1615 3365 et
1644 3303 1702 3364 itta

341 3423 455 3484 corpus
487 3405 561 3486 quia
592 3423 729 3486 corpora
760 3404 907 3466 includit:
945 3404 1002 3466 sed
1034 3403 1126 3465 etiam
1156 3401 1306 3465 Stoicos
1341 3404 1442 3485 allepo
1473 3405 1525 3484 qni
1557 3405 1702 3485 spiritum

339 3507 558 3586 praedicantes
577 3508 713 3570 animam
733 3525 834 3586 paene
854 3506 1023 3579 nobiscum,
1046 3523 1109 3585 qua
1129 3507 1277 3584 prosimu
1298 3509 1379 3569 inter
1400 3525 1434 3568 se
1452 3505 1546 3586 tatus
1560 3517 1587 3568 et
1601 3507 1701 3587 spiri-

341 3617 402 3684 tus,
431 3619 532 3672 tamen
555 3627 669 3689 corpus
692 3610 827 3671 animam
853 3609 950 3688 facilc
976 3607 1218 3688 persuadebunt.
1264 3607 1394 3689 denique
1423 3609 1523 3671 Zeno
1551 3609 1701 3672 ιοιιιιιιιιιι

339 3712 481 3790 spiritum
510 3713 658 3792 definiens
681 3713 816 3773 animam
841 3711 899 3772 loc
919 3710 1012 3772 modo
1033 3711 1158 3772 instruit
1179 3707 1258 3791 ‘quo’
1279 3711 1381 3792 inquit
1408 3709 1558 3791 ‘dipresso
1581 3711 1701 3774 animal

339 3815 488 3874 cmoritur
511 3831 624 3892 corpus
647 3823 705 3888 est,
736 3815 854 3875 consito
876 3821 977 3875 autem
999 3813 1113 3892 spiritu
1136 3812 1275 3891 dipresso
1298 3815 1417 3876 animal
1437 3815 1599 3889 emoritur,
1627 3833 1700 3894 erpo

340 3917 477 3978 consitus
492 3917 622 3995 spiritus
645 3933 759 3996 corpus
778 3923 832 3989 est,
856 3916 992 3976 conanus
1015 3923 1116 3977 autem
1138 3917 1268 3994 spiritus
1290 3917 1396 3979 anima
1418 3925 1473 3991 est,
1496 3935 1568 3997 erpa
1587 3935 1702 3996 corpus

339 4027 383 4080 est
406 4021 521 4080 anima.
558 4019 623 4081 cult
645 4027 672 4080 et
696 4017 892 4080 Cleanthes
914 4035 977 4078 non
998 4017 1098 4079 solum
1120 4020 1263 4098 corporis
1285 4019 1480 4082 lineamentis
1500 4019 1556 4082 sed
1575 4029 1603 4082 et
1626 4020 1701 4083 ani-

338 4139 406 4182 mae
428 4122 508 4182 notis
529 4119 759 4182 similitudinem
780 4119 962 4200 parentibus
983 4122 1016 4182 in
1036 4121 1120 4200 {ilios
1142 4121 1345 4201 respondere,
1374 4121 1412 4184 de
1433 4123 1559 4202 speculo
1580 4122 1699 4184 scilien

338 4242 456 4284 morum
479 4233 507 4284 et
529 4225 722 4304 inpeniorum
745 4231 774 4284 et
796 4221 976 4304 affectuum,
1003 4225 1147 4304 corporis
1174 4234 1274 4287 autem
1296 4224 1527 4288 similitudinem
1549 4233 1578 4287 et
1600 4225 1699 4288 dissi-

337 4325 543 4388 militudinem
567 4345 679 4407 capcre
706 4333 735 4387 et
757 4325 902 4386 animam.
946 4327 1051 4406 itaque
1075 4343 1190 4406 corpus
1217 4326 1414 4390 similitudini
1441 4335 1470 4389 et
1499 4327 1699 4390 dissimilitu-

338 4427 404 4522 dini
426 4429 603 4492 obnoxium.
647 4430 717 4490 item
740 4427 951 4507 corporalium
973 4436 1001 4489 st
1023 4429 1270 4509 incorporalium
1291 4430 1456 4511 passiones
1478 4430 1559 4492 inter
1579 4450 1614 4494 se
1635 4449 1698 4493 non

337 4533 572 4594 communicare.
608 4549 704 4610 porra
727 4539 755 4592 et
771 4532 907 4593 animam
923 4533 1057 4610 compati
1074 4533 1210 4612 corpori,
1227 4533 1277 4595 cui
1292 4533 1378 4596 laeso
1392 4531 1504 4595 ictibus
1518 4531 1698 4596 uulneribus

335 4645 650 4652 —-—..---.-—-
675 4643 739 4650 -—.

410 4685 415 4714 ¹
437 4687 564 4750 Diogenis
583 4695 608 4736 et
626 4687 763 4736 Aristoclis
782 4687 851 4754 apud
865 4687 1005 4738 Eusebium
1023 4691 1149 4739 memoria
1166 4688 1290 4754 Scepticis
1308 4689 1452 4740 iunioribus
1471 4690 1586 4741 debetur.
1606 4698 1697 4741 eontra

336 4774 538 4824 Aenesidemum
562 4775 639 4824 ctiam
662 4773 726 4822 illud
745 4775 817 4836 lacit,
843 4775 913 4837 qnod
935 4775 1080 4826 Stoicorum
1099 4777 1256 4839 omninoque
1276 4779 1424 4826 recentioris
1443 4782 1534 4828 aetstn
1552 4779 1696 4828 senmntlss

335 4867 362 4908 nt
386 4859 504 4910 Ciceroni
528 4863 564 4909 ita
589 4863 666 4910 serio
695 4861 819 4924 plurimae
845 4864 976 4912 immixtae
998 4871 1069 4925 sunt,
1101 4862 1212 4926 Sceptioi
1237 4864 1442 4913 Heracliteorum
1468 4865 1608 4929 explicatio
1633 4881 1694 4914 nns-

334 4961 420 5009 quam.
