3708 5732
322 415 384 478 156
601 417 654 466 XII
689 417 739 465 DE
758 412 967 466 PLUTARCHI
986 413 1234 468 STROMATBON
1252 415 1399 466 ECLOGA

323 583 426 648 detur.
472 585 530 649 sed
557 584 608 648 hic
635 605 762 667 qnoque
789 590 824 648 ιιι
853 582 952 649 ceteri
980 589 1127 648 recentes
1156 581 1229 646 libri
1263 583 1403 666 pessime
1436 583 1576 665 corrupti
1610 589 1687 647 sunt

322 686 553 770 compendiosa
575 685 734 769 scriptura
756 686 873 751 stolide
897 684 1035 766 decepti.
1080 684 1271 766 praesertim
1299 691 1446 751 extrema
1467 683 1627 750 vocabula
1649 691 1686 749 ut

325 787 392 852 ficri
415 789 499 854 solet
521 797 673 872 corrupta
694 807 798 871 neque
821 788 994 871 quidquam
1017 785 1069 850 hic
1091 786 1255 852 codicibus
1277 795 1328 854 est
1348 788 1432 853 fidei.

401 890 537 956 Praeter
552 913 642 975 spem
655 891 820 974 egregium
834 896 973 954 nanctus
988 907 1057 952 sum
1073 887 1320 954 instrumentum
1336 889 1502 955 Gedreni
1518 894 1685 972 excerpta,

321 1012 404 1074 quae
439 994 491 1058 vel
530 993 668 1076 Roeperi
698 991 885 1058 memoriam
919 991 1108 1072 effugemnt.
1157 991 1296 1074 scriptor
1327 1011 1412 1056 saec.
1441 991 1490 1056 xl
1519 991 1686 1074 ceteroqui

321 1093 527 1160 stultfflsimus
559 1093 591 1158 in
620 1093 731 1159 histor.
761 1114 865 1177 comp.
889 1095 903 1158 l
926 1115 957 1177 p.
975 1095 1038 1158 275
1051 1113 1119 1175 sqq.
1149 1091 1252 1157 Bonn.
1301 1092 1463 1158 succincte
1490 1099 1524 1159 et
1551 1093 1687 1158 liberius

322 1196 640 1280 Philosophumenon
671 1196 795 1278 aliquot
822 1196 931 1278 capita
962 1195 1159 1278 compilarit.
1204 1193 1369 1260 admixtae
1390 1201 1465 1260 sunt
1486 1197 1620 1278 eclogae
1643 1217 1685 1262 ex

323 1297 567 1381 Suidapetitue
589 1297 733 1363 velutin
756 1298 953 1381 Empedocle
983 1297 1226 1362 Anaximandro
1249 1296 1459 1380 Anaxagora,
1483 1299 1541 1362 scd
1563 1298 1687 1382 Hippo-

321 1399 411 1482 lytea
433 1401 521 1463 nullo
544 1400 676 1480 negotio
699 1399 901 1464 dirimuntur.
947 1399 1057 1466 codice
1085 1419 1162 1464 usus
1189 1397 1238 1464 es't
1265 1397 1449 1481 Oedrenus,
1478 1407 1513 1464 ut
1539 1420 1598 1484 par
1623 1407 1686 1485 est,

322 1503 424 1566 multo
447 1501 665 1584 castigatiore.
703 1502 796 1566 'unde
826 1501 930 1566 facilis
959 1509 1009 1567 est
1038 1501 1233 1585 coniectura,
1256 1506 1411 1584 quantum
1433 1501 1610 1568 vetustiore
1634 1523 1687 1568 co-

321 1603 392 1668 dice
428 1612 555 1687 reperto
578 1603 753 1686 profecturi
780 1603 888 1668 simus.
934 1605 1059 1670 interea
1080 1604 1171 1668 iuvat
1193 1603 1280 1668 illius
1302 1609 1426 1666 curtam
1449 1604 1685 1688 supellectilem

324 1705 420 1786 aequi
444 1706 582 1786 bonique
606 1706 782 1770 consulere.
817 1712 1071 1772 consentaneum
1093 1713 1142 1770 est
1164 1705 1262 1770 ctiam
1279 1703 1419 1770 Cedreni
1441 1704 1583 1771 codicem
1606 1727 1688 1790 pau-

320 1807 366 1870 cis
389 1807 469 1872 locis
491 1807 680 1872 mendosum
703 1807 822 1892 fuisse,
851 1808 966 1890 quibus
988 1807 1087 1872 mirus
1110 1826 1210 1891 saepe
1232 1827 1302 1872 cum
1327 1805 1520 1872 Taurinensi
1543 1809 1689 1874 cernitur

321 1929 507 1974 consensus.
552 1929 615 1974 uno
644 1911 715 1974 loco
744 1909 850 1974 labem
877 1929 936 1992 per
957 1911 1088 1974 saecula
1111 1910 1298 1992 gliscentem
1321 1916 1354 1974 et
1377 1915 1504 1974 aucum
1528 1917 1687 1993 tanquam

321 2012 422 2076 oculis
449 2012 605 2077 videmus.
652 2015 707 2077 64
735 2013 776 2078 de
798 2010 1043 2076 Anaximandro
1070 2013 1106 2076 τὰ
1135 2013 1168 2076 δὲ
1189 2013 1281 2096 ἄστρα
1302 2012 1431 2094 γίνεσθαι
1455 2013 1560 2076 adulor
1582 2016 1687 2098 πυρός,

321 2115 515 2197 ἀποκριθέντα
543 2121 594 2177 τοῦ
617 2115 691 2178 κατὰ
714 2117 762 2178 τὸν
786 2117 896 2196 κόσμον
918 2115 1025 2196 πυρός,
1054 2114 1268 2198 περιληφθέντα
1296 2113 1326 2176 δ’
1350 2115 1407 2176 ὑπὸ
1430 2114 1525 2198 ἀέρος.
1559 2116 1688 2186 ἐκπνοὰς

320 2216 348 2278 δ’
365 2215 486 2298 ὑπάρξαι
508 2217 635 2286 τόπους
657 2219 753 2285 τινὰς
775 2217 947 2300 ἀερώδεις
969 2215 1049 2278 καθ’
1073 2217 1134 2286 οὓς
1156 2217 1323 2300 φαίνεται
1344 2217 1385 2280 τὰ
1408 2215 1531 2300 ἄστρα.
1565 2217 1688 2282 Anaxi-

322 2317 513 2381 mandream
530 2318 709 2382 doctrinam
724 2319 939 2383 adulteratam
956 2336 1038 2400 csse,
1059 2337 1125 2382 non
1140 2315 1330 2399 infitiabere,
1353 2316 1380 2381 si
1396 2317 1579 2383 meminoris
1600 2339 1689 2402 quae

320 2438 419 2502 supra
442 2418 575 2501 exposui
600 2441 630 2501 p.
648 2421 699 2483 ⁶25.
738 2439 844 2502 neque
866 2421 1032 2501 Rocperus
1055 2419 1197 2501 negarit,
1220 2419 1274 2501 qui
1297 2417 1441 2483 traiectis
1463 2420 1571 2486 verbis
1595 2424 1686 2506 ὑπάρ-

320 2521 364 2589 Εαι
389 2521 466 2590 τινὰς
496 2524 633 2603 ἀερώδεις
656 2523 721 2584 καθ’
746 2522 796 2590 οὓς
817 2523 923 2589 τόπους
945 2523 1075 2604 φαίνεται
1097 2519 1214 2584 vulnus
1242 2525 1454 2604 suppuratum
1477 2523 1596 2588 celavit
1616 2545 1686 2590 nnn
1706 2557 1718 2574 ·

321 2621 460 2688 sanarit.
495 2642 569 2686 nam
593 2625 730 2707 ἀερώδεις
753 2624 842 2687 nullo
864 2630 960 2706 pacto
983 2643 1054 2686 cum
1070 2622 1174 2703 igneis
1195 2621 1378 2687 flaminibus
1400 2621 1574 2688 conciliare
1596 2625 1686 2690 licet.

320 2727 449 2789 conlata
477 2727 536 2805 §5
563 2727 642 2808 παρὰ
669 2728 721 2809 τὴν
748 2731 807 2788 τῶν
830 2727 928 2809 πόριυν
951 2726 1099 2809 ἐπίρραξιν
1128 2731 1161 2788 et
1183 2723 1316 2788 Placitis
1338 2723 1371 2788 Π
1391 2725 1467 2790 201
1501 2727 1575 2790 251
1606 2727 1686 2792 olim

320 2827 443 2892 restitui
467 2828 588 2911 ὑπάρξαι
616 2829 745 2910 πόρους
768 2829 844 2896 τινός
867 2829 1059 2902 αὐλώδεις,
1088 2834 1124 2891 ιιι
1151 2832 1316 2911 πρηστῆρος
1339 2828 1421 2890 αὐλοὶ
1444 2827 1687 2910 quodammodo

320 2928 589 3010 significarentur.
627 2929 810 2994 emendatio
833 2950 899 2994 non
923 2937 997 3011 eget
1019 2928 1271 2994 confirmatione.
1294 2935 1404 2994 tamen
1425 2949 1492 2994 non
1515 2929 1585 2996 sine
1606 2951 1688 3014 gau-

320 3029 374 3094 dio
404 3031 468 3112 legi
492 3031 629 3096 Cedreni
658 3031 829 3098 lectionem
854 3035 983 3117 πόρους
1009 3033 1086 3101 τινὰς
1108 3033 1285 3116 αόρώδεις
1315 3051 1379 3114 qna
1404 3031 1496 3096 velut
1517 3039 1616 3116 ponte
1638 3034 1686 3098 ad

320 3151 432 3196 rerum
455 3141 668 3198 transeamus.
702 3134 1006 3216 Philosophumenis
1022 3133 1220 3216 prooemium
1244 3133 1392 3216 pauculis
1414 3134 1567 3200 correctis
1589 3136 1686 3200 nulla

318 3239 434 3299 tamen
457 3234 669 3301 adnotatione
691 3235 819 3300 adiecta
841 3235 1024 3320 praeposui.

606 3525 665 3580 XII
701 3526 750 3580 llll
768 3525 978 3582 rxunlncm
996 3524 1234 3582 SPBMA'PPON
1252 3524 1392 3582 nonest

403 3712 568 3779 Plutarchi
596 3713 804 3780 Stromateou
829 3714 1060 3798 fragmentum,
1089 3713 1177 3796 quod
1208 3733 1249 3781 ex
1271 3715 1402 3782 Eusebii
1425 3717 1685 3801 Praeparatione

321 3815 512 3899 evangelica
533 3816 591 3880 18
621 3835 765 3880 seorsum
794 3816 1026 3900 expressimus,
1053 3815 1243 3882 nobilissimi
1272 3816 1437 3900 scriptoris
1463 3837 1583 3885 nomen
1610 3818 1686 3884 sine

320 3917 418 3983 dubio
441 3917 625 3982 ementitur.
660 3925 692 3983 et
714 3937 735 3982 a
756 3917 793 3983 R.
817 3918 947 4002 quidem
969 3918 1176 3985 Volkmanno
1196 3917 1362 3985 Plutarchi
1384 3918 1563 4005 biographo
1587 3921 1685 3986 1169

317 4041 424 4086 rerum
448 4017 580 4084 exilitas
602 4017 791 4102 formaeque
818 4021 1002 4106 scabrities,
1028 4039 1113 4104 quae
1139 4019 1174 4084 in
1202 4019 1313 4084 hiandi
1335 4019 1519 4106 frequentia
1541 4022 1685 4088 maxime

318 4120 524 4205 conspicitur,
547 4119 671 4186 fraudis
690 4119 810 4186 indicia
825 4123 1004 4187 afferuntur
1019 4121 1234 4206 apertissima.
1267 4142 1328 4188 neo
1350 4124 1469 4189 multos
1491 4123 1561 4189 sore
1583 4123 1683 4188 credo

320 4223 374 4306 qui
400 4223 628 4307 necopinatum
655 4221 742 4288 illius
769 4223 982 4306 patrocinium
1009 4223 1174 4308 suscipere
1204 4223 1307 4290 velint
1332 4224 1394 4291 nisi
1417 4225 1501 4292 forte
1523 4243 1684 4290 commen·

318 4327 435 4393 tarium
458 4325 740 4392 comminiscuntur
755 4325 798 4390 ab
813 4325 1058 4393 adulescentulo
1074 4325 1249 4392 Plutarcho
1272 4327 1305 4392 in
1328 4327 1448 4393 scholis
1465 4325 1684 4394 conscribilla-

318 4435 400 4512 tum,
431 4435 497 4494 tum
524 4429 634 4494 nescio
662 4448 725 4510 quo
753 4433 849 4510 pacto
879 4427 913 4492 in
940 4427 1080 4494 modium
1108 4437 1224 4513 postea
1252 4431 1422 4514 prolatum.
1459 4430 1562 4496 oratio
1593 4435 1684 4496 certe

319 4530 496 4596 scholicum
512 4531 612 4597 habet
627 4549 776 4613 saporem
792 4549 834 4594 ne
850 4529 954 4596 dicam
971 4530 1137 4616 puerilem,
1160 4535 1195 4595 ut
1210 4551 1294 4614 quae
1315 4531 1350 4597 in
1372 4531 1488 4599 eodem
1509 4531 1682 4599 verborum

318 4653 399 4718 gyro
421 4640 577 4718 versetur,
602 4639 762 4716 quatenus
784 4632 1005 4716 compilatoris
1027 4653 1093 4697 non
1115 4629 1268 4716 descripti
1291 4633 1487 4717 exemplaris
1510 4635 1592 4700 est.¹
1618 4653 1681 4700 nec

295 4839 305 4848 ·
391 4823 397 4854 ¹
417 4827 562 4890 exemplum
581 4833 636 4874 esto
656 4823 717 4884 §42
738 4823 899 4891 ἀποφαίνεται
918 4822 943 4874 δὲ
962 4823 1005 4874 καὶ
1020 4852 1052 4860 -
1066 4823 1227 4894 ἀποφαίνεται
1246 4821 1272 4875 δὲ
1290 4825 1334 4876 καὶ
1348 4851 1380 4860 -
1394 4825 1454 4894 φησι
1472 4823 1499 4876 δὲ
1517 4825 1561 4877 καὶ
1575 4824 1683 4876 -ἀπο-

318 4911 429 4980 φαίνεται
447 4909 473 4962 δὲ
492 4911 535 4962 καὶ
555 4939 585 4946 -
606 4909 769 4976 ἀποφαίνεται
787 4907 813 4960 δὲ
831 4910 882 4961 καί.
919 4913 1011 4962 nimius
1030 4921 1069 4961 cst
1087 4915 1113 4963 iu
1132 4929 1197 4963 voce
1215 4908 1326 4964 καθόλου
1345 4911 1540 4977 §imbibit
1556 4912 1597 4965 ll.
1627 4915 1680 4963 ein·

317 5002 405 5063 gulare
424 5011 463 5050 cst
480 4995 547 5066 μάλα
566 4997 606 5062 §2
626 4995 693 5066 μάλα
712 4996 829 5050 πλατεῖαν
848 5007 874 5050 ει
893 4995 949 5064 μαλ’
971 4995 1069 5068 ἱκανήν.
