3710 5730
678 373 957 447 rnouaeous‘nu
1451 389 1492 454 43

133 567 387 653 Byzantinorum
419 562 516 628 vitiis.
563 564 604 631 de
640 563 745 630 dubiis
772 561 842 628 eod.
870 561 900 626 A
929 561 1121 628 lectionibus
1147 560 1419 644 quemadmodum
1444 580 1494 626 ca-

132 691 254 754 verem,
277 686 376 752 supra
396 666 507 732 monui
529 687 561 750 p.
577 668 628 732 33.
665 667 802 732 alterum
817 683 920 746 genus
936 669 986 729 est
1001 670 1236 748 excerptorum,
1259 683 1342 748 quae
1365 663 1495 730 diversa

132 773 260 838 ratione
288 769 377 836 faeta
399 775 475 833 sunt
506 775 542 834 ut
564 775 621 834 aut
644 769 745 834 verba
766 768 838 852 ipsa
860 765 1109 850 compilarantur
1130 772 1188 832 aut
1215 767 1396 832 sententiae
1418 766 1495 832 libe

131 875 199 940 rins
226 873 343 940 alienis
372 891 473 955 saepe
498 870 650 936 admixtis
681 870 903 936 redderentur.
948 873 1100 934 accurate
1120 869 1296 953 descripsit
1324 869 1494 950 Eusebius,

132 976 225 1042 cuius
254 975 362 1059 capita
390 973 518 1055 singula
546 973 681 1056 singulis
702 971 869 1038 Plutarchi
897 969 1057 1054 capitibus
1079 971 1122 1037 ad
1144 971 1306 1038 sinistram
1330 971 1494 1036 adnotavi.

133 1078 221 1143 infra
249 1078 500 1162 discrepantiam
528 1095 625 1159 quam
647 1096 688 1142 ex
711 1073 887 1142 Gaisfordii
915 1072 1076 1154 indigesta
1103 1075 1187 1140 mole
1215 1073 1369 1139 extricari
1397 1093 1496 1157 appo-

131 1181 228 1246 sitam
252 1181 362 1248 habes.
397 1185 520 1262 quanta
550 1177 765 1262 perversitate
793 1175 925 1242 Eusebii
954 1174 1011 1240 illa
1038 1174 1137 1240 editio
1166 1175 1305 1241 conflata
1332 1176 1388 1259 sit,
1418 1176 1493 1240 nolo

131 1282 297 1366 conqueri.
324 1281 527 1348 accuratiora
548 1281 590 1346 de
612 1279 777 1346 codicibus
798 1277 883 1342 infra
904 1275 1071 1342 Plutarchi
1091 1275 1297 1344 stromateon
1314 1278 1495 1360 fragmento

136 1383 305 1464 praefatus
319 1383 454 1450 docebo.
482 1389 608 1450 tantum
624 1383 704 1450 scito
720 1403 772 1448 me
794 1380 945 1446 meliores
961 1377 1089 1443 codices
1103 1378 1247 1446 iudicare
1271 1379 1387 1464 OGF,
1410 1380 1497 1446 date-

131 1488 236 1554 riores
258 1487 367 1570 BEI,
397 1487 627 1570 interpolatum
658 1506 699 1550 ex
731 1481 897 1550 Plutarchi
933 1480 1066 1562 uulgata
1092 1480 1133 1546 D.
1172 1481 1275 1550 codex
1301 1483 1330 1547 A
1357 1481 1495 1565 optimus

134 1589 334 1656 Plutarohea
364 1595 519 1673 excerpta
548 1610 615 1654 non
648 1587 801 1654 eontinet.
837 1583 941 1650 minus
970 1588 1121 1648 accurate
1146 1583 1317 1668 descripsit
1343 1584 1496 1650 Galenus.

135 1697 308 1776 praeterea
338 1690 468 1758 difficile
497 1699 568 1758 erat
591 1692 679 1758 illius
705 1695 850 1756 monstra
883 1683 1036 1750 continua
1064 1683 1274 1752 adnotatione
1303 1705 1495 1770 supponere.

134 1813 236 1877 quare
262 1793 421 1877 potiorem
446 1793 641 1860 varietatem
667 1787 868 1876 deprompsi,
897 1791 1007 1852 cetera
1034 1785 1250 1854 emendaturis
1277 1809 1422 1855 seorsum
1444 1807 1496 1854 ex·

135 1895 250 1981 pressi.
284 1895 425 1980 capitum
454 1916 606 1962 numeros
637 1895 680 1960 ad
701 1895 850 1960 dextram
875 1888 995 1970 ubique
1016 1888 1181 1955 adnotavi
1225 1893 1325 1958 multo
1347 1891 1398 1956 bis
1420 1909 1496 1974 pau-

134 1999 223 2066 ciora
252 2005 482 2082 excerpserunt
514 1997 655 2083 cyrillus
681 1997 823 2062 Ioannes
851 1995 962 2080 Lydus
990 1991 1298 2079 Pseudo-lustinus,
1331 2001 1429 2076 atque
1462 1991 1494 2056 hi

133 2100 265 2185 quidem
294 2100 496 2184 diligentius,
528 2101 626 2168 ceteri
664 2099 794 2165 brevius
821 2099 875 2162 661
906 2100 1077 2184 audacius,
1110 2097 1327 2165 audacissime
1355 2095 1497 2160 omniurn

132 2202 289 2269 Achilles.
322 2203 436 2268 horum
462 2202 561 2284 igitur
588 2202 775 2269 testimonia
803 2203 956 2284 quoniam
986 2201 1048 2285 ipsi
1071 2201 1209 2284 legentis
1230 2199 1348 2272 iudicio
1370 2197 1497 2279 integra

134 2323 318 2388 proponere
348 2303 399 2370 fas
431 2304 525 2388 duxi,
552 2303 585 2369 in
613 2303 723 2368 infima
751 2323 880 2386 quaque
908 2305 1096 2370 dimidiatae
1118 2303 1259 2388 paginae
1280 2308 1374 2386 parte
1394 2299 1438 2365 ad
1458 2298 1498 2364 si-

134 2408 273 2472 nistram
293 2405 464 2488 diligenter
485 2405 626 2472 exhibui.
661 2405 853 2472 coniecturis
869 2407 922 2472 661
937 2407 1053 2472 6116616
1068 2407 1122 2472 661
1137 2407 1217 2472 meis
1239 2409 1374 2470 eatenus
1395 2400 1498 2466 indul-

133 2509 263 2593 gebam,
288 2528 353 2592 qua
367 2507 576 2574 Plutarchum
590 2515 800 2592 personatum
825 2527 934 2574 errore
956 2509 1099 2574 caruisse
1120 2516 1218 2592 atque
1240 2505 1498 2572 emendationem

133 2619 257 2679 certam
272 2611 502 2678 indicaveram.
537 2617 715 2678 ceterorum
731 2611 886 2694 siglorum
912 2612 1160 2696 explicationem
1183 2608 1317 2676 editioni
1336 2606 1497 2692 praemisi.

567 2951 613 3006 111
649 2951 697 3007 bll
716 2949 871 3008 suebum
889 2949 1069 3008 mancam.

221 3124 354 3192 Ioannis
369 3125 537 3192 Stobensis
561 3126 615 3209 qui
636 3125 796 3191 Stobaens
818 3124 931 3189 audire
953 3122 1071 3194 maluit,
1089 3123 1223 3204 eclogae
1245 3123 1401 3207 physicae
1424 3143 1499 3206 quo-

130 3227 222 3292 niam
245 3246 286 3292 ex
308 3227 425 3293 eodem
439 3225 638 3293 Placitorum
660 3227 742 3293 libro
766 3227 853 3292 unde
868 3225 1062 3291 Plutarchus
1083 3225 1220 3290 haustae
1242 3225 1498 3308 complurimas,

132 3332 285 3396 (16616666
315 3328 466 3396 editionis
487 3335 619 3395 nostrae
641 3337 768 3413 partem
790 3329 936 3412 implent.
972 3347 1015 3392 ne
1041 3327 1093 3392 hie
1120 3328 1249 3410 quidem
1276 3327 1370 3393 editis
1392 3328 1499 3392 adhuc

132 3435 294 3517 exemplis
321 3431 421 3497 fidere
452 3432 532 3497 satis
565 3439 634 3498 1616
662 3432 761 3498 116611.
799 3451 876 3496 nam
905 3430 1103 3496 (16616666
1124 3429 1303 3513 principem
1326 3431 1498 3495 editionem

131 3556 165 3600 a.
184 3535 267 3600 1515
283 3535 405 3600 editam
421 3553 462 3598 ex
477 3533 638 3600 deteriore
654 3534 766 3600 codice
781 3534 951 3617 expressit,
967 3533 1080 3616 paucis
1095 3533 1129 3596 in
1145 3551 1202 3597 ora
1217 3533 1378 3598 correctis.
1405 3533 1499 3616 plura

132 3635 273 3721 perfecit
291 3635 528 3719 HeereniuS,
556 3635 610 3718 qui
632 3642 842 3719 cognatorum
867 3635 1057 3719 scriptorum
1081 3633 1290 3699 similitudine
1308 3635 1362 3700 661
1384 3639 1499 3718 suopte

133 3737 270 3821 ingenio
294 3737 372 3806 fisus
394 3739 586 3822 gravissima
609 3738 727 3804 menda
750 3738 879 3804 exemit.
917 3745 1027 3802 tamen
1048 3737 1134 3802 idem
1157 3755 1351 3819 quamquam
1373 3735 1499 3802 codices

132 3841 284 3908 conlatus
306 3841 448 3908 habebat
472 3841 621 3925 optimos,
645 3847 737 3906 tanta
758 3841 871 3906 iudicii
892 3841 1105 3924 perversitate
1127 3839 1289 3922 adhibuit,
1318 3847 1353 3904 ut
1375 3857 1499 3904 errores

132 3943 269 4008 maximi
284 3951 461 4010 orerentur.
494 3962 555 4008 nee
571 3942 688 4008 Gaisl
693 3944 795 4009 ordii
811 3963 888 4008 cura
904 3943 1078 4026 quidquam
1093 3940 1162 4007 fere
1176 3941 1253 4028 boni
1274 3941 1391 4006 attulit.
1424 3959 1500 4004 uam

133 4046 215 4128 quia
242 4045 371 4111 codices
394 4046 545 4111 meliores
567 4044 742 4128 praecipue
768 4045 991 4127 Augustanus,
1023 4064 1104 4126 quos
1131 4051 1282 4109 accurate
1309 4043 1500 4124 contulerat,

133 4147 241 4212 eidem
272 4153 347 4212 suut
378 4145 682 4230 interpolationibus
721 4145 972 4230 haudquaquam
1007 4145 1116 4230 liberi,
1151 4144 1355 4211 Gaisfordius
1385 4145 1499 4228 rarius,

131 4268 236 4332 saepe
250 4248 490 4316 Mainakeus
505 4255 540 4313 ut
555 4247 639 4314 ratio
656 4255 829 4333 constaret,
853 4249 1061 4332 interpolavit
1076 4248 1305 4313 infelicissime.
1338 4267 1421 4332 quae
1437 4269 1501 4313 om·

131 4352 190 4416 nia
205 4371 291 4416 nuno
306 4350 407 4416 Curtii
423 4349 711 4415 Wachsmuthii
728 4350 884 4434 singulari
899 4351 1012 4416 merito
1028 4356 1146 4434 aperta
1162 4357 1245 4414 sunt.
1280 4350 1308 4415 16
1331 4371 1402 4415 oum
1424 4349 1500 4432 quid

132 4453 183 4520 rei
210 4460 298 4520 esset
323 4451 466 4518 breviter
495 4452 769 4518 commentatione
796 4453 838 4519 de
865 4452 999 4520 Stobaei
1021 4453 1142 4536 eologis
1171 4453 1316 4536 Gotting.
1341 4453 1422 4517 1811
1447 4449 1498 4534 [cf.

131 4579 165 4622 n.
183 4556 294 4640 jahrb.
310 4555 332 4620 f.
348 4555 388 4620 cl.
404 4555 464 4620 Ph.
485 4555 640 4621 (1111812
663 4575 695 4638 p.
712 4555 893 4637 raa-194]
917 4554 1136 4638 indicavisset,
1151 4555 1289 4620 ‘iamiam
1312 4556 1382 4638 ipse
1404 4573 1500 4637 quam

131 4658 355 4724 desideramus
376 4658 420 4722 ad
443 4657 599 4741 optimum
621 4656 765 4722 codicem
789 4656 1003 4722 Farnesinum
1033 4658 1226 4723 recensitam
1249 4657 1423 4723 aditionem
1446 4675 1500 4738 pa-

130 4768 263 4827 raturus
285 4767 344 4826 est.

222 4863 363 4928 Ioannes
393 4862 596 4927 utilissimum
627 4883 719 4928 suum
752 4863 928 4928 electorum
958 4862 1146 4927 thesaurum
1177 4861 1212 4924 in
1242 4861 1307 4926 duo
1334 4857 1499 4923 volumina

132 4965 261 5049 divisit,
294 4983 429 5049 quorum
453 4971 624 5048 utrumque
645 4971 783 5030 centena
805 4965 913 5048 capita
936 4985 993 5048 per
1016 4963 1110 5028 binos
1133 4963 1232 5028 libros
1253 4961 1380 5043 digesta
1402 4958 1499 5023 conti-
