3708 5738
476 408 670 460 HIPPOLYTI
689 408 1053 461 PHILOSOPHUMENON
1071 407 1179 460 215-1σ
1444 408 1506 473 557

194 578 227 642 δὲ
257 576 375 661 δύναμις
409 577 457 640 ἐπὶ
488 576 590 662 κύβον,
627 577 726 661 γέγονε
760 578 973 664 δυναμόκυβος,
1004 579 1072 644 όταν
1104 580 1137 644 δὲ
1165 579 1252 665 κύβος
1279 579 1327 644 ἐπὶ
1356 579 1454 664 κύβον,

195 680 294 764 γέγονε
317 679 491 766 κυβόκυβυς·
521 684 561 750 ὡς
587 681 717 764 γίνεσθαι
748 681 817 750 τοδς
843 683 952 752 πάντας
979 683 1135 768 ἀριθμούς,
1165 681 1195 752 ἐξ
1222 683 1263 746 ὧν
1290 684 1310 766 ἡ
1336 687 1396 746 τῶν
1417 706 1457 766 γι-

194 781 322 865 νομένων
353 781 461 866 γένεσις
491 782 611 865 γίνεται,
646 783 733 847 ἑπτά·
773 783 898 868 ἀριθμόν
926 787 1038 868 μονάδα
1066 786 1184 869 δύναμιν
1215 786 1303 871 κύβον
1337 788 1457 869 δυναμο-

194 886 312 968 δύναμιν
335 885 533 969 δυναμόκυβον
555 884 725 970 κυβόκυβον.

157 1008 169 1046 ι
274 986 368 1056 Ούτος
391 987 438 1050 καὶ
460 988 559 1072 ψυχὴν
581 987 726 1052 ἀθάνατον
741 987 805 1052 είπε
824 990 872 1054 καὶ
889 989 1161 1072 μετενσωμάτωσιν·
1178 991 1223 1055 διδ
1239 989 1336 1073 ἔλεγεν
1352 991 1454 1054 ἑαυτὸν
1475 1003 1503 1052 11

195 1091 252 1174 πρδ
288 1091 341 1173 μὲν
375 1095 434 1153 τῶν
474 1087 615 1174 Τρωϊκῶν
649 1089 813 1175 Αἰθαλίδην
840 1091 1001 1175 γεγονέναι,
1028 1091 1058 1153 ἐν
1085 1091 1119 1154 δὲ
1144 1097 1204 1162 τοῖς
1230 1090 1373 1176 Τρωϊκοῖς
1399 1089 1455 1157 Εύ·

69 1261 77 1272 ,
194 1193 320 1277 φορβον,
353 1192 427 1274 μετὰ
460 1192 493 1254 δὲ
521 1197 612 1258 ταῦτα
637 1191 810 1278 Ἑρμότιμον
843 1193 972 1275 Σάμιον,
1008 1190 1075 1276 μεθ’
1118 1194 1150 1258 δν
1189 1191 1302 1278 Πύρρον
1338 1193 1455 1280 Δήλιον,

191 1295 322 1378 πέμπτον
338 1293 561 1378 Πυθαγόραν.
683 1297 907 1382 Διόδωροςδὲ
922 1292 1107 1380 όἘρετριεὶις
1121 1295 1170 1358 καί
1181 1291 1422 1378 Ἀριστόξενος
1438 1302 1453 1363 ό
1474 1309 1505 1361 12

195 1397 332 1480 μουσικός
353 1419 423 1483 φασι
445 1399 517 1482 πρὸς
538 1397 702 1483 Ζαράταν
724 1401 773 1463 τὸν
796 1398 944 1464 Χαλδαίαν
960 1397 1134 1482 ἐληλυθέναι
1150 1396 1381 1483 Πυθαγόραν·
1405 1402 1454 1465 τόν

153 1519 177 1558 ιι
195 1502 229 1564 δὲ
246 1500 389 1566 ἐκθέσθαι
403 1501 485 1586 αύτῷ
501 1500 554 1565 δύο
568 1500 641 1565 εἶναι
660 1499 711 1566 ἀπ’
732 1503 828 1587 ἀρχῆς
842 1507 902 1572 τοῖς
924 1499 1004 1566 οὖσιν
1026 1498 1116 1576 αἴτια,
1137 1499 1248 1584 πατέρα
1262 1502 1311 1564 καὶ
1329 1502 1454 1588 μητέρα·

196 1603 245 1668 καὶ
278 1603 390 1688 πατέρα
422 1605 475 1688 μὲν
507 1607 587 1689 φῶς,
616 1604 728 1689 μητέρα
753 1604 787 1668 δὲ
814 1604 934 1682 σκότος,
964 1607 1016 1667 τοῦ
1045 1603 1078 1665 δὲ
1104 1603 1202 1686 φωτὸς
1236 1603 1310 1688 μέρη
1344 1604 1453 1689 θερμδν

192 1705 277 1791 Εηρδν
303 1711 412 1792 κούφαν
448 1706 538 1792 ταχύ·
578 1711 631 1770 τού
657 1709 691 1771 δὲ
716 1709 836 1778 σκότους
863 1707 976 1792 ψυχρόν
1009 1706 1094 1789 ύγρδν
1123 1706 1195 1790 βαρὺ
1223 1707 1327 1791 βραδύ·
1356 1707 1391 1770 ἐκ
1420 1709 1453 1772 δὲ

192 1809 302 1874 τούτων
317 1810 410 1872 πάντα
424 1809 473 1872 τδν
488 1807 598 1890 κόσμον
613 1812 791 1888 συνεστάναι,
814 1811 848 1874 ἐκ
868 1809 988 1894 θηλείας
1004 1808 1052 1872 καί
1074 1807 1202 1892 ἄρρενος.
1325 1809 1397 1874 εἶναι
1420 1811 1453 1874 δὲ
1473 1819 1504 1872 13

194 1913 244 1976 τδν
270 1911 380 1996 κόσμον
408 1912 495 1996 φησὶν
522 1912 598 1976 κατὰ
625 1914 765 1996 μουσικὴν
793 1913 949 1997 ἁρμονίαν,
979 1912 1023 1976 διὸ
1050 1912 1098 1974 καὶ
1123 1913 1173 1974 τὸν
1199 1912 1281 1995 ἥλιον
1307 1914 1455 1977 ποιεῖσθαι

152 2033 176 2072 υ
194 2015 246 2098 τὴν
282 2014 415 2099 περίοδον
449 2014 627 2098 ἐναρμόνιον.
675 2015 740 2099 περὶ
774 2015 807 2078 δὲ
838 2019 897 2078 τῶν
924 2015 958 2078 ἐκ
989 2019 1042 2098 γῆς
1071 2014 1120 2078 καὶ
1152 2013 1264 2095 κόσμου
1297 2016 1453 2098 γινομένων

192 2119 262 2181 τάδε
282 2118 353 2202 φασὶ
375 2117 466 2202 λέγειν
488 2117 538 2180 τδν
560 2115 735 2202 Ζαράταν·
760 2117 811 2182 δύο
833 2117 971 2201 δαίμονας
993 2115 1077 2194 εἶναι,
1098 2117 1148 2180 τὸν
1168 2117 1221 2198 μὲν
1239 2117 1382 2201 οδράνιον,
1403 2121 1453 2183 τδν

196 2221 229 2284 δὲ
255 2220 391 2305 χθόνιον·
418 2221 467 2284 καὶ
492 2221 542 2284 τὸν
569 2221 621 2303 μὲν
649 2221 769 2307 χθόνιον
796 2221 903 2286 ἀνιέναι
932 2221 985 2304 τὴν
1007 2218 1116 2302 γένεσιν
1144 2219 1178 2283 ἐκ
1204 2224 1257 2304 τῆς
1281 2225 1347 2305 γῆς·
1378 2221 1451 2286 εἶναι

197 2323 230 2386 δὲ
246 2323 338 2408 ὕδωρ·
361 2324 410 2386 τδν
433 2324 467 2386 δὲ
486 2324 617 2408 οὐράνιον
641 2329 699 2408 πῦρ
719 2323 842 2409 μετέχον
864 2327 915 2386 τοῦ
938 2321 1033 2406 ἀέρος,
1056 2322 1165 2406 θερμόν
1188 2322 1236 2386 καί
1258 2324 1384 2408 ψυχρόν·
1408 2325 1454 2388 διδ

194 2425 243 2490 καὶ
272 2425 382 2490 τούτων
410 2425 494 2490 οὐδὲν
517 2427 642 2510 ἀναιρεῖν
672 2426 742 2489 οὐδὲ
763 2425 883 2508 μιαίνειν
905 2425 977 2509 φησὶ
995 2425 1048 2509 τὴν
1070 2425 1182 2509 ψυχήν·
1206 2422 1341 2509 ἔστιγὰρ
1362 2430 1454 2492 ταῦτα

152 2546 177 2585 ιο
195 2528 280 2592 οὐσία
301 2533 360 2591 τῶν
384 2530 508 2592 πάντων.
645 2530 773 2611 κυάμους
795 2528 828 2590 δὲ
849 2525 961 2610 λέγεται
972 2525 1178 2610 παραγγέλλειν
1194 2528 1235 2612 μὴ
1251 2527 1358 2592 ἐσθίειν
1373 2527 1452 2612 αἰτίφ
1472 2539 1503 2590 14

191 2633 243 2693 τού
272 2631 321 2693 τδν
347 2629 514 2715 Ζαράταν
537 2631 682 2715 είρηιιόναι
704 2631 779 2696 κατὰ
800 2631 853 2714 τὴν
875 2623 971 2714 ἀρχὴν
999 2629 1047 2692 καί
1077 2629 1221 2714 σύγκρισιν
1251 2634 1310 2694 τῶν
1337 2631 1452 2694 πάντων

196 2733 402 2818 συνισταμένης
443 2739 495 2818 τῆς
531 2739 585 2818 γῆς
622 2732 665 2797 ἔτι
703 2733 752 2796 καὶ
790 2732 1029 2816 συνσεσημμένης
1066 2733 1203 2816 γενέσθαι
1245 2735 1295 2800 τὸν
1331 2735 1452 2818 κύαμον.

193 2834 295 2899 τούτου
324 2836 356 2899 δὲ
389 2837 545 2920 τεκμήριόν
572 2857 675 2921 φησιν,
707 2833 739 2900 εί
763 2857 806 2906 τις
839 2836 1120 2919 καταμασησάμενυς
1150 2838 1227 2900 λεῖον
1259 2837 1310 2902 τδν
1339 2839 1452 2922 κύαμον

191 2938 332 3022 καταθείη
369 2939 441 3024 πρὸς
476 2941 559 3023 ἥλιον
596 2939 701 3024 χρόνον
737 2939 800 3003 τινά
834 2935 947 3024 (τοῦτον
983 2938 1039 3022 γὰρ
1070 2937 1183 3008 εὐθέως
1217 2938 1451 3026 ἀντιλήψεσθαι),

152 3058 177 3097 υ
194 3040 364 3125 προσφέρειν
380 3042 565 3126 ἀνθρωπίνου
579 3042 664 3124 γόνου
687 3042 791 3125 ὀσμήν.
858 3039 1034 3124 σαφέστερον
1050 3041 1083 3104 δὲ
1097 3040 1169 3106 εἶναι
1185 3043 1233 3106 καὶ
1248 3043 1345 3127 ἕτερον
1361 3045 1450 3127 παρά·
1471 3051 1502 3105 15

195 3146 297 3227 δειγμα
320 3143 412 3229 λέγει,
437 3145 463 3207 εί
488 3144 644 3214 ἀνθοῦντος
663 3149 715 3207 τοῦ
735 3145 849 3226 κυάμου
870 3143 1008 3228 λαβόντες
1028 3144 1078 3206 τὸν
1100 3144 1212 3228 κύαμον
1233 3146 1282 3210 καί
1304 3147 1338 3210 τδ
1361 3145 1450 3216 ἄνθος

190 3247 281 3312 αὐτοῦ
312 3248 360 3312 καὶ
387 3245 561 3318 καταθέντες
588 3247 629 3317 εἰς
651 3246 759 3332 χύτραν
782 3245 888 3329 ταύτην
914 3267 947 3308 τε
971 3246 1196 3330 καταχρίσαντες
1222 3249 1263 3318 είς
1289 3253 1342 3333 γῆν
1369 3271 1451 3312 κατο-

191 3348 323 3433 ρύξαιμεν
360 3349 409 3414 καί
446 3347 507 3431 μετ’
551 3349 649 3432 όλίγας
692 3347 804 3433 ἡμέρας
835 3347 1086 3431 ἀνακαλύψαιμεν,
1131 3348 1241 3433 ἴδοιμεν
1281 3349 1356 3434 <ἀν>’
1379 3351 1450 3414 αύτδ

187 3451 263 3522 είδος
296 3450 366 3537 ἔχον
399 3453 432 3516 τδ
467 3453 519 3534 μὲν
547 3457 661 3538 πρῶτον
697 3455 739 3522 ὡς
769 3450 911 3536 αἰσχύνην
940 3450 1091 3534 Ιγυναικός,
1121 3453 1194 3534 μετὰ
1224 3453 1257 3516 δὲ
1284 3458 1376 3518 ταῦτα
1403 3479 1451 3519 κα-

149 3573 174 3612 ³0
191 3555 382 3638 τανοοόμενον
404 3555 519 3619 παιδίου
541 3556 671 3640 κεφαλὴν
694 3557 923 3639 συμπεφυκυῖαν.

276 3655 370 3727 Οὗτος
385 3657 415 3720 ἐν
431 3655 565 3742 Κρότωνι
579 3663 633 3744 τῆς
643 3657 763 3728 Ἰταλίας
777 3658 840 3740 ἅμα
854 3661 914 3726 τοῖς
930 3655 1076 3738 μαθηταῖς
1090 3656 1278 3741 ἐμπυρισθείς
1293 3659 1447 3744 διεφθάρη.
1469 3669 1501 3723 16

137 3863 338 3871 -u--u-u--n
846 3857 1045 3866 -—--——---¹

140 3972 152 4024 l
174 3969 258 4039 γίγανι
275 3967 447 4037 δυναμόιιυβος
465 3965 525 4020 ὅταν
537 3967 564 4020 δὲ
575 3966 652 4038 κύβος
664 3969 705 4022 ἐπί
716 3967 794 4039 κύβον
845 3971 947 4036 Βοερει
978 3967 992 4034 ΙΙ
1022 3966 1055 4020 22
1085 3967 1250 4037 συνισταμένη
1278 3970 1301 4020 Τ
1328 3967 1342 4038 ΙΙ
1368 3985 1502 4041 συνσισημ-

138 4059 177 4109 Ηι
195 4075 246 4109 om.
261 4060 318 4109 lteri
333 4053 346 4124 ΙΙ
359 4058 375 4110 6
386 4051 507 4124 θαλλίδην
524 4051 662 4124 (θαλληδην
675 4059 707 4120 Β)
721 4059 792 4110 libri:
844 4057 921 4126 μένης
939 4058 997 4108 BC:
1018 4054 1224 4123 συνσισεμμίνηςι
1248 4057 1426 4127 συννενημόνης
1437 4061 1502 4111 falso

138 4161 204 4196 οσιτ.
213 4146 252 4196 Le
262 4145 345 4196 Crem
356 4146 387 4196 ef.
397 4144 523 4210 Porphyr.
534 4145 567 4192 V.
579 4145 609 4197 P.
618 4143 652 4196 45
662 4147 792 4196 Heraclid.
845 4145 937 4196 Cruice
950 4141 963 4210 ΙΙ
975 4141 1009 4194 23
1018 4139 1258 4211 ααταμασησάμενος
1270 4141 1334 4195 λεῖον
1346 4147 1363 4195 ἰ.
1374 4161 1396 4196 e.
1415 4143 1503 4202 λεάνας

137 4233 216 4284 Pont.
233 4247 275 4300 ep·
287 4233 372 4284 Laert.
383 4232 474 4284 vln4
489 4228 503 4300 ΙΙ
517 4229 616 4299 ίφοιβον
634 4232 669 4282 B:
687 4229 793 4302 ἔφορβον
844 4235 896 4288 τοῖς
908 4227 991 4282 ὀδοῦσι
1004 4231 1132 4296 Porphyr.
1145 4232 1177 4281 V.
1188 4233 1220 4282 Β.
1229 4231 1264 4284 44
1282 4236 1371 4296 quiex
1381 4234 1501 4298 Diogene

137 4319 171 4370 0:
201 4336 268 4372 eerr.
292 4321 404 4374 Wolfiue
428 4315 443 4384 ΙΙ
469 4319 604 4386 Ἰσόμιιον
621 4320 643 4371 Β
660 4315 704 4386 ίΙθ
725 4322 791 4372 Βία·
844 4317 1501 4387 [i.e.AntonioDiogeueef.G-WolffdePorphyr.

136 4407 215 4460 dome
243 4410 398 4460 Eretriensie
429 4409 533 4471 ignotus
563 4415 607 4458 εει
640 4401 794 4475 Εύδωροςό
845 4423 878 4458 ex
897 4421 967 4456 orec.
985 4407 1079 4472 philos.
1097 4422 1122 4470 ρ.
1138 4403 1179 4458 16.
1197 4406 1231 4454 Ε.
1249 4406 1342 4456 Rehde
1361 4407 1406 4459 Gr.
1425 4409 1501 4460 Rom.

135 4489 303 4563 Ἀλεξανδριύς
325 4497 367 4546 vel
389 4491 403 4546 δ
426 4492 548 4562 διαιρίτης
565 4494 594 4556 (ί)
612 4496 737 4546 ariolatus
756 4503 795 4546 εει
845 4511 871 4560 ρ.
884 4491 937 4546 255
950 4491 1015 4560 που]
1035 4495 1186 4559 compilasse
1205 4493 1307 4542 videtur
1325 4509 1401 4556 quem
1413 4496 1501 4561 Lydae

134 4583 238 4649 Βυερει·
257 4579 270 4649 ss
291 4583 307 4635 9
326 4581 430 4652 ζαρίταν
450 4583 473 4633 Β
494 4579 507 4648 ΙΙ
530 4581 562 4633 10
583 4578 653 4649 αὐτῷ
674 4583 709 4632 Βι
732 4579 794 4634 αύτὸ
847 4583 872 4632 d.
898 4597 978 4632 mene.
1002 4577 1085 4645 ρ.68,
1097 4576 1131 4630 23
1147 4579 1177 4630 Β.
1202 4587 1310 4630 testetur
1334 4576 1347 4646 ίΙ
1372 4578 1424 4632 λῖον
1441 4583 1464 4633 Β
1483 4578 1499 4650 Η

134 4670 155 4720 0
173 4667 185 4736 Ιί
201 4668 233 4721 13
244 4669 346 4722 πάντων
358 4673 429 4723 libri:
447 4685 513 4721 corr.
524 4669 626 4734 Roeper
640 4666 653 4738 ΙΙ
671 4671 702 4723 14
715 4671 791 4740 φησὶν
842 4667 876 4722 24
895 4665 1016 4736 κατισθίη
1035 4668 1058 4717 Β
1079 4663 1091 4734 Η
1111 4663 1384 4734 τούτο-ἀντιλήψεται
1408 4673 1499 4735 vulgo:

122 4757 168 4832 ¹L:
191 4753 263 4822 φύσιν
274 4757 358 4809 ΒΤΟι
378 4759 453 4810 Wolf
462 4753 549 4825 φασίνι
568 4755 615 4823 τὴν
627 4759 673 4807 τοῦ
691 4755 789 4824 κόσμου
842 4760 943 4809 correxi
963 4753 977 4822 ΙΙ
1003 4754 1037 4808 25
1056 4755 1202 4826 προσφέρειν
1219 4759 1254 4808 Te
1282 4754 1415 4825 προσφέρει
1440 4758 1461 4808 0
1485 4755 1499 4825 Η

133 4839 206 4910 φύσιν
233 4845 336 4909 Βοεροτ
364 4840 378 4910 ΙΙ
407 4844 451 4896 ιιαλ
475 4842 598 4912 μουσικὴν
622 4846 694 4896 libri:
723 4861 788 4897 eorr.
842 4841 922 4913 ὀσμὴν
945 4845 967 4894 Β
995 4845 1026 4894 cf.
1049 4845 1156 4910 Hippol.
1179 4845 1232 4896 vn
1256 4861 1280 4910 ρ.
1295 4841 1356 4906 364,
1371 4841 1404 4896 92
1415 4846 1500 4898 (ἔοικε

133 4932 316 4996 Gottingeneee
327 4933 358 4982 ef.
367 4949 393 4998 p.
403 4929 463 4994 555,
474 4928 529 4997 2οΗ
544 4931 574 4982 18
584 4927 731 5000 θιρμὸντοῐι
743 4931 788 5000 ψυ-
841 4929 922 5002 όδμήν
940 4933 961 4984 C
982 4929 994 4998 Ιί
1017 4929 1051 4984 28
1069 4928 1270 4999 ἀνικαλύψαιμεν
1287 4931 1309 4982 Β
1324 4928 1337 4996 β
1352 4928 1382 4982 ἀν
1400 4934 1501 4984 eddidit

133 5019 197 5086 χρού
215 5018 319 5084 Βοερει
332 5015 346 5086 ΙΙ
363 5019 393 5072 19
406 5015 463 5072 οθδί
475 5019 498 5071 Β
518 5016 531 5086 Η
552 5018 646 5087 ἀναιρεῖ
662 5023 707 5071 vix
719 5030 788 5074 reete
842 5022 934 5072 Greiee
946 5017 959 5087 Η
971 5018 1005 5072 29
1013 5021 1183 5086 κατανοοῦμεν
1193 5021 1294 5071 Usener
1304 5015 1316 5086 β
1326 5017 1356 5072 31
1370 5020 1500 5090 κρότονιΒ
