3756 5736
313 388 377 452 220
546 392 626 441 xvrr
662 393 711 440 ur.
733 391 977 442 vsrusronom
997 392 1233 444 salomonum
1253 392 1432 444 rorrrsus

314 559 505 644 Epicurum,
538 559 591 642 qui
618 579 750 644 prorsus
779 558 941 624 eontraria
963 559 1096 625 tradidit
1119 559 1159 626 of.
1180 561 1225 625 IV
1245 561 1287 626 23
1306 559 1345 624 22
1381 559 1485 626 levius
1512 567 1563 627 est
1589 561 1676 643 quod

314 661 424 726 Iler
447 662 588 746 Epiouro
615 661 794 727 doctrinam
822 660 993 744 adseripsit
1020 681 1104 744 quae
1132 662 1308 728 Metrodori
1336 661 1436 729 fuisse
1462 661 1602 729 videtur.
1636 663 1675 728 of.

314 762 423 830 Hiruel
445 763 661 830 untersuoh.l
681 762 751 830 ll'.

399 865 636 950 Theophrastei
660 866 731 932 libri
755 865 880 931 semina
902 885 1000 949 quam
1022 865 1088 932 late
1102 865 1280 950 antiquitus
1295 885 1411 952 sparsa
1433 873 1553 953 essent,
1576 887 1677 954 saepe

315 967 391 1033 dixi.
439 988 516 1051 ergo
538 976 574 1034 ut
596 969 665 1036 veri
693 967 797 1033 similo
825 973 874 1032 est
897 967 1095 1034 Plaoitorum
1125 967 1283 1034 eonditori
1311 968 1415 1052 ipsum
1444 969 1561 1037 librum
1588 971 1677 1038 haud

314 1069 513 1152 incognitum
536 1070 652 1156 fuisse,
686 1071 775 1136 ouius
797 1071 957 1138 rationem
984 1070 1168 1135 universam
1195 1069 1388 1155 imitaretur,
1415 1071 1462 1137 ita
1483 1093 1549 1138 non
1572 1071 1677 1140 minus

315 1179 442 1237 oonstat
463 1174 654 1257 plerumque
677 1174 744 1238 alia
765 1172 899 1238 flumina
921 1171 1175 1255 Theophrasteis
1197 1171 1310 1238 rivulis
1324 1173 1459 1257 irrigata
1474 1175 1589 1242 eodem
1605 1197 1678 1242 eon·

315 1272 455 1340 fluxisse.
489 1275 580 1340 velut
600 1274 816 1358 Xenophanis
840 1274 949 1358 opinio
972 1292 1069 1357 quam
1088 1293 1189 1358 saepe
1208 1273 1301 1357 tetigi
1315 1274 1347 1340 ΙΙ
1363 1275 1439 1340 203
1461 1275 1628 1363 Ξενοφάνης
1644 1279 1677 1343 ἐκ

316 1381 411 1461 νεφῶν
438 1378 655 1462 πεπυρωμένων
683 1377 756 1442 εἶναι
783 1379 831 1441 τδν
858 1379 940 1462 ἥλιον
968 1376 1153 1460 Θεόφραστος
1180 1377 1211 1440 ἐν
1237 1380 1297 1446 τοῖς
1323 1377 1461 1448 Φυσικοῖς
1482 1379 1621 1466 γέγραφεν
1644 1383 1678 1446 ἐκ

316 1479 454 1562 πυριδίων
478 1481 531 1562 μὲν
554 1483 613 1544 τῶν
636 1480 905 1564 συναθροιζομένων
928 1477 988 1562 (ἐκ)
1002 1483 1054 1562 τῆς
1072 1480 1159 1563 ὑγρᾶς
1175 1479 1408 1561 ἀναθυμιάσεως,
1432 1482 1678 1567 συναθροιζόντων

316 1583 348 1644 δὲ
370 1583 419 1644 τὸν
442 1584 523 1666 ἥλιον
545 1581 672 1646 duobus
699 1581 908 1667 soriptoribus
936 1581 1129 1664 deprompta
1151 1587 1210 1646 est.
1244 1599 1310 1646 una
1331 1581 1477 1665 vulgaris
1499 1591 1548 1650 est
1570 1585 1679 1651 simili·

316 1689 428 1766 terque
443 1685 528 1749 aeli
546 1685 585 1749 13
606 1695 636 1746 ll
655 1685 822 1770 Ξενοφάνης
838 1681 949 1771 [astra]
965 1685 999 1748 ἐκ
1013 1687 1108 1768 νεφῶν
1124 1682 1340 1767 πεπυρωμένων
1356 1689 1517 1767 eeneepta
1532 1687 1551 1770 ¹,
1573 1688 1678 1754 altera

315 1785 359 1850 ad
392 1785 493 1870 ipsius
527 1787 744 1872 Theophrasti
777 1786 914 1852 formam
947 1805 1027 1851 vooe
1060 1783 1225 1870 πυριδίωνΙ
1257 1783 1464 1868 oonspiouam
1500 1783 1550 1872 [of.
1579 1809 1678 1874 supra

316 1912 345 1974 ρ.
365 1887 457 1974 158¹]
480 1889 652 1972 diligenter
675 1893 799 1955 exaota.
845 1907 917 1953 oum
938 1886 1152 1972 Xenophanis
1181 1887 1282 1972 ipsius
1304 1905 1411 1972 paene
1433 1887 1535 1970 ignoti
1557 1891 1678 1958 luerint

316 1991 494 2074 antiquitus
516 2011 643 2075 versus,
671 1991 837 2074 vulgarem
864 1989 1052 2056 memoriam
1082 1977 1122 2055 ex
1150 1989 1272 2056 eisdem
1300 1987 1514 2073 Opiniouibus
1542 1991 1675 2060 libatam

316 2101 422 2178 teneo,
445 2093 504 2159 sed
527 2113 586 2177 per
608 2095 717 2178 plures
739 2113 855 2159 manus
877 2099 1101 2177 propagatam.

404 2195 503 2260 Cuius
536 2198 664 2279 generis
696 2197 880 2280 exemplum
909 2217 941 2279 p.
959 2195 1022 2260 180
1048 2193 1153 2278 tetigi,
1183 2193 1239 2258 ubi
1264 2192 1498 2260 Anaximandri
1525 2195 1677 2262 iuditium

318 2297 599 2381 Theophrasteum
623 2301 708 2366 133
727 2320 786 2383 per
808 2295 1021 2380 biographum
1037 2295 1131 2361 Aetio
1147 2294 1299 2360 traditum
1322 2295 1399 2360 dixi.
1432 2296 1490 2362 sed
1513 2297 1610 2364 etiam
1626 2319 1680 2366 ve-

317 2408 405 2466 tusta
428 2401 554 2466 Plaoita
584 2401 626 2467 de
653 2400 821 2484 prinoipiis
847 2399 953 2481 egisse
978 2403 1231 2464 eonsentaueum
1254 2403 1313 2464 est
1358 2398 1445 2465 unde
1467 2401 1608 2466 maxima
1629 2409 1679 2469 est

317 2505 477 2572 dubitatio
502 2503 544 2568 de
568 2503 765 2585 singulorum
787 2499 1000 2584 eapitulorum
1024 2499 1158 2582 origine,
1181 2519 1253 2564 oum
1274 2499 1520 2584 Theophrastea
1540 2503 1601 2568 etsi
1623 2503 1679 2568 ad-

317 2627 470 2692 gnosoas,
501 2611 572 2670 uter
599 2602 769 2668 tradiderit
795 2600 987 2684 ambigatur.
1031 2601 1121 2666 velut
1143 2601 1227 2667 Aetli
1257 2601 1471 2686 biographum
1497 2603 1618 2671 sontem
1644 2605 1678 2671 in

317 2710 454 2776 Thalete
482 2705 609 2790 repperi
637 2727 668 2789 p.
687 2706 758 2770 179.
796 2703 902 2787 pergit
923 2704 979 2768 13
1002 2714 1011 2764 l
1037 2707 1210 2790 στοχάζεται
1240 2707 1273 2768 δὲ
1299 2708 1333 2769 έκ
1360 2707 1463 2771 τοὺτου
1491 2713 1606 2791 πρῶτον
1634 2709 1678 2772 ὅτι

316 2817 430 2877 πάντων
452 2817 510 2874 τιῖνν
535 2807 621 2894 ζιγίων
645 2811 664 2892 ἡ
688 2809 758 2890 γονὴ
781 2809 860 2891 ἀρχή
884 2807 960 2870 ἐστιν
984 2807 1056 2889 ὑγρά
1078 2804 1165 2870 οὑσα·
1189 2807 1282 2877 οὕτως
1304 2808 1381 2878 εἰκὸς
1403 2811 1451 2873 καὶ
1473 2811 1676 2879 terrorest

317 2918 403 3000 ὑγροῦ
426 2917 478 2998 τὴν
502 2913 597 2997 ἀρχὴν
621 2909 711 2995 ἔχειν.
745 2911 877 2992 δεύτερον
906 2909 949 2972 ὅτι
972 2909 1065 2972 πάντα
1086 2909 1122 2972 τὰ
1145 2910 1221 2993 φυτὰ
1244 2913 1322 2996 ὑγρῷ
1345 2913 1479 2997 τρέφεται
1502 2914 1550 2976 καὶ
1570 2937 1675 2998 καρπο-

316 3022 414 3102 φορεῖ,
440 3019 615 3100 ἀμοιροῦντα
644 3015 677 3076 δὲ
705 3013 880 3096 ξηραίνεται,
906 3012 999 3095 τρίτον
1027 3011 1071 3074 ὑτι
1093 3012 1141 3074 καὶ
1164 3013 1236 3075 αὐτὸ
1258 3014 1292 3076 τὸ
1315 3019 1372 3098 πῦρ
1393 3017 1426 3078 τδ
1449 3019 1499 3078 τοῦ
1522 3015 1676 3098 ἡλίουκαὶ

316 3125 374 3181 τιῖιν
396 3117 509 3202 ἄστρων
530 3123 592 3186 ταῖς
615 3121 672 3179 τῶν
697 3117 813 3178 ὑδάτων
837 3115 1047 3196 ἀναθυμιάσεσι
1069 3113 1203 3197 τρέφεται
1225 3116 1274 3177 καί
1296 3116 1383 3186 αὐτὸς
1406 3118 1556 3200 ὑκὺσμυς·
1586 3115 1675 3199 origo

315 3225 576 3303 argumentorum
601 3217 634 3282 in
656 3217 787 3282 Aristot.
805 3215 947 3299 Melaph.
964 3214 993 3279 Α
1008 3217 1028 3278 3
1050 3235 1080 3298 ρ.
1098 3216 1179 3280 9831
1194 3217 1238 3280 20
1259 3219 1357 3303 λαβὼν
1380 3219 1450 3290 ἴσως
1466 3221 1517 3304 τὴν
1534 3221 1676 3304 ὑπόληψιν

316 3325 349 3387 ἐκ
380 3328 430 3386 τοῦ
459 3325 574 3385 πάντων
606 3325 675 3406 ὁρᾶν
703 3323 756 3405 τὴν
787 3320 895 3404 τροφὴν
928 3318 1015 3401 ὑγρὰν
1043 3316 1132 3381 οὑσαν
1161 3319 1208 3381 καὶ
1237 3319 1308 3383 αὐτδ
1333 3321 1366 3383 τδ
1389 3321 1497 3405 θερμὸν
1519 3322 1553 3385 ἐκ
1574 3321 1676 3386 τοὺτου

315 3407 478 3510 γιγνόμενῦν
500 3423 673 3490 iuvenitur.
708 3423 766 3487 sed
790 3421 922 3505 propior
950 3425 1001 3486 est
1022 3440 1094 3485 eum
1117 3419 1370 3504 Theophrasteis
1392 3430 1578 3490 oonoentus.
1615 3424 1677 3508 pri-

316 3549 402 3593 mum
427 3525 615 3592 nutrimenti
639 3543 738 3590 eausa
760 3524 803 3588 ad
825 3525 914 3588 solas
937 3525 1067 3607 plantas
1093 3523 1279 3608 adhibetur,
1306 3525 1393 3607 quod
1419 3525 1475 3591 ille
1500 3525 1678 3609 praeivisse

315 3629 452 3712 videtur,
476 3649 547 3693 oum
564 3625 748 3709 Simplicius
771 3623 881 3710 [Phys.
899 3625 986 3708 opin.
1001 3624 1039 3690 fr.
1053 3623 1083 3712 1]
1107 3624 1260 3691 exhibeat
1281 3628 1329 3689 καὶ
1344 3627 1398 3711 γὰρ
1413 3629 1446 3690 τδ
1463 3627 1572 3712 θερμὸν
1587 3629 1617 3692 ἐν
1632 3634 1675 3714 τῷ

317 3735 394 3817 ὑγρῷ
419 3736 456 3813 ζῇ
480 3732 528 3794 καὶ
550 3731 586 3793 τὰ
608 3731 824 3812 νεκροὺμενα
846 3728 1058 3814 ξηραίνεται,
1088 3735 1155 3792 tum
1182 3729 1318 3812 primum
1340 3728 1426 3794 Attii
1453 3735 1677 3812 argumentum

316 3835 406 3898 nulla
428 3832 610 3898 Aristotelis
631 3831 741 3896 radiee
767 3829 888 3913 nititur,
911 3837 946 3895 at
968 3851 1009 3897 ex
1031 3829 1410 3915 Theophrasto-sumpsit
1425 3829 1609 3915 Simplioius
1629 3835 1677 3896 καὶ

316 3939 351 4000 τὰ
367 3937 518 4020 σπέρματα
533 3937 647 3998 πάντων
663 3936 744 4017 ὑγρά.
774 3951 852 4013 ergo
870 3931 1015 3996 Zellerus
1030 3933 1151 3999 frustra
1162 3933 1380 4018 Theophrasti
1396 3933 1534 4017 vestigia
1548 3934 1582 3999 in
1597 3934 1677 4000 Sim·

315 4037 411 4122 plioio
427 4039 534 4102 inesse
549 4035 682 4119 negavit
696 4035 730 4100 Ι*
750 4033 828 4099 rto*
843 4033 1003 4099 Ritterum
1019 4041 1052 4100 et
1067 4035 1261 4102 Krisoheum
1277 4041 1420 4120 seoutus,
1436 4035 1583 4120 quamvis
1597 4035 1677 4101 nihil

315 4141 392 4205 inde
414 4140 455 4205 de
478 4138 623 4204 Thaletis
645 4137 748 4222 ipsius
774 4136 929 4201 memoria
951 4137 1211 4203 oonoludendum
1235 4158 1306 4205 esse
1329 4135 1467 4203 libenter
1493 4137 1677 4204 oonoedam.

316 4261 390 4306 nam
421 4250 454 4306 et
482 4240 673 4308 Aristoteles
704 4247 736 4306 et
766 4239 1011 4322 Theophrastus
1045 4245 1078 4305 et
1106 4241 1222 4306 Aetius
1255 4241 1331 4306 dum
1365 4259 1482 4306 oausas
1514 4241 1680 4324 rimantur,

317 4350 433 4428 suopte
455 4343 603 4427 ingenio,
634 4364 699 4408 non
722 4341 906 4426 philosophi
934 4342 1044 4408 verbis
1074 4343 1257 4409 utebantur.
1303 4364 1344 4410 ex
1373 4343 1554 4428 biographo
1582 4343 1680 4409 etiam

317 4445 472 4511 Heraeliti
497 4445 606 4529 opinio
629 4443 778 4510 derivata
800 4445 929 4536 ridetur
951 4445 966 4508 Ι
985 4445 1004 4509 3
1024 4454 1053 4506 11
1073 4444 1258 4529 Ἡράκλειτος
1280 4447 1327 4510 καὶ
1344 4443 1483 4517 Ἵππασος
1505 4448 1601 4531 ἀρχὴν
1622 4450 1681 4508 τῶν

391 4702 397 4734 ¹
418 4707 449 4755 cs.
468 4699 566 4754 11254
585 4711 610 4751 et
628 4703 783 4766 Xenophon.
803 4702 833 4750 fr.
851 4701 881 4750 13
900 4699 931 4768 ἣν
949 4697 970 4750 τ’
985 4697 1044 4769 Ἰριν
1063 4701 1193 4766 καλέουσι,
1211 4701 1285 4770 νέφος
1303 4703 1347 4753 οιαὶ
1365 4707 1439 4754 τοῦτο
1459 4702 1564 4770 πέφυκε.

388 4789 473 4841 ⁹oum
498 4795 523 4840 in
549 4790 722 4854 Xenophanis
746 4789 777 4838 de
802 4789 937 4838 Dioscuris
956 4791 1051 4853 placito
1070 4791 1097 4840 11
1119 4789 1150 4841 18
1168 4800 1180 4838 1
1198 4788 1298 4859 νεφέλια
1316 4793 1424 4855 legatur,
1444 4791 1513 4854 quod
1532 4805 1548 4839 a
1567 4791 1679 4838 carmine

316 4881 460 4939 exclusum,
483 4879 529 4929 sed
550 4879 739 4940 frequentatum
763 4892 779 4926 a
803 4876 983 4940 Theophrasto
1002 4877 1032 4926 lr.
1047 4878 1084 4927 VI
1107 4879 1140 4927 de
1165 4879 1230 4942 sign.
1254 4875 1520 4943 tempererare
1546 4878 1577 4928 oi.
1601 4877 1680 4926 Arist.

317 4975 375 5016 met.
394 4968 421 5016 Il
439 4966 456 5016 8
474 4985 498 5031 ρ.
511 4961 580 5018 eerb
594 4963 618 5027 9,
637 4981 669 5015 ne
688 4965 730 5014 hic
749 4965 853 5028 quidem
873 4965 946 5028 origo
966 4964 1038 5016 latet.
