3768 5736
460 390 536 443 ARII
554 389 689 439 DlDYMi
709 389 893 442 EPITOMES
913 390 966 442 FR.
986 389 1088 441 PHYS.
1101 387 1143 442 29.
1157 387 1199 442 30.
1213 388 1245 442 31
1474 389 1537 454 465

174 557 294 639 κόσμος,
316 557 417 640 ἐπειδὴ
444 561 497 620 τοῦ
524 562 576 641 ζῆν
603 557 693 629 αἴτιος
720 561 790 643 ἡμῖν
816 559 887 623 ἐστι.
930 557 999 623 καθ’
1029 561 1096 624 ὅσον
1123 560 1156 622 δὲ
1179 559 1321 644 εἰρομένῳ
1344 560 1423 644 λόγιμ
1444 562 1538 622 πάντα

174 663 277 725 διοικεῖ
302 660 497 744 ἀπαραβάτως
519 659 549 730 ἐξ
571 661 675 739 ἀιδίου,
702 663 973 746 προσονομάζεσθαι
1000 662 1191 746 εἱμαρμένην·
1223 659 1407 746 Ἀδράστειαν
1429 662 1472 741 δέ,
1496 663 1539 726 ότι

174 764 258 827 οὐδὲν
281 759 358 826 ἔστιν
379 762 467 826 αὐτὸν
494 763 729 849 ἀποδιδράσκειν·
760 765 896 848 πρόνοιαν
923 761 966 842 δ’,
992 763 1036 827 ότι
1063 765 1135 849 πρὸς
1160 765 1193 827 τδ
1220 767 1365 850 χρήσιμον
1393 763 1540 848 οἰκονομεῖ

174 866 292 930 ἕκαστα.
1551 895 1564 933 ι

255 966 443 1052 Ἡγεμονικδν
470 970 503 1032 δὲ
528 974 580 1033 τοῦ
606 969 718 1052 κόσμου
745 966 920 1033 Κλεάνθει
947 969 999 1050 μὲν
1029 967 1116 1054 ἤρεσε
1141 971 1190 1034 τὸν
1216 972 1299 1055 ἧλιον
1326 969 1398 1034 εἶναι
1426 971 1474 1034 διὰ
1500 971 1573 1035 tii

176 1070 309 1154 μέγιστον
335 1074 394 1134 τῶν
420 1069 533 1156 ἄστρων
561 1072 703 1157 ὑπάρχειν
730 1071 778 1134 καί
808 1073 930 1134 πλεῖστα
958 1071 1176 1157 συμβαλλεσθαι
1202 1073 1274 1156 πρὸς
1299 1074 1352 1156 τὴν
1380 1077 1439 1136 τῶν
1462 1074 1538 1138 όλων

176 1173 332 1258 διοίκησιν,
359 1172 471 1257 ἡμέραν
497 1175 546 1238 καὶ
572 1175 701 1238 ἐνιαυτόν
727 1177 864 1237 ποιοῦντα
891 1175 940 1237 καὶ
965 1174 1017 1244 τὰς
1044 1175 1134 1244 ἄλλας
1156 1177 1245 1260 ὥρας.
1347 1177 1402 1240 τισὶ
1425 1176 1458 1240 δὲ
1479 1178 1575 1243 τῶνθ
1642 1241 1646 1246 ,

177 1277 237 1339 ἀπὸ
258 1281 311 1358 τῆς
333 1275 472 1360 αἱρέσεως
499 1275 579 1346 ἔδοξε
606 1282 660 1360 γῆν
686 1277 720 1339 τὸ
747 1278 917 1360 ἡγεμονικὸν
943 1275 1016 1341 εἰναι
1040 1282 1092 1340 τοῦ
1120 1277 1240 1360 κόσμου.
1279 1275 1476 1364 Χρυσίππῳ
1505 1280 1538 1342 δὲ

179 1380 229 1443 τδν
252 1379 358 1462 αἰθέρα
379 1379 429 1440 τὸν
451 1378 661 1462 καθαρώτατον
681 1379 730 1441 καὶ
752 1380 988 1464 εἰλικρινέστατον
1015 1380 1067 1443 ἅτε
1092 1381 1207 1444 πάντων
1229 1380 1447 1465 εύκινητότατον
1470 1380 1539 1446 ὄντα

176 1482 227 1544 καὶ
249 1482 302 1565 τὴν
325 1482 395 1564 ὅλην
418 1483 588 1565 περιάγοντα
609 1485 661 1544 τού
682 1481 794 1563 κόσμου
817 1485 918 1566 φοράν.
1556 1509 1579 1550 ιο

266 1596 353 1654 Ταῦτα
371 1601 417 1670 μὲν
436 1599 479 1652 οὖν
497 1599 547 1654 ἀπὸ
564 1605 611 1670 τῆς
627 1597 793 1670 Ἐπιτομῆς
810 1599 922 1672 Ἀρείου
939 1599 1075 1671 Διδύμου
1093 1600 1245 1672 προκείσθω.

838 1979 880 2042 30

239 2086 325 2138 Stob.
344 2087 390 2136 ecl.
404 2085 419 2134 1
437 2083 451 2136 1
464 2081 505 2150 [2]
519 2093 543 2132 τι
560 2101 584 2150 ρ.
598 2083 671 2136 48Η.

265 2185 485 2271 Χρυσίππου.
530 2184 604 2255 Ζεύς
632 2185 684 2268 μὲν
711 2182 761 2247 ούν
788 2184 919 2268 φαίνεται
941 2184 1114 2266 ὠνομάσθαι
1136 2186 1195 2250 ἀπὸ
1217 2191 1269 2251 τοῦ
1290 2191 1361 2252 πᾶσι
1384 2191 1540 2254 δεδωκέναι

177 2289 211 2352 τὸ
235 2292 303 2372 ζῆν·
327 2288 382 2352 Δία
406 2289 439 2352 δὲ
461 2289 547 2353 αύτδν
570 2287 711 2371 λέγουσιν,
734 2286 778 2350 ότι
801 2288 916 2350 πάντων
939 2285 1015 2349 ἐστὶν
1038 2286 1128 2357 αἴτιος
1150 2289 1199 2353 καὶ
1221 2288 1259 2353 δι’
1286 2291 1374 2356 αύτδν
1396 2295 1500 2358 πάντα.

838 2577 875 2640 31

242 2681 329 2732 Stob.
347 2685 423 2735 εο1.Ι
441 2681 473 2735 21
487 2694 499 2732 υ
517 2700 542 2749 ρ.
556 2681 735 2735 444-448Η.

266 2782 387 2868 Κόσμον
416 2781 442 2848 δ’
475 2783 550 2848 εἶναί
579 2806 666 2870 φησιν
697 2785 712 2848 ό
742 2737 949 2868 Χρύσιππος
978 2783 1112 2868 σύστημα
1138 2783 1168 2854 ἐξ
1194 2785 1318 2870 ούρανοῦ
1345 2787 1393 2850 καὶ
1415 2791 1469 2872 γῆς
1491 2789 1539 2852 καλ

179 2891 238 2950 τῶν
261 2887 291 2950 ἐν
312 2887 425 2957 τούτοις
445 2887 561 2973 φύσεων
584 2888 603 2972 ἢ
626 2887 659 2950 τό
682 2886 715 2950 ἐκ
737 2886 816 2950 θεῶν
838 2887 887 2950 καί
909 2887 1074 2970 ἀνθρώπων
1096 2887 1230 2971 σύστημα
1252 2889 1301 2952 καί
1322 2889 1357 2952 ἐκ
1377 2893 1436 2952 τῶν
1453 2890 1538 2954 ἕνεκα
1555 2917 1580 2955 ιι

178 2990 287 3052 τούτων
313 2990 482 3074 γεγονότων.
517 2990 632 3074 λέγεται
658 2987 683 3052 δ’
716 2988 822 3073 ἑτέρως
851 2989 960 3072 κόσμος
988 2991 1004 3054 ὁ
1032 2989 1116 3069 θεός,
1143 2987 1212 3054 καθ’
1239 2991 1271 3055 δν
1302 2993 1322 3075 ἡ
1351 2992 1541 3076 διακόσμησις

180 3091 285 3175 γίνεται
312 3093 361 3156 καί
387 3095 561 3158 τελειοῦται·
589 3097 640 3156 τοῦ
667 3093 700 3156 δὲ
727 3092 801 3156 κατὰ
826 3092 879 3176 τὴν
907 3092 1097 3176 διακόσμησιν
1123 3092 1280 3175 λεγομένου
1302 3093 1414 3176 κόσμου
1432 3097 1466 3159 τό
1489 3097 1541 3178 μὲν

180 3193 252 3258 εἰναι
274 3195 500 3280 περιφερόμενον
522 3196 588 3280 περὶ
609 3196 642 3258 τδ
659 3195 757 3278 μέσον,
779 3196 812 3259 τδ
829 3193 853 3258 δ’
875 3195 1033 3278 ὑπομένον·
1055 3195 1279 3281 περιφερόμενον
1295 3196 1347 3277 μὲν
1362 3197 1411 3261 τδν
1426 3197 1542 3282 αἰθέρα,

182 3296 324 3379 ὑπομένον
351 3297 384 3360 δὲ
409 3298 462 3380 τὴν
493 3302 547 3381 γῆν
570 3296 676 3361 καὶτὰ
698 3295 746 3360 ἐπ’
774 3295 865 3381 αὐτῆς
887 3298 960 3383 ύγρά
982 3297 1030 3361 καί
1052 3299 1101 3361 τὸν
1124 3297 1207 3382 ἀέρα.
1242 3299 1277 3360 τδ
1298 3297 1352 3382 γὰρ
1373 3303 1426 3382 τῆς
1448 3301 1544 3384 πάσης

181 3397 281 3467 ούσίας
303 3399 478 3464 πυκνότατον
502 3399 661 3484 ὑπέρεισμα
677 3399 792 3463 πάντων
814 3398 887 3462 εἰναι
908 3399 983 3463 κατὰ
1004 3399 1099 3484 φύσιν,
1123 3399 1209 3483 ὅνπερ
1231 3400 1336 3484 τρόπον
1358 3401 1388 3462 ἐν
1411 3399 1482 3485 ζῴῳ
1504 3401 1542 3465 τὰ
1558 3424 1583 3463 ιο

181 3500 281 3576 ὀστέα,
303 3505 388 3564 τοῦτο
411 3503 444 3566 δὲ
466 3503 619 3567 καλεῖσθαι
641 3506 706 3584 γῆν.
740 3501 804 3586 περὶ
827 3502 860 3564 δὲ
881 3501 987 3585 ταύτην
1002 3502 1035 3564 τὸ
1052 3502 1130 3585 ὕδωρ
1145 3501 1355 3586 περικεχύσθαι
1371 3507 1541 3587 σφαιρικῶς,

182 3601 371 3686 ύμαλωτέραν
392 3605 445 3688 τὴν
469 3603 553 3689 ἰσχύν
576 3603 732 3688 διειληχός.
770 3608 822 3686 τῆς
849 3603 903 3688 γὰρ
924 3609 977 3688 γῆς
999 3603 1104 3687 ἐξοχάς
1125 3626 1203 3673 τινας
1224 3603 1351 3688 ἐχούσης
1374 3604 1545 3688 ἀνωμάλους

183 3705 230 3768 διὰ
252 3709 303 3768 τοῦ
328 3705 430 3775 ύδατος
453 3705 483 3774 ἐς
506 3707 576 3790 ύψος
598 3705 772 3788 ἀνηκούσας,
794 3706 900 3776 ταύτας
923 3707 975 3788 μὲν
997 3707 1102 3790 νήσους
1124 3706 1288 3784 καλεῖσθαι,
1309 3706 1419 3770 τούτων
1443 3707 1476 3770 δὲ
1494 3708 1545 3777 τὰς

181 3809 229 3871 ἐπὶ
251 3810 350 3871 πλεῖον
377 3808 530 3890 διηκούσας
560 3806 698 3892 ἠπείρους
724 3809 976 3893 προσηγορεῦσθαι
1000 3805 1047 3872 ὑπ’
1076 3808 1191 3891 ἀγνοίας
1212 3812 1264 3872 τού
1286 3808 1474 3893 περιέχεσθαι
1497 3811 1545 3874 καὶ

180 3910 286 3981 ταύτας
316 3911 452 3994 πελάγεσι
478 3911 620 3994 μεγαλοις.
662 3911 720 3974 ἀπὸ
747 3912 780 3974 δὲ
806 3917 858 3976 τοῦ
886 3913 988 3981 ύδατος
1009 3911 1059 3974 τδν
1082 3909 1156 3995 ἀέρα
1177 3909 1302 3996 έίῆφθαι
1326 3911 1459 3998 καθάπερ
1480 3913 1541 3984 ἐξα·
1559 3945 1584 3986 2⁶

181 4131 198 4185 3
221 4129 275 4184 οὐδ’
297 4130 361 4183 ἔστιν
383 4133 452 4186 026
473 4129 486 4200 Ιί
507 4133 523 4185 ‘i
541 4132 590 4183 τισὶ
606 4129 662 4182 ιιτλ
685 4136 777 4184 mirum
800 4142 839 4184 εει
929 4135 961 4187 14
983 4136 1047 4185 haee
1066 4133 1202 4197 Chrysippi
1222 4133 1311 4198 opinio
1335 4135 1490 4185 eonferenda
1509 4147 1548 4187 εει

181 4223 321 4272 Posidonii
346 4224 499 4271 seutentiam
522 4221 619 4284 (Laert.
632 4221 686 4270 VII
700 4219 762 4283 139)
784 4236 838 4270 non
892 4240 949 4274 eum
974 4221 1135 4287 generaliore
1153 4219 1300 4270 Stoicorum
1318 4219 1358 4280 (1⁴1.
1373 4219 1420 4284 29)
1443 4239 1476 4274 ex
1493 4225 1546 4275 Po-

182 4311 316 4358 ιεεειιεετί.
344 4309 390 4358 sed
414 4309 523 4358 sortasse
541 4310 588 4376 γῆν
611 4305 666 4358 πθ
685 4323 771 4357 errore
790 4323 836 4372 pro
890 4311 993 4361 sidonio
1016 4309 1164 4373 repetenda.
1196 4315 1307 4358 ceterum
1330 4310 1486 4361 simillimum
1509 4321 1548 4362 est

181 4391 284 4460 ούρανόν
315 4397 427 4460 positum
456 4391 468 4462 Η
498 4398 551 4445 τῶν
574 4391 623 4445 άπδ
649 4395 696 4462 τῆς
722 4391 839 4460 αἱρέσεως
890 4395 996 4460 [Μήτι]
1019 4399 1050 4446 de
1069 4395 1157 4445 mund.
1181 4391 1237 4445 σ.2
1266 4396 1296 4445 εἰ.
1315 4397 1387 4447 Prol.
1411 4416 1436 4464 p.
1453 4399 1496 4451 77.
1514 4401 1547 4450 (λε

183 4484 339 4546 notandum,
363 4484 424 4546 quia
446 4499 478 4533 ex
497 4481 643 4533 Stoicorum
666 4489 751 4531 εεοιαε
776 4482 839 4530 ube·
891 4486 974 4534 forma
991 4485 1022 4533 ef.
1041 4499 1066 4548 p.
1084 4479 1164 4545 iasq.
1184 4495 1317 4532 1111vx
1339 4478 1351 4550 γλ
1374 4483 1405 4537 16
1425 4480 1444 4534 δ’
1466 4481 1548 4553 ἰτιρος

182 4572 249 4620 tiore
279 4572 451 4636 disputatione
481 4583 513 4618 ευ
545 4575 666 4632 excerpta
694 4583 749 4618 εσσε
777 4569 839 4618 indo
890 4571 926 4622 F:
940 4566 1051 4640 δεύτερος
1064 4569 1100 4619 G:
1114 4569 1215 4618 correxi
1228 4570 1259 4619 ci.
1273 4566 1378 4634 [Arioi]
1392 4573 1416 4621 d.
1430 4568 1546 4622 αιτπᾶ.2

183 4659 306 4722 probatur
324 4659 355 4708 cf.
368 4674 393 4722 p.
406 4655 467 4718 458,
478 4654 520 4707 13.
539 4656 638 4718 alioqui
656 4656 702 4722 τῆς
721 4650 838 4723 Στωικῆς
889 4677 914 4724 p.
925 4656 1036 4711 391b10
1057 4653 1069 4724 λλ
1092 4655 1126 4708 18
1144 4653 1189 4722 μὲν
1201 4651 1243 4705 τὸν
1257 4657 1364 4708 canter:
1382 4657 1426 4708 καί
1439 4655 1482 4708 τόν
1494 4660 1519 4707 Α
1534 4654 1546 4725 λ]

182 4741 300 4811 αἱρέσεως
323 4745 364 4794 τε]
389 4745 435 4811 τῆς
450 4738 547 4794 τούτων
566 4738 684 4809 αἱρέσεως
702 4743 837 4792 dicendum
890 4744 924 4797 22
951 4743 998 4814 την
1016 4741 1087 4814 χύσιν
1098 4743 1208 4793 Usener.
1226 4759 1288 4792 num
1305 4742 1352 4812 τἠν
1370 4742 1459 4813 φύσινί
1480 4741 1493 4812 Η
1513 4742 1548 4795 23

184 4837 246 4881 erat.
889 4828 981 4888 ταύτας
1011 4829 1037 4882 δὲ
1063 4828 1153 4897 νήσους
1179 4831 1217 4878 Αι
1246 4847 1312 4882 corr.
1341 4829 1471 4882 Meineke.
1502 4829 1547 4887 τὰς

218 4913 252 4968 12
279 4915 330 4966 huc
358 4917 444 4967 rettuli
472 4925 576 4982 propter
600 4917 752 4967 affinitatem
780 4931 837 4966 οιιιιι
891 4914 1078 4985 μὲν-τούτων,
1096 4913 1141 4972 τὰς
1159 4913 1185 4966 δὲ
1204 4917 1305 4970 Πεεαετ

182 5007 213 5055 ir.
226 5001 260 5054 29
278 5020 304 5067 ρ.
317 5002 379 5064 464,
388 5001 422 5055 28
441 5005 471 5054 οἰ.
485 5005 556 5054 Ptol.
568 5022 593 5069 p.
606 5002 668 5056 i4v

235 5115 323 5164 Diels,
344 5117 487 5166 Doxossrnphl
505 5117 587 5165 graeei.
1304 5089 1347 5152 30
