3710 5730
322 407 363 472 36
606 413 619 460 1
655 411 704 462 De:
724 411 993 462 PLUTARCHEAII
1013 411 1197 462 EPITOMES
1217 412 1388 464 MEMORIA

404 577 580 642 Alterius
601 577 744 643 classis

321 688 395 746 sunt
417 679 489 744 libri
514 682 680 764 complura
703 680 866 746 Plutarchi
890 685 1010 768 scripta
1032 680 1168 749 moralia
1190 681 1365 765 complexi,
1395 701 1529 764 quorum
1559 684 1628 750 iata
1650 691 1682 752 et

319 783 558 848 vicissitudines
581 803 785 866 nequaquam
807 784 886 848 salis
909 786 1079 869 explorata
1101 790 1184 852 sunt.
1230 789 1357 850 constat
1383 791 1493 852 tamen
1520 787 1619 852 etiam
1639 787 1680 853 dc

319 884 466 969 Placitis,
490 885 576 968 quod
607 886 648 952 Μ.
676 887 761 951 Preu
783 883 836 971 [de
866 885 957 951 codd.
986 907 1051 953 uon
1079 886 1175 952 uullis
1202 885 1337 950 Parisin.
1365 887 1449 952 Plut.
1476 886 1556 955 Mor.
1585 889 1681 955 Iauer

321 988 402 1052 1871
432 1008 462 1071 p.
491 985 542 1074 12]
578 987 659 1053 dixit
680 988 813 1053 futuro
836 988 1043 1054 Moralium
1070 988 1211 1055 editori
1241 989 1362 1053 multo
1393 989 1516 1072 magis
1550 1011 1678 1057 eorum

319 1089 559 1172 singulorum
582 1091 755 1156 codicum
778 1091 842 1173 qui
865 1112 978 1156 unum
1008 1092 1071 1157 vel
1098 1109 1222 1175 pauca
1243 1097 1391 1156 tautum
1413 1092 1579 1159 Moralia
1601 1099 1679 1160 tra-

319 1194 430 1278 dunt,
457 1192 653 1258 rationem
679 1192 896 1260 habendam
923 1213 1150 1276 essequam
1181 1213 1312 1258 eorum
1341 1193 1405 1276 qui
1439 1193 1607 1279 plurima
1638 1195 1679 1262 in

318 1315 434 1360 unum
471 1314 608 1378 corpus
646 1293 880 1377 redegerint.
935 1315 1041 1380 neque
1076 1295 1181 1360 minus
1218 1301 1345 1361 constat
1381 1293 1415 1359 in
1449 1297 1678 1364 vetustioribus

318 1397 497 1464 ethicorum
526 1396 661 1480 syllogis
677 1397 701 1480 ¹,
734 1416 868 1479 quarum
897 1398 975 1463 crdo
1007 1397 1163 1480 originem
1194 1403 1283 1462 mans
1313 1397 1517 1464 millesimum
1549 1421 1580 1483 p.
1604 1399 1677 1466 Chr.

318 1520 439 1565 annum
462 1497 570 1582 habet,
595 1497 790 1564 Placitouum
812 1501 917 1565 locum
939 1499 1040 1566 fuisse
1061 1499 1193 1564 nullum.
1239 1499 1337 1565 immo
1360 1520 1432 1566 cum
1461 1520 1606 1566 seorsum
1626 1521 1679 1567 ra-

319 1609 487 1687 gsrentur,
520 1621 592 1667 sero
623 1600 656 1665 in
680 1601 857 1684 pleniorem
885 1607 1011 1668 coetum
1037 1601 1136 1685 recipi
1159 1607 1274 1686 coepta
1298 1609 1382 1692 sunt.
1426 1603 1678 1686 Mosquensisrl

318 1706 440 1790 primus
462 1704 593 1788 recepit,
616 1701 674 1768 sed
696 1709 772 1768 tunc
794 1705 892 1769 solus.
927 1705 1057 1770 saeculo
1078 1703 1160 1770 XIII
1182 1723 1254 1769 cum
1273 1705 1522 1790 prudentissimo
1545 1705 1677 1772 consilio

315 1815 372 1874 aut
394 1805 585 1873 Planudes
605 1811 662 1870 aut
683 1805 829 1887 aequalis
844 1807 913 1873 cius
929 1805 1176 1889 grandissimum
1192 1807 1459 1874 Plutarcheorum
1475 1829 1591 1894 corpus
1607 1830 1678 1875 cou-

316 1911 409 1978 derst
431 1907 481 1998 [cf.
504 1909 590 1975 Preu
613 1929 668 1972 zur
690 1907 877 1990 geschichte
899 1908 957 1975 der
978 1907 1143 1975 uebcrlief.
1166 1929 1197 1976 v.
1220 1911 1305 1976 Plut.
1320 1911 1433 1978 Moral.
1455 1909 1678 1994 Waldenburg

317 2014 398 2078 1877
423 2035 453 2098 p.
470 2009 523 2098 XI,
547 2009 672 2076 Placita
695 2030 734 2076 eo
754 2009 866 2076 ordine
882 2029 985 2094 eaque
999 2010 1103 2076 forma
1118 2011 1263 2096 Inseruit,
1286 2033 1382 2097 quam
1398 2033 1509 2080 omnes
1524 2013 1677 2098 deinceps

314 2114 472 2197 vulgati
494 2113 621 2180 codices
644 2112 745 2178 secuti
768 2119 852 2178 sunt.
897 2113 979 2180 hacc
1001 2112 1098 2197 igitur
1119 2122 1170 2181 est
1191 2117 1319 2183 altera
1340 2115 1463 2182 classis.

400 2215 603 2282 Plauudei
627 2215 771 2298 corporis
793 2215 857 2281 duo
880 2221 992 2282 extant
1013 2216 1215 2302 apographa,
1237 2218 1280 2284 de
1301 2238 1435 2302 quorum
1457 2217 1677 2285 vicissitudine

314 2337 353 2383 ac
380 2317 581 2403 praestantia
609 2318 708 2399 longa
737 2315 798 2382 fuit
823 2316 997 2382 contentio.
1031 2317 1114 2384 alter
1144 2321 1216 2391 cod.
1239 2319 1405 2386 Parisinus
1428 2321 1510 2385 1671
1538 2320 1676 2406 scriptus

313 2440 400 2486 anuo
425 2421 508 2488 1296
535 2419 577 2506 (Α
598 2419 768 2501 insignitus
790 2439 812 2484 a
834 2415 1114 2504 Wyttenbachio),
1136 2422 1220 2488 alter
1243 2421 1344 2488 Paris.
1369 2422 1452 2486 1672
1474 2419 1676 2508 (EWytten-

314 2523 435 2610 bachii)
467 2523 564 2607 paulo
595 2521 708 2588 iunior.
753 2519 1022 2608 Wyttenbachius
1048 2522 1133 2588 enim
1157 2524 1185 2590 ll
1207 2545 1247 2590 cx
1269 2524 1298 2588 A
1327 2523 1521 2608 exscriptum
1548 2525 1676 2592 dixerat

312 2627 371 2692 sed
392 2625 438 2690 ita
454 2625 649 2709 exscriptum
671 2631 707 2690 ut
727 2623 907 2691 vetustiora
928 2621 1160 2692 adhiberentur
1182 2629 1342 2710 exempla.
1376 2632 1489 2692 contra
1511 2627 1596 2694 Ihcu
1622 2624 1675 2714 [de

313 2729 416 2796 codic.
439 2727 604 2794 nonnullis
631 2727 767 2792 ParIsin.
790 2727 886 2792 Iauer
908 2727 988 2792 1871
1013 2749 1044 2812 p.
1062 2725 1158 2814 11]Α
1179 2729 1401 2813 apographum
1428 2728 1548 2795 codicis
1562 2731 1590 2795 Ε
1606 2751 1676 2814 per-

312 2831 470 2898 thuerat.
514 2829 601 2913 quod
625 2835 795 2911 utrumque
822 2827 939 2894 salsum
962 2835 1021 2896 est.
1065 2850 1139 2895 uam
1168 2831 1254 2913 quod
1281 2831 1351 2916 ipsc
1381 2832 1467 2898 Treu
1494 2826 1609 2915 postea
1635 2829 1673 2918 [a.

312 2933 420 3018 gesch.
444 2933 476 2998 d.
500 2933 618 2998 uebsrl.
642 2954 673 3016 p.
690 2930 859 3018 VIquq.]
882 2931 1051 3016 intellexit,
1074 2939 1210 3016 uterque
1231 2934 1334 3000 codex
1356 2955 1397 3000 ex
1419 2932 1535 3000 ecdem
1557 2933 1674 2998 Planu-

312 3038 374 3104 deo
390 3036 539 3119 exemplo
555 3035 736 3119 descriptus
751 3041 811 3119 est,
830 3034 888 3100 sed
903 3035 950 3100 ita
964 3041 999 3100 ut
1013 3035 1129 3101 iuniori
1145 3037 1173 3100 Ε
1188 3035 1269 3102 fides
1283 3036 1386 3102 maior
1401 3035 1442 3102 sit
1457 3033 1672 3101 attribuenda.

314 3139 402 3223 quod
416 3143 586 3204 senserunt
601 3137 837 3220 quodammodo
853 3137 908 3220 qui
922 3137 1043 3220 primas
1058 3137 1106 3202 illi
1121 3137 1262 3205 tribuere
1276 3135 1492 3204 Duehnerus⁸
1507 3136 1671 3202 Plutarchi

310 3242 414 3308 editor
444 3247 476 3307 et
502 3239 538 3304 B.
561 3239 736 3306 Muellerus
762 3239 816 3322 qui
844 3238 987 3304 libellum
1015 3240 1057 3306 dc
1084 3239 1212 3306 animae
1237 3240 1270 3306 in
1293 3241 1425 3306 Timaeo
1449 3239 1672 3324 procreatione

308 3343 448 3410 restituit
475 3341 637 3428 [Plutarch
666 3342 765 3408 ueber
791 3341 844 3406 die
871 3341 1107 3426 seelcnschdps.
1129 3341 1231 3408 Bresl.
1256 3343 1339 3408 1873
1362 3365 1393 3426 p.
1410 3339 1534 3428 2sqq.].
1571 3359 1671 3424 quare

308 3453 344 3512 ut
370 3447 480 3530 optimi
508 3446 641 3511 alterius
663 3445 776 3511 classis
799 3443 872 3510 libri
894 3443 1041 3510 notitiam
1063 3443 1245 3528 acciperem
1267 3464 1363 3528 quam
1386 3441 1671 3524 accuratissimam,

308 3549 350 3614 M.
373 3549 554 3614 Bonuetum
576 3547 653 3631 adii,
676 3553 711 3612 ut
732 3546 919 3614 conferendi
940 3547 1085 3612 lahorem
1108 3547 1295 3631 susciperet.

257 3656 282 3722 O
392 3651 557 3716 Parisinus
571 3650 668 3733 igitur
686 3651 778 3734 1672,
802 3649 891 3714 cuius
910 3648 1161 3733 discrepantiam
1179 3647 1204 3712 O
1223 3655 1367 3714 notatam
1387 3645 1562 3712 doctissimi
1585 3645 1671 3710 illius

306 3757 366 3824 riri
378 3753 720 3821 eximiacaccuratioui
730 3759 898 3835 acceptam
908 3751 1024 3836 refero,
1033 3751 1266 3834 grandissimus
1279 3757 1328 3818 est
1339 3750 1421 3815 liber
1431 3747 1515 3836 [0,41
1525 3746 1669 3835 >(0,3Ο““]

306 3859 572 3925 membranaceus
590 3853 850 3940 splendidissime
865 3874 885 3918 a
900 3853 1041 3936 quinque
1061 3853 1182 3920 saeculi
1197 3855 1278 3919 XIII
1300 3851 1448 3920 exeuntis
1462 3853 1515 3917 rel
1532 3853 1610 3918 XIV
1624 3852 1670 3917 in-

306 3962 412 4027 euntIs
439 3959 551 4025 scribis
579 3965 731 4024 exaratus
754 3953 851 4042 [Trcu
880 3975 906 4020 a.
930 3955 1037 4037 gesch.
1062 3977 1093 4039 p.
1110 3955 1217 4042 Vsqd,
1248 3957 1387 4039 paginae
1409 3955 1556 4037 singulae
1578 3961 1613 4020 ut
1635 3955 1668 4019 in

305 4065 454 4147 exemplo
478 4061 646 4127 Planudeo
667 4057 850 4124 institutum
872 4057 972 4123 Iuisse
993 4058 1131 4143 ridetur,
1153 4057 1302 4123 bifariam
1325 4056 1460 4122 divisae.
1493 4057 1619 4122 Placita
1634 4056 1668 4121 iu

376 4219 383 4250 ¹
403 4221 467 4269 tales
490 4226 550 4268 ante
569 4234 590 4268 s.
603 4218 671 4268 XIII
693 4227 829 4268 serrantur
851 4219 878 4267 in
903 4217 1041 4267 Marcianis
1063 4216 1115 4269 249
1134 4211 1529 4280 [s.x11]‚250[s.x1‚‘rreu,
1548 4217 1594 4266 der
1611 4231 1667 4280 sog.

302 4307 514 4372 Lampriascatal.
532 4323 557 4370 p.
570 4300 631 4366 45*,
655 4321 700 4356 zur
718 4309 803 4371 gesch.
822 4307 847 4355 d.
866 4305 961 4355 ucberl.
981 4323 1005 4370 p.
1019 4305 1087 4355 XIII
1103 4303 1154 4368 sq.]
1177 4305 1303 4354 Parisinis
1325 4299 1391 4354 1855
1414 4301 1446 4364 [e.
1460 4303 1526 4367 XII]
1549 4311 1574 4353 et
1600 4301 1666 4355 1956

303 4393 401 4457 [le]
420 4409 484 4456 quos
503 4395 557 4456 ipsc
576 4394 684 4458 Inspexi,
703 4395 787 4444 Paris.
803 4391 869 4444 1857
889 4391 921 4454 [s.
934 4392 1008 4456 xm.

372 4477 382 4509 '²
400 4480 553 4530 Ducbucrus
572 4480 672 4530 Ocuti
691 4483 801 4530 hominis
815 4481 901 4544 graeci
914 4488 1039 4545 apparatu
1052 4495 1112 4529 usus
1124 4486 1163 4528 cst
1182 4480 1224 4542 qui
1244 4493 1268 4529 a.
1282 4481 1307 4529 11.
1326 4495 1347 4530 e.
1360 4478 1558 4530 XXI-XXIII
1576 4478 1665 4528 labore

300 4571 399 4619 maiore
424 4583 502 4631 quam
520 4567 630 4617 utilitate
648 4569 685 4618 LI
703 4569 837 4619 Parisiuos
856 4569 989 4619 Plutarchi
1013 4568 1113 4618 codices
1137 4567 1255 4616 excussit.
1294 4567 1411 4616 oculatos
1429 4567 1545 4631 singulos
1564 4567 1665 4617 duobus

300 4655 475 4707 voluminibus
499 4656 693 4719 comprehendit
715 4658 790 4704 terti0
814 4656 917 4716 addito,
942 4671 1018 4720 quem
1043 4655 1294 4718 compulsionem
1313 4661 1395 4716 vocat,
1415 4668 1466 4716 quo
1485 4654 1611 4718 digestam
1630 4654 1664 4703 sd

299 4745 402 4808 siugula
419 4745 515 4807 scripta
533 4743 688 4806 farraginem
708 4743 844 4792 lectionum
859 4745 995 4806 congessit.
1023 4741 1118 4791 Genti
1135 4741 1334 4791 Plutarchus
1353 4741 1500 4791 conlatus
1518 4741 1536 4790 t.
1556 4740 1663 4807 quadr.

299 4849 324 4880 11.
339 4827 489 4882 396-398
512 4829 694 4894 supplementis
718 4829 889 4880 bibilothceae
914 4830 1049 4879 Parisiuae
1072 4831 1181 4878 insertus
1203 4835 1249 4876 est.
1285 4827 1562 4878 Placitcnrml.1ex
1581 4843 1663 4877 ccm-

298 4920 450 4983 pulsione
469 4918 624 4982 descriptum
643 4917 797 4969 Benedictus
816 4917 895 4967 Niese
919 4917 1000 4967 amice
1024 4916 1086 4965 mihi
1105 4916 1252 4980 specImInia
1272 4918 1354 4978 gratia
1373 4918 1449 4966 misit.
1486 4929 1537 4978 quc
1557 4922 1662 4979 accepto

297 5005 371 5068 plura
390 5021 438 5069 ego
458 5021 509 5054 uon
528 5006 681 5055 desiderari.
