3756 5736
332 403 396 468 210
598 404 664 454 XVI
700 403 749 453 DE
769 403 871 453 AETII
889 401 1127 452 PLACITORUM
1147 399 1420 452 COMPOSITIONE

334 591 393 655 per
416 571 580 637 sensualia
602 590 812 654 prorumpere
833 571 866 634 in
883 569 974 636 Sexti
995 571 1067 636 loco
1084 569 1145 634 VII
1161 569 1223 634 129
1245 565 1512 652 comprehensam
1533 564 1691 631 ridemus.

331 678 432 738 τοῦτον
460 675 497 758 δὴ
528 675 577 736 τὸν
604 673 684 736 θεῖον
706 673 791 756 λόγον
818 671 887 737 καθ’
915 669 1100 757 Ἡράκλειτον
1124 669 1159 734 δι’
1187 672 1334 752 ἀναπνοῆς
1355 669 1516 738 σπάσαντες
1537 667 1631 752 νοεροί
1652 688 1692 749 γι·

331 775 444 859 νόμεθα
467 776 514 838 καί
537 776 568 840 έν
591 775 644 858 μὲν
668 777 764 845 ὕπνοις
786 775 905 858 ληθαῖοι
927 774 1002 837 κατὰ
1025 775 1057 837 tl
1079 773 1189 858 ἔγερσιν
1211 775 1296 836 παλιν
1319 769 1468 856 ἔμφρονες.
1502 771 1532 835 ἐν
1554 769 1609 855 γὰρ
1631 773 1691 839 τοῖς

332 878 430 948 ὕπνοις
457 880 608 961 μοσοὶντων
638 883 697 940 τῶν
724 877 903 960 αἰσθητικῶν
932 875 1030 961 πόρων
1059 875 1214 962 χωρίζεται
1240 879 1293 958 τῆς
1315 875 1387 959 πρὸς
1407 875 1440 936 τὸ
1462 872 1598 958 περιέχον
1620 893 1690 956 συμ-

331 981 417 1064 φυΐας
440 983 456 1046 ὁ
478 982 508 1044 έν
531 983 600 1065 ἡμῖν
627 985 693 1051 νοῦς
720 980 811 1063 μόνης
833 983 885 1064 τῆς
916 979 990 1043 κατὰ
1017 979 1162 1062 ἀναπνοὴν
1192 977 1383 1062 προσφύσεως
1412 975 1581 1062 σῳζομένης
1602 978 1692 1041 οἰονεί

331 1107 405 1153 τινος
427 1083 522 1169 ῥίζης,
550 1084 707 1170 χωρισθείς
734 1106 766 1146 τε
793 1083 951 1168 ἀποβαλλει
979 1081 1015 1164 ἣν
1044 1081 1182 1166 πρότερον
1210 1078 1274 1166 εἶχε
1296 1079 1474 1163 μνημονικὴν
1497 1078 1626 1163 δύναμιν.
1659 1080 1690 1144 έν

331 1185 364 1249 δὲ
390 1187 557 1272 ἐχρηρορόσι
583 1189 685 1250 πάλιν
714 1185 770 1249 διὰ
797 1189 864 1249 τῶν
892 1184 1115 1268 αἰσθητικῶν
1142 1183 1261 1267 πόρων
1284 1183 1400 1267 ὥσπερ
1426 1181 1484 1246 διά
1505 1203 1609 1246 τινων
1632 1183 1689 1246 θυ-

227 1363 232 1374 ·
332 1287 433 1371 ρίθων
456 1289 662 1375 προκύψαςΙ
692 1289 740 1352 καὶ
769 1293 813 1373 τῷ
836 1287 998 1372 περιέχοντι
1022 1286 1210 1370 συμβαλὼν
1233 1287 1377 1369 λογικὴν
1401 1283 1561 1349 ἐνδύεται
1584 1285 1690 1350 δίνα-

331 1415 397 1472 μιν.
430 1391 516 1476 ὅνπερ
547 1390 597 1456 οὖν
626 1391 732 1476 τρόπον
755 1391 782 1453 οἱ
804 1388 947 1474 ἄνθρακες
970 1389 1181 1472 πλησιάσαντες
1203 1394 1245 1473 τῷ
1268 1388 1336 1472 πυρί
1358 1385 1424 1451 κατ’
1453 1386 1607 1452 ἀλλοίωσιν
1630 1389 1689 1452 διά·

330 1517 415 1578 πυροι
437 1493 559 1576 γίνονται
576 1493 770 1579 χωρισθέντες
792 1493 825 1554 δὲ
844 1492 1018 1576 σβέννυνται,
1040 1491 1118 1554 οὕτω
1140 1491 1188 1554 καί
1211 1492 1231 1574 ἡ
1255 1489 1517 1560 ἐπιξενωθεῖσα
1538 1493 1598 1558 τοῖς
1620 1491 1690 1573 ἡμε-

330 1596 423 1680 τέροις
444 1599 575 1678 σώμασιν
598 1597 657 1659 ἀπὸ
679 1599 731 1660 τοῦ
753 1593 937 1680 περιέχοντος
959 1597 1047 1678 μοῖρα
1068 1593 1144 1658 κατὰ
1166 1595 1218 1676 μέν
1234 1594 1284 1657 τὸν
1300 1594 1450 1679 χωρισμὸν
1466 1593 1568 1678 ἄλοχος
1583 1595 1688 1678 γίνεται

330 1699 404 1763 κατὰ
430 1701 536 1786 δὲτὴν
566 1701 614 1764 διὰ
636 1704 694 1764 τῶν
716 1698 858 1762 πλείστων
884 1697 981 1782 πόρων
1007 1697 1149 1783 σύμφυσιν
1172 1697 1380 1780 θμοιοειδὴς
1401 1701 1444 1782 τῷ
1468 1697 1530 1782 θλιρ
1552 1696 1689 1762 καθίστα-

329 1801 411 1867 ται.’
453 1801 668 1869 Aenesidemo
691 1800 774 1867 haec
794 1800 905 1866 deberi
928 1821 967 1867 eo
989 1800 1130 1867 maxime
1151 1799 1365 1886 intellegitur,
1388 1799 1475 1885 qnod
1496 1801 1530 1863 τὸ
1552 1800 1688 1887 περιέχον

329 1903 385 1990 (ab
407 1904 572 1970 Heraclito
595 1901 710 1970 eadem
733 1903 929 1971 obscuritate
951 1924 1015 1989 qua
1039 1905 1081 1971 ab
1103 1904 1301 1988 Anaxagora
1322 1903 1361 1970 fr.
1384 1905 1405 1970 2
1430 1902 1565 1990 dictum)
1595 1905 1688 1988 quasi

329 2010 378 2072 τὸν
399 2007 572 2094 περιέχοντα
594 2005 649 2095 [sc.
673 2005 756 2096 ἀέρα]
786 2007 912 2092 vulgari
943 2008 1176 2076 consuetudine
1207 2005 1360 2092 dixisset,
1383 2005 1567 2092 explicavit.
1612 2029 1688 2076 nam

329 2129 409 2176 aera
428 2109 462 2176 in
483 2110 576 2176 istius
598 2110 829 2176 commentario
851 2109 1104 2194 intellegendum
1127 2129 1199 2176 esse
1222 2116 1323 2194 patet.
1352 2107 1438 2176 idem
1460 2116 1569 2178 autem
1585 2113 1688 2180 Aona

329 2213 471 2278 uidemus
497 2214 629 2279 affertur
655 2213 747 2278 testis
775 2213 908 2278 Tertull.
932 2213 995 2278 c.9
1023 2233 1086 2277 ιιοιι
1113 2225 1145 2277 at
1173 2235 1229 2278 aar
1255 2217 1297 2277 rit
1322 2217 1395 2295 ipra
1419 2215 1594 2279 nabatautia
1621 2219 1689 2281 einr

329 2316 484 2399 [animae]
507 2319 564 2380 etti
583 2318 642 2380 boe
656 2317 857 2381 Aenesidemo
878 2319 977 2381 οἰεαινι
999 2327 1043 2380 att
1065 2329 1093 2380 et
1107 2319 1295 2382 Ακυπίινιεαί
1308 2327 1382 2398 puto
1401 2319 1570 2382 secandum
1591 2340 1689 2403 puos-

330 2421 402 2482 dam
424 2430 453 2482 et
473 2419 641 2482 Heraclito.
685 2418 760 2485 hinc
782 2440 854 2485 cum
877 2419 1007 2486 Stoicae
1029 2419 1197 2486 doctrinae
1228 2438 1312 2502 quae
1337 2419 1478 2485 animam
1507 2422 1687 2508 ἀπόσπασμα

328 2527 381 2606 τῆς
402 2526 454 2586 τοῦ
475 2523 583 2592 παντὸς
605 2527 702 2608 ψυχῆς
724 2522 856 2588 volebat
877 2521 1086 2606 meminisset,
1109 2521 1152 2587 ad
1167 2519 1363 2604 singularem
1386 2520 1471 2588 hanc
1493 2525 1687 2591 sententiam

327 2623 477 2708 pervenit
502 2621 541 2688 es.
567 2624 655 2690 Sext.
679 2625 773 2710 phys.
789 2625 822 2689 II
840 2625 903 2690 233
926 2624 959 2689 τό
981 2648 1013 2688 τε
1036 2625 1067 2690 ὂν
1089 2626 1164 2689 κατὰ
1184 2625 1237 2688 τὸν
1255 2621 1439 2708 Ἡράκλειτον
1461 2626 1520 2712 ἀήρ
1542 2627 1619 2691 ἐστιν
1646 2628 1688 2698 ὥς

328 2748 415 2812 φησιν
438 2729 455 2792 l
478 2725 685 2810 Αἰνησίδημυς.
715 2727 809 2792 simul
831 2726 866 2792 id
889 2726 1083 2793 elementum
1105 2725 1291 2811 proposuit,
1314 2726 1401 2794 unde
1423 2727 1578 2796 facillime
1601 2735 1688 2796 exte

327 2828 460 2894 nuando
483 2835 515 2894 et
537 2827 703 2894 densendo
726 2835 915 2913 perpetuam
930 2829 1185 2896 vicissitudinem
1200 2828 1364 2895 Heraclito
1386 2829 1565 2916 affingeret,
1587 2851 1685 2916 quam

327 2931 487 3014 sceptiana
509 2931 607 2996 homo
630 2929 664 2995 in
685 2930 742 2997 illo
765 2931 905 2997 maxime
927 2930 1134 3015 suspiciebat.
1175 2948 1251 2995 nam
1274 2931 1445 2999 coniuncta
1467 2937 1517 2999 est
1538 2931 1590 2998 bis
1612 2954 1686 3000 eon·

326 3032 498 3098 trariorum
513 3029 687 3098 concordia
701 3031 834 3118 discors,
857 3053 954 3116 quam
970 3031 1160 3119 Pyrrhoniis
1179 3031 1265 3098 viam
1281 3033 1435 3100 muniisse
1449 3033 1684 3102 Aenesidemus

327 3135 559 3218 perseveravit.
583 3133 672 3200 Sext.
695 3135 731 3199 P.
754 3134 794 3199 H.
817 3135 925 3201 1210.

411 3236 446 3302 Si
469 3258 581 3304 verum
603 3243 653 3302 est
676 3235 762 3318 quod
784 3235 979 3302 conieeimus
995 3237 1201 3306 Aenesidemi
1224 3259 1297 3306 ense
1317 3237 1474 3304 Scirtiana
1489 3239 1550 3306 Vll
1569 3241 1629 3306 129
1650 3247 1684 3306 et

325 3339 376 3404 his
399 3339 515 3424 vicina,
537 3337 773 3422 intellegemus,
796 3357 861 3420 qua
883 3338 1008 3405 ratione
1031 3338 1150 3408 Sextus
1173 3345 1205 3406 et
1221 3339 1364 3407 Soranus
1386 3341 1449 3424 ipsi
1465 3340 1682 3408 Aenesidemo

324 3461 382 3507 eas
404 3441 583 3508 sententias
605 3438 745 3505 tribuere
767 3439 907 3524 possint,
935 3461 956 3506 a
978 3441 1093 3525 quibus
1114 3441 1212 3510 luerit
1233 3451 1269 3509 ut
1290 3443 1344 3526 qui
1367 3443 1507 3510 maxime
1529 3451 1681 3511 remotus.

323 3563 399 3608 uam
422 3543 503 3609 sicut
525 3541 667 3608 eolectici
691 3541 761 3606 eius
782 3541 904 3608 saeculi
919 3541 1174 3626 dogmaticorum
1190 3545 1331 3611 omnium
1347 3546 1462 3612 miram
1476 3547 1681 3614 concordiam

323 3644 578 3728 contendebant,
609 3643 657 3708 ita
679 3643 912 3710 Aenesidemus
942 3645 1152 3712 dubitationis
1179 3649 1303 3714 semina
1329 3668 1388 3732 per
1414 3648 1680 3734 philosophorum

323 3746 597 3812 continuationem
618 3743 787 3828 indagavit
809 3752 841 3811 et
856 3746 993 3812 collecta
1008 3749 1185 3832 proposuit.
1218 3769 1283 3832 qua
1302 3751 1334 3815 in
1350 3771 1386 3817 re
1402 3769 1474 3816 cum
1487 3751 1562 3818 illos
1578 3753 1681 3836 magis

325 3867 421 3929 quam
444 3867 480 3914 se
496 3849 665 3931 loquentes
686 3845 808 3913 faceret
830 3846 883 3930 [cf.
906 3869 1005 3932 supra
1020 3849 1089 3914 καθ’
1112 3851 1289 3938 Ηράκλειτον
1304 3899 1313 3916 .
1327 3899 1334 3916 .
1348 3900 1356 3916 .
1368 3853 1533 3938 priuatim,
1556 3873 1682 3920 errores

322 3948 465 4015 infinitos
479 3949 568 4032 apud
581 3947 778 4032 posteriores
793 3949 986 4034 procrearit,
1009 3951 1062 4035 qui
1081 3955 1323 4038 explanatorem
1339 3953 1526 4038 opinionum
1542 3955 1681 4023 eundem

321 4057 493 4134 patronum
516 4049 700 4118 credebant.
734 4049 809 4116 hine
823 4050 943 4117 iactum
958 4043 1001 4118 'ut
1015 4073 1110 4138 quem
1126 4061 1254 4130 ναίοισι
1273 4055 1486 4123 resuscitasse
1501 4057 1680 4142 Pyrrhonis

320 4158 442 4218 secam
471 4151 636 4237 dicebant,
668 4152 806 4219 eundem
832 4153 1051 4222 inconstantia
1081 4156 1224 4222 absurda
1251 4156 1347 4223 modo
1377 4157 1554 4242 sceptlcnm
1582 4159 1680 4225 modo

292 4253 537 4337 ,dogmaticum
559 4254 751 4341 praesertim
772 4255 991 4322 Heracliteum
1012 4256 1073 4322 viri
1095 4258 1182 4325 docti
1204 4258 1448 4326 arbitrarentur.
1485 4281 1549 4343 quo
1571 4260 1605 4326 in
1627 4281 1680 4343 ge·

319 4376 398 4422 nere
420 4377 515 4423 nemo
530 4344 676 4439 argutius
691 4363 840 4424 versatus
855 4365 905 4424 est
920 4379 1015 4442 quam
1032 4359 1181 4426 Leander
1197 4359 1337 4426 Haasius
1356 4361 1397 4427 de
1412 4361 1679 4446 philosophorum

388 4631 397 4662 ¹
417 4634 447 4684 cf.
465 4635 570 4684 Pbilon.
589 4635 680 4698 fragm.
700 4650 725 4699 p.
739 4633 791 4688 615
810 4635 900 4700 Mang.
919 4633 949 4686 ίιι
966 4636 1012 4686 τοῦ
1030 4635 1085 4704 περὶ
1099 4633 1270 4704 κοσμοποιίας.
1290 4635 1315 4688 αἰ
1327 4633 1455 4706 αἰσθήσεις
1465 4631 1561 4706 θυρίσιν
1574 4634 1678 4688 ἰοίιιασι.

317 4716 357 4770 διὰ
375 4717 420 4789 γὰρ
443 4716 541 4770 τουτων
559 4717 649 4771 ὡσανεὶ
667 4715 775 4788 θυρίδων
794 4721 961 4791 ἐπεισέρχεται
988 4727 1025 4791 τῷ
1049 4725 1085 4791 νῷ
1108 4723 1126 4792 ἠ
1148 4720 1290 4792 κατάληψις
1311 4727 1365 4775 τῶν
1383 4718 1525 4792 αἰσθητῶν,
1543 4723 1587 4775 καί
1605 4721 1678 4775 πάλιν

316 4803 330 4857 d
348 4809 404 4864 νοῦς
423 4805 542 4859 tardaret
560 4803 600 4858 διὰ
617 4804 711 4856 αἰετῶν.
730 4807 805 4877 μέρος
823 4806 849 4860 δέ
869 4806 920 4859 ἰστι
938 4813 990 4860 τῶν
1007 4807 1125 4879 θυρίδων,
1143 4807 1210 4878 λέγω
1229 4807 1260 4878 δὴ
1278 4815 1331 4860 τῶν
1349 4805 1498 4878 αἰσθήσεων,
1516 4808 1533 4878 ὴ
1552 4805 1643 4880 ὅρασις.

387 4891 398 4925 ²
415 4897 537 4947 Ptec1v
549 4893 565 4946 3
579 4905 602 4942 lt
624 4891 670 4962 τὴν
693 4889 716 4942 δ’
742 4893 768 4944 έν
790 4899 842 4952 τοῖς
863 4893 935 4963 ζῴοις
958 4893 1067 4965 [ψυχὴν]
1089 4893 1138 4948 ἀπὸ
1156 4897 1202 4965 τῆς
1220 4893 1293 4954 ἐκτὸς
1312 4895 1420 4965 καὶτῆς
1438 4895 1464 4948 ἰν
1482 4891 1566 4955 adroic
1583 4891 1676 4948 ἀναθυ·

315 4981 423 5047 μιάσεως
441 4979 585 5050 ὁμογενῆ.
