3710 5730
337 413 380 477 80
743 415 767 462 V
806 415 856 464 DE
876 415 952 465 Alill
971 415 1105 464 DIDYMI
1125 415 1287 466 EPITOME

336 585 366 646 ἐν
392 587 435 667 τῷ
469 581 539 666 Περὶ
569 581 773 667 Πυθαγορικῆς
804 583 975 668 φιλοσοφίας
1008 580 1151 668 [Didymi
1182 581 1221 646 fr.
1253 585 1325 648 coll.
1360 583 1506 650 Schmidt
1543 606 1574 668 p.
1597 585 1659 650 381
1677 583 1704 671 ¹]

335 685 512 750 translatus
535 683 651 748 dicitur
675 684 754 749 Ario
783 704 841 750 suo
870 683 1025 750 attribuit.
1071 703 1177 766 noque
1200 683 1286 749 enim
1309 685 1479 770 probabile
1501 685 1703 770 peculiarem

337 786 435 851 fuisse
458 785 625 868 Epitomes
653 786 694 851 de
717 785 934 871 Pythagoreis
960 784 1076 850 librum
1104 807 1210 870 noque
1238 793 1360 853 temero
1382 787 1579 854 Schmidtius
1601 787 1705 872 Didy-

336 909 423 952 mum
444 887 626 953 Heraclidis
652 887 761 972 filium,
791 907 887 971 quom
914 887 1156 973 Pythagoreum
1184 896 1217 954 et
1245 889 1350 974 ipsum
1379 890 1479 956 fuisso
1506 889 1618 956 statuit
1641 889 1705 954 Fa-

338 989 456 1055 bricius
479 986 526 1075 [B.
543 989 582 1055 G.
598 990 677 1055 VIII
692 986 776 1075 3bbl,
799 989 872 1054 libri
894 990 988 1056 istius
1009 997 1174 1058 auctorem
1197 991 1342 1058 credidit.
1378 1011 1456 1074 ergo
1479 993 1550 1058 istis
1572 991 1705 1074 quidem

338 1091 526 1176 fragmentis
548 1090 617 1156 Arii
641 1091 813 1175 Epitomen
835 1089 934 1158 boare
955 1093 1114 1158 nolumus.

423 1193 488 1260 Sed
514 1193 670 1276 quidquid
695 1192 886 1261 bleinekeus
916 1194 1129 1260 coniectando
1158 1195 1319 1280 peccavit,
1348 1195 1518 1262 vodssima
1543 1195 1601 1260 illa
1627 1215 1704 1260 con·

336 1297 461 1364 iectura
491 1296 570 1361 satis
598 1297 758 1382 repondit,
789 1315 884 1378 quam
915 1295 957 1360 de
984 1293 1054 1360 Arii
1076 1296 1208 1382 Didymi
1235 1305 1345 1364 aetate
1371 1299 1548 1382 proposuit.
1592 1297 1706 1362 docuit

338 1401 423 1467 enim
451 1397 592 1465 brevitor
619 1398 652 1463 in
680 1399 791 1464 adnot.
810 1397 909 1464 critic.
931 1396 973 1462 ad
996 1396 1086 1464 Stob.
1106 1401 1164 1464 ecl.
1189 1421 1220 1484 p.
1237 1421 1295 1462 cuv
1319 1401 1458 1467 eundem
1485 1421 1557 1467 osse
1578 1399 1703 1484 Arium,

336 1521 432 1586 quem
446 1500 583 1584 Augusti
600 1500 776 1585 praecipuo
798 1519 910 1566 amore
932 1520 1025 1564 usum
1047 1520 1119 1568 esse
1135 1501 1298 1586 proditum
1320 1511 1378 1570 est.
1415 1503 1502 1587 quod
1516 1502 1572 1568 ille
1587 1502 1703 1586 paucis

336 1603 444 1670 vorbis
468 1601 660 1685 significavit
683 1601 806 1686 peritis,
828 1601 863 1666 id
885 1602 1076 1685 explicatius
1097 1605 1325 1688 exponendum
1348 1611 1381 1670 et
1403 1605 1555 1688 quoniam
1571 1603 1705 1670 fuerunt

338 1706 453 1790 quibus
475 1723 544 1770 rem
566 1711 688 1770 certam
703 1705 860 1770 incertam
883 1704 1021 1772 reddere
1043 1705 1178 1790 luberet,
1201 1726 1253 1772 res
1276 1712 1350 1770 acta
1371 1706 1488 1772 iterum
1509 1707 1639 1788 agenda
1661 1727 1703 1772 ac

336 1807 540 1894 profliganda
561 1814 620 1874 cst.

419 1910 564 1975 Inclutus
586 1916 636 1976 ost
657 1909 753 1974 Arius
776 1927 816 1974 ex
838 1909 1025 1975 narratione
1047 1909 1212 1976 celebrata
1235 1909 1322 1992 apud
1344 1915 1481 1992 veteres,
1506 1929 1602 1992 quam
1625 1911 1701 1975 Plu-

335 2014 466 2082 tarchus
488 2012 534 2078 sic
556 2011 679 2078 rettulit
697 2030 804 2095 praee.
821 2009 956 2094 reipubl.
973 2031 1040 2094 ger.
1058 2013 1098 2078 18
1121 2033 1151 2096 p.
1168 2013 1232 2078 814
1249 2011 1361 2096 Ἄρειόν
1382 2037 1414 2076 τε
1437 2009 1552 2097 Καῖσαρ
1575 2015 1624 2078 ὅτε
1646 2015 1700 2097 τήν

332 2117 543 2202 Ἀλεξάνδρειαν
573 2116 634 2179 εἷλε
660 2116 708 2178 διὰ
735 2115 832 2199 χειρός
864 2111 943 2199 ἔχων
972 2117 1019 2178 καί
1054 2116 1135 2199 μόνιρ
1165 2119 1350 2198 προσομιλῶν
1381 2120 1439 2178 τῶν
1472 2115 1607 2198 συνήθων
1636 2135 1700 2178 συν-

335 2223 505 2306 εισήλασεν,
541 2216 604 2281 εἶτα
640 2221 699 2286 τοῖς
734 2215 947 2300 Ἀλεξανδρεῦσι
981 2217 1017 2281 τά
1050 2217 1162 2302 ἔσχατα
1200 2208 1383 2301 προσδοκῶσι
1418 2219 1467 2280 καί
1500 2217 1647 2301 δεομένοις
1682 2221 1700 2282 b

335 2321 502 2406 Αὔγουστος
539 2317 596 2404 ἔφη
631 2319 853 2383 διαλλάττεσθαι
885 2320 934 2382 διά
966 2341 997 2380 τε
1030 2321 1063 2382 τό
1097 2320 1220 2402 μέγεθος
1254 2325 1306 2404 τῆς
1339 2321 1453 2388 πόλεως
1488 2321 1536 2383 καί
1570 2323 1617 2385 διὰ
1649 2323 1700 2384 τόν

335 2425 464 2508 οἰκιστὴν
475 2421 659 2504 Ἀλέξανδρον
681 2421 730 2484 καί
745 2422 848 2504 τρίτον,
871 2417 939 2504 ἔφη,
961 2425 1004 2504 τῷ
1020 2422 1097 2506 φίλιρ
1121 2445 1176 2504 μου
1199 2423 1293 2507 τούτῳ
1315 2423 1516 2508 χαριζόμενος.
1549 2419 1601 2507 [ci.
1622 2441 1700 2506 apo·

335 2525 500 2610 phthegm.
523 2543 590 2606 reg.
614 2523 708 2589 Caes.
731 2522 813 2604 Aug.
833 2523 852 2586 3
875 2542 907 2604 p.
925 2519 999 2608 207]
1026 2523 1112 2589 idem
1135 2523 1173 2588 V.
1195 2525 1314 2589 Anton.
1337 2524 1380 2588 80
1406 2524 1493 2593 αὐτὸς
1523 2524 1555 2586 δὲ
1582 2521 1698 2607 Καῖσαρ

335 2628 502 2712 εἰσήλαυνεν
528 2627 569 2697 εἰς
595 2629 647 2710 τἠν
675 2626 757 2689 πόλιν
777 2624 879 2709 Ἀρείῳ
906 2629 948 2708 τῷ
979 2627 1130 2711 φιλοσόφῳ
1159 2627 1435 2712 προσδιαλεγόμενος
1457 2627 1505 2689 καὶ
1529 2627 1581 2709 τήν
1605 2623 1699 2694 δεξιὰν

335 2731 519 2808 ἐνδεδωκώς,
553 2730 600 2792 ίνα
632 2728 721 2798 εὐθὺς
754 2729 788 2792 ἐν
824 2730 901 2796 τοῖς
938 2727 1098 2798 πολίταις
1132 2729 1319 2815 περίβλεπτος
1352 2727 1397 2811 εἰη
1436 2729 1484 2791 καὶ
1519 2729 1698 2811 θαυμάζοιτο

334 2837 495 2916 τιμώμενος
523 2829 567 2896 br?
598 2831 688 2895 αύτού
716 2833 891 2913 διαπρεπῶς.
920 2829 961 2898 εἰς
983 2829 1016 2892 δὲ
1038 2832 1247 2914 τδιγυμνάσιον
1270 2832 1410 2895 εἰσελθὼν
1438 2830 1486 2893 καὶ
1514 2831 1622 2916 ἀναβὰς
1650 2831 1698 2893 ἐπὶ

335 2939 418 3024 βῆμά
445 2959 470 2999 τι
499 2934 692 3018 πεποιημένον
730 2931 973 3015 ἐκπεπληγμένων
1006 2933 1062 2994 θπδ
1095 2933 1178 3004 δέους
1207 2941 1266 2997 τῶν
1299 2934 1462 3018 ἀνθρώπων
1499 2933 1546 2994 καί
1579 2952 1698 3016 προσπι·

335 3040 477 3118 πτόντων,
499 3039 657 3121 ἀναστῆναι
680 3036 818 3104 κελεύσας
840 3033 899 3119 ἔφη
922 3036 1018 3117 πάσης
1044 3035 1136 3105 αἰτίας
1162 3039 1211 3099 τόν
1239 3038 1331 3120 δῆμον
1358 3036 1474 3120 ἀφιέναι
1501 3039 1616 3117 πρῶτον
1645 3035 1698 3116 μὲν

336 3142 384 3206 διὰ
405 3143 454 3205 τόν
477 3139 592 3223 κτίστην
614 3137 798 3222 Ἀλέξανδρον
820 3139 880 3200 κτλ.
915 3143 982 3201 tum
1004 3137 1110 3220 pergIt
1131 3139 1238 3221 ταύτης
1260 3139 1296 3221 δή
1320 3143 1372 3222 τῆς
1398 3142 1484 3221 τιμῆς
1506 3134 1594 3220 ἔτυχε
1619 3135 1699 3219 παρά

337 3241 484 3328 Καίσαρος
500 3241 610 3326 Ἄρειος
632 3241 679 3304 καὶ
702 3245 760 3303 τῶν
782 3239 879 3303 ἄλλων
899 3238 1061 3324 ἐξῃτήσατο
1077 3241 1209 3326 συχνούς.
1237 3241 1278 3303 ῶν
1294 3240 1330 3324 ῆν
1347 3241 1395 3304 καί
1412 3241 1610 3323 Φιλόστρατος
1624 3239 1699 3321 ἀνὴρ

337 3346 426 3409 εἰπεῖν
449 3347 501 3428 μὲν
524 3345 553 3414 ἐξ
576 3345 734 3428 ἐπιδρομῆς
756 3346 815 3404 τῶν
838 3344 957 3405 πώποτε
980 3347 1126 3427 σοφιστῶν
1149 3345 1335 3420 ἱκανώτατος,
1357 3343 1494 3406 εἰσποιῶν
1518 3341 1551 3404 δέ
1572 3341 1613 3423 μή
1632 3361 1699 3424 προ-

337 3449 485 3532 σηκόντως
506 3447 608 3510 ἐσυτδν
630 3442 936 3528 τῆἈκαδημείηι.διθ
959 3446 1007 3509 καὶ
1031 3443 1146 3529 Καῖσαρ
1169 3445 1258 3509 αὐτού
1279 3446 1500 3530 βδελυττόμενος
1522 3445 1572 3506 τδν
1593 3443 1700 3526 τρόπον

337 3551 371 3614 ob
394 3551 528 3636 προσίετο
550 3550 601 3618 τάς
626 3549 749 3630 δεήσεις.
784 3548 800 3610 ὁ
823 3546 855 3608 δέ
873 3549 1001 3629 πώγωνα
1023 3547 1124 3610 πολιόν
1146 3547 1247 3616 καθείς
1269 3548 1317 3611 καὶ
1340 3549 1425 3632 φαιδν
1449 3547 1561 3630 ἱμάτιον
1584 3545 1700 3630 περιβο-

336 3653 457 3735 λόμενος
484 3651 634 3722 ἐξόπισθεν
659 3647 762 3733 Ἀρείῳ
789 3648 1004 3732 παρηκολούθει
1032 3654 1133 3712 τοῦτον
1164 3649 1208 3713 ἀεὶ
1242 3651 1291 3714 τδν
1318 3649 1418 3735 στίχον
1446 3647 1700 3732 ἀναφθεγγόμενος

538 3753 623 3838 σοφοί
646 3751 753 3836 σοφούς
775 3744 918 3836 σώζουσιν
941 3749 976 3814 ἀν
999 3751 1069 3816 ώσιν
1093 3751 1188 3835 σοφοί.

336 3859 500 3941 πυθόμενος
528 3857 561 3920 δὲ
588 3853 703 3938 Καῖσαρ
733 3855 781 3918 καὶ
808 3859 862 3917 τού
887 3853 999 3937 φθόνου
1022 3855 1131 3935 μᾶλλον
1148 3851 1258 3937 Ἄρειον
1281 3853 1301 3936 ἢ
1321 3857 1372 3916 τοῦ
1396 3855 1478 3922 δέους
1501 3853 1700 3938 Φιλόστρατον

267 4003 270 4008 ·
338 3959 502 4029 ἀπαλλάξαι
525 3957 697 4045 βουλόμενος
720 3958 812 4040 διῆκε.

424 4059 578 4127 Similiter
610 4065 646 4123 ut
680 4077 721 4123 ex
753 4058 868 4125 eodem
902 4056 992 4123 fonte
1021 4061 1133 4121 narrat
1160 4055 1291 4120 Cassius
1317 4055 1379 4120 Dio
1408 4057 1451 4121 LI
1473 4059 1554 4122 163
1584 4064 1642 4122 τῶν
1669 4083 1701 4122 τε

335 4163 543 4249 Ἀλεξανδρέων
570 4164 683 4227 πάντων
712 4161 847 4248 ἐφείσατο
875 4161 952 4223 ὥστε
980 4160 1021 4243 μῆ
1048 4159 1174 4223 διολέσαι
1200 4160 1278 4238 τινά,
1305 4159 1338 4222 τδ
1362 4161 1413 4242 μέν
1441 4161 1551 4244 ἀληθὲς
1578 4163 1621 4226 ότι
1647 4161 1702 4225 oba

338 4267 445 4352 ήξίωσε
462 4267 615 4334 τοσούτους
636 4289 669 4328 τε
690 4265 795 4335 αὐτούς
818 4261 901 4331 ὄντας
923 4263 972 4325 καί
994 4263 1235 4347 χρησιμωτάτους
1256 4267 1315 4332 τοῖς
1329 4259 1483 4346 Ῥωμαίοις
1505 4262 1644 4334 ἐςπολλά
1666 4262 1701 4327 ἂν

338 4370 506 4453 γενομένους
528 4367 685 4452 ἀνήκεστόν
708 4391 735 4431 τι
758 4369 872 4452 δρᾶσαι.
904 4363 1047 4449 πρόφασιν
1071 4365 1103 4427 δὲ
1119 4364 1199 4446 ὅμως
1218 4355 1415 4451 προύβάλλετο
1437 4366 1486 4430 τόν
1508 4389 1540 4429 τε
1562 4367 1630 4430 θεὸν
1652 4367 1702 4428 τδν

339 4469 467 4554 Σάραπιν
491 4472 537 4533 καὶ
561 4473 609 4534 τδν
629 4468 812 4553 Ἀλέξανδρον
834 4469 883 4530 τὸν
905 4466 1034 4552 οἰκιστὴν
1056 4466 1153 4531 αὐτῶν
1173 4467 1220 4530 καί
1235 4467 1328 4551 τρίτον
1338 4466 1449 4552 Ἄρειον
1471 4471 1530 4533 τὸν
1553 4469 1702 4550 πολίτην

339 4570 364 4658 ᾧ
392 4597 448 4635 που
475 4573 681 4658 φιλοσοφούντί
708 4596 740 4634 τε
766 4574 814 4635 καί
841 4570 952 4635 συνόντι
980 4571 1006 4633 οἱ
1030 4571 1149 4656 ἐχρῆτο.
1177 4567 1351 4635 Plutarcho
1374 4571 1502 4636 videtur
1524 4570 1569 4636 uti
1591 4569 1703 4634 neseio

338 4675 416 4759 quid
438 4675 479 4740 de
502 4673 674 4758 Thrasyllo
696 4671 779 4736 falso
802 4671 986 4738 admiscens
1002 4671 1197 4737 Themistius
1220 4692 1265 4736 or.
1283 4671 1361 4738 VIII
1383 4695 1414 4757 p.
1432 4673 1504 4758 129,
1522 4675 1562 4738 14
1578 4671 1675 4736 Dind.
1693 4671 1702 4700 ¹

413 4914 420 4945 ¹
444 4917 476 4966 cl.
499 4915 567 4965 XIII
585 4931 611 4979 p.
625 4909 686 4974 212,
699 4909 741 4962 21.
766 4913 792 4963 X
810 4909 908 4978 ρ.155,
924 4912 963 4964 19.
988 4913 1107 4964 XXXIV
1126 4931 1151 4978 p.
1167 4911 1228 4974 451,
1242 4912 1266 4966 5.
1292 4915 1317 4962 V
1338 4931 1363 4978 p.
1377 4911 1419 4976 75,
1433 4912 1475 4966 23.
1500 4916 1540 4966 XI
1559 4931 1583 4980 ρ.
1604 4912 1663 4976 173,
1677 4913 1702 4965 3.

338 5003 432 5053 Iulian.
451 5004 485 5052 ad
504 5002 628 5052 Themiot.
647 5017 671 5064 p.
686 4996 777 5052 2650.
803 5002 875 5065 epist.
895 4997 926 5051 51
947 5017 972 5066 p.
986 4999 1019 5054 96
1040 5002 1114 5066 Heyl.
1132 5001 1208 5052 Caes.
1221 4999 1263 5051 21.
