3756 5736
752 314 1028 409 Psonnaomsms

439 522 480 586 16
513 522 578 604 περὶ
600 522 692 604 ἀκοῆς

437 626 477 690 17
511 625 575 708 περὶ
598 628 771 719 ὀσφρήσεως

440 726 481 792 18
514 730 578 812 περὶ
600 736 726 813 γεύσεως

366 830 416 894 19.
438 829 482 894 20
513 832 577 914 περὶ
600 844 707 923 φωνῆς,

437 934 479 998 22
511 937 576 1020 περὶ
597 940 744 1028 ἀναπνοῆς

437 1037 479 1102 23
512 1041 577 1124 περὶ
599 1043 704 1108 παθῶν

353 1141 422 1205 Vl
510 1145 575 1227 περὶ
599 1153 738 1234 μαντικῆς

404 1246 424 1310 2
515 1249 578 1316 πῶς
600 1245 705 1334 ὄνειροι
728 1253 853 1334 γίνονται

215 1367 261 1432 vl
305 1365 354 1431 (le
376 1381 543 1447 corpore

299 1466 446 1532 ils-5
480 1467 545 1550 περὶ
570 1467 733 1554 σπέρματος

428 1570 449 1633 6
482 1571 547 1653 περὶ
570 1573 742 1656 συλλήψεως

430 1673 447 1736 Ἰ
482 1675 546 1742 πῶς
567 1671 672 1757 ἄρρενα
694 1679 824 1757 γεννᾶται
847 1675 895 1739 καὶ
919 1676 1013 1759 θήλεα

428 1773 449 1839 8
483 1777 546 1843 πῶς
567 1776 673 1859 τέρατα
694 1777 799 1860 γίνεται

314 1903 323 1912 ’
429 1877 451 1942 9
483 1875 531 1939 διὰ
552 1875 581 1938 τί
602 1880 740 1948 πολλάκις
760 1881 831 1964 γυνὴ
854 1881 1081 1954 συνουσιάζουσα
1104 1881 1138 1944 οὐ
1162 1880 1355 1964 συλλαμβάνει

407 1981 449 2045 10
477 1965 541 2049 πῶς
563 1979 669 2063 δίδυμοι
691 1965 739 2044 καλ
761 1982 884 2066 τρίδυμα
905 1983 1011 2066 γίνεται

408 2083 447 2148 11
482 2080 574 2145 πόθεν
595 2083 718 2165 γίνονται
740 2087 798 2147 τῶν
821 2085 928 2168 γονέων
950 2087 981 2148 αἱ
1004 2085 1157 2168 ὁμοιώσεις
1179 2085 1227 2148 καὶ
1248 2089 1306 2147 τῶν
1329 2084 1477 2167 προγόνων

407 2187 449 2250 12
482 2189 545 2256 πῶς
566 2183 664 2254 ἄλλοις
685 2185 808 2268 γίνονται
832 2187 927 2270 ὅμοιοι
950 2189 977 2251 oi
1000 2189 1171 2270 γεννώμενοι
1194 2187 1242 2250 καί
1264 2185 1299 2250 οὐ
1322 2190 1381 2254 τοῖς
1403 2189 1531 2268 γονεῦσιν

407 2288 448 2353 13
481 2292 544 2358 πῶς
566 2293 675 2372 στεῖραι
697 2289 820 2372 γίνονται
836 2292 872 2354 ,αί
894 2295 1025 2374 γυναῖκες
1047 2289 1095 2354 καὶ
1119 2287 1215 2372 ἄγονοι
1242 2291 1269 2352 ot
1292 2287 1391 2372 ἄνδρες

408 2389 449 2453 14
482 2389 529 2452 διὰ
550 2391 579 2452 τί
600 2391 630 2453 αί
652 2391 767 2474 ἡμίονοι
790 2397 899 2476 στεῖραι
1430 2384 1435 2396 ’

323 2490 450 2558 15-18
484 2491 563 2555 εἰτὸ
586 2489 710 2577 ἔμβρυον
733 2497 810 2578 ζῷον
832 2497 893 2558 κτλ.

322 2595 446 2660 19-21
481 2595 546 2678 περὶ
568 2591 653 2679 ζῴων

405 2697 447 2762 22
480 2697 514 2760 ἐκ
536 2695 626 2760 ποίων
650 2701 746 2782 μερῶν
769 2701 934 2764 συνίσταται
956 2698 1077 2762 ἕκαστον
1100 2703 1158 2762 τῶν
1181 2699 1211 2763 ἐν
1233 2701 1303 2782 ἡμῖν
1325 2701 1445 2779 γενικῶν
1466 2701 1561 2779 μερῶν

406 2799 448 2864 23
481 2799 552 2863 πότε
574 2798 695 2885 ἄρχεται
717 2800 872 2884 ἅνθρωπος
895 2805 948 2884 τῆς
970 2799 1150 2883 τελειότητος

404 2902 447 2967 26
480 2905 544 2971 πῶς
565 2901 682 2986 ηὐξήθη
704 2903 740 2967 τὰ
761 2904 838 2988 φυτὰ
864 2905 912 2968 καὶ
935 2903 961 2966 εί
984 2905 1048 2986 ζῷα

404 3005 444 3070 27
480 3005 544 3088 περὶ
566 3009 677 3088 τροφῆς

406 3107 447 3173 28
480 3107 545 3190 περὶ
568 3104 690 3190 ὀρέξεως
711 3110 769 3170 τῶν
793 3100 879 3192 ζῴων

320 3209 447 3277 24-25
480 3209 545 3293 περὶ
569 3209 658 3273 ὕπνου
679 3209 728 3273 καὶ
752 3207 878 3272 θανάτου

405 3313 446 3379 29
482 3315 545 3382 πῶς
566 3311 671 3396 γίνεται
694 3312 814 3398 πυρετός

409 3415 452 3480 30
484 3415 548 3499 περὶ
572 3416 667 3499 ὑγείας
689 3417 738 3478 καὶ
759 3415 846 3478 νόσου
869 3414 917 3476 καὶ
940 3416 1037 3498 γῆρυς

285 3525 437 3611 Capitum
460 3523 605 3591 ordinem
627 3523 775 3609 quamvis
797 3522 985 3606 singillatim
1000 3528 1154 3607 tanquam
1170 3521 1343 3606 genuinum
1361 3523 1414 3588 vel
1430 3523 1562 3608 plenum

199 3633 367 3716 praestare
388 3625 570 3711 insipientis
593 3627 634 3692 sit
649 3627 669 3711 ¹,
692 3633 801 3693 tamen
823 3624 857 3690 in
879 3624 1068 3691 universum
1086 3623 1189 3691 habes
1203 3625 1313 3710 talem,
1336 3625 1442 3708 qualis
1456 3647 1477 3691 a
1491 3648 1565 3711 pru·

198 3733 297 3798 dente
324 3730 481 3814 scriptore
509 3727 672 3814 profectus
702 3747 774 3794 esse
802 3725 961 3794 videatur.
1006 3745 1102 3810 quam
1132 3727 1174 3793 sit
1196 3725 1433 3812 Theophrastei
1456 3730 1564 3814 operis

199 3833 321 3918 similis,
343 3829 429 3897 inira
451 3831 632 3897 accuratius
654 3850 827 3915 exponam.
876 3829 962 3916 quod
988 3829 1022 3894 in
1044 3849 1102 3895 sex
1124 3829 1224 3896 libros
1247 3849 1374 3896 omnem
1395 3831 1563 3898 materiam

199 3933 444 4018 circumscripsi,
466 3953 531 3998 non
550 3933 654 3999 solum
668 3932 773 4018 ipsam
790 3939 1060 4015 argumentorum
1076 3931 1324 4000 concinnitatem
1340 3939 1469 4000 secutus
1483 3955 1564 4019 snm,

198 4037 257 4104 sed
279 4035 378 4104 etiam
392 4034 477 4101 Astii
500 4041 598 4102 tenue
619 4034 802 4119 vestigium,
825 4033 879 4118 qui
902 4033 1061 4119 capitibus
1082 4033 1132 4099 III
1147 4035 1249 4118 9sqq.
1276 4035 1451 4117 separatim
1473 4056 1565 4121 prae·

198 4138 284 4205 satur
305 4137 354 4204 III
370 4140 391 4204 8
406 4144 423 4198 i
441 4137 711 4222 περιγεγραμμένον
739 4137 772 4201 δέ
799 4161 848 4220 μοι
877 4140 935 4200 τῶν
968 4137 1161 4220 μεταρσίων
1190 4135 1420 4220 ἐφοδευθήσεται
1450 4139 1498 4202 καὶ
1528 4139 1564 4203 τὰ

199 4243 377 4326 πρόσγεια
408 4259 515 4324 neque
536 4239 626 4306 aliud
647 4238 856 4306 dissimulabo
879 4238 965 4322 quod
987 4257 1039 4304 me
1062 4237 1177 4322 movit,
1201 4237 1261 4304 etsi
1287 4257 1383 4321 quam
1405 4237 1562 4307 incertum

199 4343 241 4409 sit
260 4343 333 4428 ipse
354 4341 442 4408 haud
464 4341 618 4425 ignorem.
654 4347 782 4408 constat
804 4339 922 4407 eximia
944 4339 1002 4405 illa
1024 4339 1151 4406 Ottonis
1167 4339 1273 4404 Iahnii
1292 4343 1564 4411 commentatione

200 4445 286 4529 [Ber.
310 4444 368 4510 der
392 4444 517 4510 saechs.
536 4443 611 4510 (ies.
634 4443 713 4530 phil.
729 4443 761 4508 II
778 4444 862 4509 1850
876 4440 1031 4530 281sqq.]
1053 4441 1086 4506 in
1101 4441 1139 4508 A.
1156 4440 1314 4507 Corneli
1330 4441 1434 4509 Oslsi
1456 4447 1565 4530 amplo

198 4547 441 4632 disciplinarum
465 4545 553 4631 orbe,
576 4546 627 4612 cui
650 4545 755 4612 Cesti
777 4545 1012 4612 Graeculorum
1037 4563 1126 4610 more
1152 4539 1246 4628 [Plin.
1268 4543 1309 4610 N.
1329 4545 1369 4611 H.
1392 4549 1494 4630 praes.
1511 4547 1564 4635 24]

269 4771 278 4803 ¹
297 4773 414 4836 inprimis
437 4787 500 4822 cave
522 4772 662 4821 minutiora
679 4770 726 4820 illa
747 4770 872 4834 capitula,
900 4784 952 4832 qno
977 4769 1068 4820 Attius
1093 4773 1248 4832 argumenta
1274 4769 1409 4831 proposita
1433 4767 1564 4828 dissecuit,

198 4867 298 4910 vetusto
321 4861 461 4924 exemplari
480 4859 585 4924 propria
602 4859 680 4907 inisse
704 4863 786 4920 putes.
818 4858 896 4904 immo
921 4856 970 4904 nisi
994 4855 1181 4919 generaliorem
1209 4857 1271 4904 olim
1296 4855 1376 4904 fuisse
1400 4855 1563 4920 partitionem

72 4999 74 5002 .
200 4948 291 4998 ercan
310 4948 355 4998 vix
373 4961 473 4996 encres
492 4947 563 4996 Astii
581 4945 704 5009 explicari
724 4937 840 5010 possunt,
859 4944 948 5007 quales
965 4959 991 5007 p.
1005 4941 1039 4993 84
1057 4943 1138 4991 umuli.
