3710 5730
361 399 402 462 7ss
766 405 788 450 v
826 403 874 452 ou
894 401 970 452 ssu
991 401 1124 452 ororur
1144 401 1307 452 armeus

357 569 564 647 deputatam
586 579 615 632 ct
631 571 779 633 Dorothei
793 568 992 634 Naturalium
1008 571 1183 634 retrorsus
1197 579 1374 632 commeato.
1417 575 1545 634 constat
1561 567 1719 634 Prisciani

357 671 624 738 commentarium
652 671 758 738 modio
787 689 869 736 aevo
902 671 1004 737 latine
1036 692 1166 738 versum
1198 669 1332 736 serrari.
1375 669 1533 736 barbarus
1560 670 1657 752 igitur
1682 677 1719 734 ut

356 773 573 856 intellegatur,
597 793 715 856 graeca
737 779 812 838 sunt
833 771 1034 855 refingenda:
1057 773 1231 858 κεχρήμεθα
1253 774 1286 836 et
1310 815 1440 836 ......
1463 774 1512 836 καὶ
1532 773 1652 857 Διδύμρ
1673 779 1718 858 τῷ

356 877 420 960 περὶ
439 874 652 960 Ἀριστοτέλους
680 877 728 940 καὶ
753 881 811 940 τῶν
836 875 926 938 αὐτοῦ
954 876 1106 960 γεγραφόσι
1135 878 1302 960 δογμάτων,
1328 893 1507 958 quaecum
1532 874 1719 942 molestiora

357 977 437 1062 sint,
469 977 609 1043 sonasse
634 976 766 1061 propius
794 977 838 1042 ad
864 975 995 1062 Didymi
1023 977 1150 1044 titulum
1173 978 1249 1046 licet
1280 978 1437 1044 accedere
1470 976 1625 1060 rescripto
1652 979 1718 1062 περὶ
1845 995 1846 1002 “

353 1077 565 1164 Ἀριστοτέλους
587 1081 635 1144 καὶ
657 1085 715 1143 τῶν
737 1078 784 1146 ἀπ’
812 1080 902 1143 αὐτοῦ
929 1081 1091 1162 δογμάτων.
1141 1080 1201 1146 scd
1222 1086 1293 1146 utut
1323 1079 1426 1145 latina
1451 1079 1719 1166 interpretabere,

356 1181 467 1246 Arium
489 1182 664 1267 Didymum
687 1180 861 1264 significari
883 1179 961 1246 mihi
983 1189 1033 1248 est
1055 1182 1344 1264 persuasissimum.

442 1283 564 1350 Ultimo
587 1283 662 1350 huic
686 1284 757 1349 loco
781 1282 914 1348 Stobaei
936 1283 1154 1350 testimonium
1176 1283 1351 1368 reservavi,
1374 1283 1461 1350 unde
1482 1285 1718 1366 generaliorem

357 1386 484 1451 titulum
506 1388 571 1472 περὶ
595 1387 734 1471 αἱρέσεων
757 1385 901 1452 nancisci
922 1383 1078 1452 videmur.
1113 1405 1188 1453 ecce
1209 1393 1312 1452 totum
1334 1392 1432 1468 caput
1453 1383 1523 1472 [ecl.
1539 1387 1605 1452 111
1626 1398 1668 1454 lt.
1686 1397 1719 1450 18

357 1488 397 1555 ci.
418 1487 485 1554 flor.
502 1497 523 1554 t.
540 1489 583 1554 80
604 1487 629 1576 1]
654 1488 923 1572 quemadmodum
946 1487 979 1552 iu
996 1488 1190 1554 Damasceni
1206 1487 1264 1574 (D)
1278 1487 1512 1572 archetypique
1534 1487 1591 1575 (A)
1612 1509 1720 1556 exem·

357 1591 442 1674 plari
464 1592 625 1657 communi
648 1591 801 1675 scriptum
823 1589 924 1655 fuisse
946 1589 1081 1655 videtur.
1100 1589 1107 1622 ¹
1142 1591 1265 1673 priores
1288 1592 1308 1654 5
1330 1610 1444 1656 versus
1469 1590 1514 1656 ibi
1539 1598 1718 1658 extremam

358 1693 511 1778 paginam
533 1713 683 1760 aversam
699 1691 921 1777 complevisse,
944 1697 1053 1758 cetera
1067 1690 1179 1760 folium
1199 1713 1319 1758 novum
1333 1692 1493 1778 incepisse
1508 1713 1548 1759 ex
1563 1695 1720 1776 posterio

357 1795 445 1860 ribus
467 1794 544 1861 latis
566 1796 714 1862 concludi
737 1802 854 1880 potest.

411 1898 592 1983 Ξενοφάνους
679 1898 860 1982 Ξενοφάνους
904 1900 1021 1981 πρώτου
1064 1897 1148 1978 λόγος
1184 1895 1275 1980 ἧλίλεν
1312 1896 1353 1966 τίς
1390 1899 1456 1966 τοὺς
1486 1894 1627 1980 Ἕλληνας

679 2000 756 2070 ἄξιος
777 2004 891 2083 γραφῆς
913 2000 975 2082 ἅμα
997 2001 1098 2082 παιδιᾷ
1120 1999 1171 2066 τάς
1192 1995 1241 2078 γε’
1263 2002 1321 2060 τῶν
1341 1996 1438 2062 ἄλλων
1453 1999 1561 2080 τόλμας
1577 2001 1623 2062 ἐστι

681 2104 855 2186 αλήττοντος
877 2102 925 2164 καὶ
947 2104 1000 2185 τὴν
1015 2103 1104 2166 αὑτοῦ
1125 2101 1313 2183 παριστάντος
1334 2100 1487 2185 εὐλάβειαν
1510 2105 1551 2170 ior
1572 2099 1629 2184 άρα

397 2205 522 2286 Διδύμου
537 2205 571 2268 ἐκ
585 2209 636 2268 τοῦ
680 2205 749 2274 θεὸς
771 2205 824 2286 μὲν
847 2202 908 2266 οἶδε
929 2204 982 2286 τὴν
1004 2203 1145 2286 ἀλήθειαν
1168 2199 1297 2270 ὃόιιοςά
1325 2201 1373 2264 ἐπὶ
1395 2206 1465 2266 πᾶσι
1488 2203 1629 2266 τέτυκται.

421 2307 485 2389 περὶ
501 2306 640 2389 αἱρέσεως
684 2307 702 2388 ἡ
727 2307 778 2387 μὲν
800 2307 854 2389 γὰρ
876 2303 1033 2390 φιλοσοφία
1057 2305 1136 2386 θήρα
1150 2307 1202 2386 τῆς
1225 2303 1365 2386 ἀληθείας
1380 2303 1440 2368 ἐστὶ
1464 2305 1510 2366 καὶ
1527 2304 1627 2389 ὄρεξις.

499 2509 554 2576 fol.
578 2514 654 2574 rect.
681 2513 739 2572 τῶν
763 2509 796 2572 et
820 2509 1079 2594 φιλοσοφησάντων
1102 2505 1171 2571 ἔνιοι
1198 2507 1290 2590 εὑρεῖν
1313 2527 1384 2591 φασι
1407 2509 1440 2570 τὸ
1464 2508 1584 2592 θήραμα

680 2617 733 2698 τῆς
745 2611 847 2695 σοφίας
862 2615 903 2681 ίος
910 2609 1078 2694 Ἐπίκουρος
1093 2611 1140 2674 καὶ
1157 2611 1182 2674 οἱ
1194 2609 1328 2688 Στωικοί,
1343 2612 1370 2672 ci
1387 2610 1420 2673 δὲ
1434 2612 1530 2694 ἀκμὴν
1543 2609 1584 2674 ἔτι
1676 2657 1680 2668 .

683 2719 776 2798 ζητεῖν
795 2715 836 2782 ὥς
851 2737 907 2776 που
918 2714 998 2797 παρὰ
1010 2713 1088 2781 θεοῖς
1101 2713 1132 2776 ὃν
1145 2714 1192 2774 καὶ
1205 2718 1257 2796 τῆς
1271 2713 1373 2796 σοφίας
1386 2711 1440 2775 chr
1452 2714 1586 2798 cirdpotrri

681 2841 732 2879 νου
754 2819 905 2901 χρήματος
928 2815 1022 2886 ὄντος·
1047 2815 1139 2886 οὕτως
1162 2813 1243 2898 ἔλεγε
1264 2816 1311 2878 καὶ
1337 2814 1466 2898 Πύρρων.

444 2917 607 2996 Quantum
623 2918 756 3003 Didymi
771 2917 880 2984 stilum
895 2915 1115 2998 cognovimus,
1138 2915 1218 2980 talio
1232 2914 1418 2980 abhorrent.
1439 2936 1515 2980 nam
1538 2917 1718 3001 sophistam

359 3019 490 3102 sapiunt
525 3020 731 3103 periodorum
770 3017 907 3084 artificia
948 3037 987 3084 ac
1024 3018 1146 3084 lumina
1183 3017 1338 3084 orationis
1372 3025 1587 3100 aucupantem
1627 3022 1720 3086 velut

357 3125 458 3206 παιδιᾷ
488 3124 729 3208 ἐπιπλήττοντος,
762 3121 848 3203 quod
878 3121 1034 3186 Rocthius
1063 3119 1253 3202 corrigendo
1284 3122 1401 3203 παιδείᾳ
1436 3121 1573 3186 oratoris
1601 3129 1719 3188 ornatu

358 3224 455 3290 exuit.
494 3223 628 3308 insignis
660 3231 710 3289 est
746 3224 844 3290 etiam
875 3223 935 3288 flos
966 3222 1097 3288 Platoni
1123 3229 1291 3307 surreptus
1321 3223 1400 3307 θήρα
1433 3227 1485 3306 τῆς
1517 3224 1660 3308 ἀληθείας
1685 3232 1720 3290 et

357 3327 488 3412 θήραμα,
513 3326 555 3393 de
578 3347 641 3408 que
657 3325 738 3390 dixit
753 3324 1023 3409 wyttenbachius
1038 3325 1082 3390 ad
1096 3325 1222 3407 Dunap.
1246 3345 1277 3407 p.
1293 3325 1345 3388 57.
1379 3341 1480 3405 quare
1495 3323 1558 3389 nisi
1574 3325 1720 3392 obstaret

355 3429 484 3514 lemma,
506 3427 670 3494 inferioris
692 3427 811 3492 aetatis
826 3427 1016 3512 scriptorem
1031 3433 1220 3510 excerptum
1235 3426 1410 3492 crederem.
1445 3425 1504 3492 scd
1526 3445 1567 3491 ne
1590 3433 1720 3492 constat

356 3531 485 3614 quidem
507 3531 549 3596 de
573 3531 734 3598 lemmate.
778 3549 853 3594 nam
877 3529 949 3612 quis
971 3528 1110 3612 spondet
1136 3527 1247 3594 codice
1269 3529 1411 3594 lacerato
1435 3527 1577 3594 ebenum
1600 3531 1721 3594 lemma

357 3631 577 3718 imprudenter
602 3637 768 3715 arreptum
796 3637 829 3696 et
856 3637 1010 3715 tanquam
1039 3630 1298 3715 supplementum
1319 3629 1456 3696 lacunae
1478 3629 1625 3696 additum
1652 3651 1720 3696 non

358 3734 452 3802 esse?
485 3739 573 3800 certe
602 3731 636 3798 in
664 3732 829 3798 codicibus
855 3733 936 3800 illud
962 3733 1089 3815 Διδύροο
1111 3733 1145 3796 ἐκ
1166 3737 1218 3796 τοῦ
1240 3733 1305 3816 περὶ
1327 3731 1468 3816 αἱρέσεων
1492 3737 1566 3816 post
1587 3733 1720 3796 τέτυκται

358 3841 505 3922 apparet.
539 3835 600 3901 sed
625 3840 661 3899 ut
691 3841 778 3900 recte
802 3856 838 3902 se
865 3835 987 3901 habeat
1013 3835 1132 3900 lemma
1154 3835 1251 3918 paulo
1281 3832 1434 3900 inferiore
1461 3835 1532 3900 loco
1561 3833 1638 3900 olim
1667 3834 1723 3902 de

358 3937 526 4024 scriptum,
554 3936 608 4003 ubi
635 3935 767 4002 tandem
793 3936 883 4003 illam
909 3938 1056 4020 eclogam
1085 3935 1339 4002 collocabimus?
1369 3953 1413 4000 an
1436 3934 1601 4018 peculiare
1623 3943 1724 4020 caput

361 4040 421 4106 luit
435 4037 569 4124 Didymi
584 4037 626 4104 de
641 4037 774 4124 Eleatis,
798 4039 884 4122 quod
898 4037 1073 4105 Meinekeo
1090 4039 1167 4104 olim
1182 4036 1354 4106 infeliciter
1368 4035 1402 4100 in
1423 4043 1564 4103 mentem
1587 4037 1725 4105 reniti·

358 4149 393 4210 at
414 4143 519 4208 multa
548 4147 623 4206 sunt
650 4159 734 4224 quae
764 4148 856 4207 extra
878 4141 1075 4226 principales
1099 4139 1312 4226 posteriorum
1335 4143 1442 4204 sectas
1464 4141 1576 4222 vagari
1600 4140 1726 4206 dimna-

358 4243 466 4310 dcant.
505 4243 622 4309 rectius
655 4245 910 4328 prolegomenon
941 4242 1058 4328 aliquis
1091 4241 1281 4308 meminerit.
1326 4261 1401 4308 nam
1434 4239 1479 4306 ibi
1512 4239 1726 4308 miscellanea

358 4343 497 4412 materia
519 4345 725 4413 coacervarit
753 4351 788 4412 ut
819 4345 853 4411 in
876 4344 983 4410 ethico
1005 4343 1186 4428 fragmento
1214 4351 1313 4428 atque
1334 4343 1417 4412 alios
1440 4363 1568 4428 quoque
1590 4343 1727 4427 scripto-

359 4465 412 4512 res
442 4448 518 4511 κατὰ
545 4448 619 4518 λέξιν
652 4447 827 4530 excerpsit,
860 4453 896 4512 ut
918 4446 1088 4512 Philonem
1110 4445 1274 4512 Eudorum
1296 4447 1388 4514 alios.
1408 4445 1420 4480 ⁴
1462 4445 1588 4512 neceb
1609 4445 1731 4514 reiuit

431 4635 439 4666 ¹
458 4639 489 4688 ei.
509 4639 659 4690 Fleckeisen
676 4637 761 4702 jahrb.
781 4637 828 4686 CV
850 4633 915 4688 1872
935 4654 960 4702 p.
976 4634 1034 4688 193.
1065 4637 1095 4688 O.
1114 4638 1282 4690 Wsehsmuth
1301 4637 1368 4688 idus.
1390 4637 1438 4689 Db.
1458 4637 1565 4688 XXVII
1583 4634 1618 4688 73
1630 4651 1686 4700 sqq.

429 4719 440 4754 ²
457 4727 494 4774 sic
506 4727 531 4774 Δ
541 4725 575 4776 D.
587 4735 683 4776 rectum
695 4733 736 4774 est
752 4739 787 4774 τε.
817 4726 844 4774 in
858 4725 974 4776 lemmate
989 4725 1066 4774 habet
1077 4725 1102 4776 D
1115 4719 1224 4790 brtbpou
1237 4722 1292 4791 περὶ
1304 4721 1429 4792 αίρίσιως.
1443 4740 1532 4776 rerum
1544 4731 1582 4774 est
1594 4719 1727 4791 αἱρέσεων.

430 4807 440 4842 ³
458 4821 595 4862 excusatur
614 4827 645 4862 eo
665 4811 734 4874 quod
753 4812 882 4875 posterior
900 4826 960 4876 pars
976 4813 1029 4860 τῶν
1047 4805 1226 4880 ὀὶ-Πίιρρων
1244 4811 1359 4862 nondum
1378 4815 1495 4862 restituta
1513 4819 1647 4862 tumeret.

429 4896 439 4928 ⁴
458 4899 597 4948 secuudum
616 4899 682 4948 banc
701 4900 827 4948 rationem
846 4899 953 4948 tortasse
972 4900 1041 4960 quod
1059 4901 1219 4963 prooemium
1235 4901 1367 4950 nominaui
1387 4897 1423 4963 [p.
1437 4895 1501 4962 72J,
1525 4895 1581 4964 περὶ
1604 4895 1729 4964 αἱρέσεων

358 4987 482 5050 peculiari
501 4986 576 5035 titulo
594 4989 745 5050 inscriptum
756 4987 834 5036 luisse
848 4987 971 5052 opineris.
990 5001 1050 5038 uam
1066 4988 1183 5050 singulae
1197 4988 1349 5050 singillatim
1362 4987 1500 5050 inscriptae
1514 4985 1617 5036 inerunt
1628 4994 1730 5049 partes.
