<?xml version="1.0" encoding="UTF-8"?>
<!DOCTYPE html PUBLIC "-//W3C//DTD XHTML 1.0 Transitional//EN"
    "http://www.w3.org/TR/xhtml1/DTD/xhtml1-transitional.dtd">
<html xmlns="http://www.w3.org/1999/xhtml" xml:lang="en" lang="en">
 <head>
  <title>
</title>
<meta http-equiv="Content-Type" content="text/html;charset=utf-8" />
  <meta name='ocr-system' content='tesseract 3.04.00' />
  <meta name='ocr-capabilities' content='ocr_page ocr_carea ocr_par ocr_line ocrx_word'/>
</head>
<body>
  <div class='ocr_page' id='page_1' title='image "./doxographigraec01dielgoog/doxographigraec01dielgoog_0276.png"; bbox 0 0 3756 5736; ppageno 0'>
   <div class='ocr_carea' id='block_1_1' title="bbox 745 435 1556 500">
    <p class='ocr_par' dir='ltr' id='par_1_1' title="bbox 745 435 1556 500">
     <span class='ocr_line' id='line_1_1' title="bbox 745 435 1556 500; baseline -0.002 -14"><span class='ocrx_word' id='word_1_1' title='bbox 745 436 1019 488; x_wconf 78' lang='lat' dir='ltr'><strong>rnonnsomnun</strong></span> <span class='ocrx_word' id='word_1_2' title='bbox 1496 435 1556 500; x_wconf 71' lang='lat'><strong>251</strong></span> 
     </span>
    </p>
   </div>
   <div class='ocr_carea' id='block_1_2' title="bbox 196 603 1560 4906">
    <p class='ocr_par' dir='ltr' id='par_1_2' title="bbox 199 603 1560 1819">
     <span class='ocr_line' id='line_1_2' title="bbox 201 603 1560 692; baseline 0.001 -22"><span class='ocrx_word' id='word_1_3' title='bbox 201 603 255 688; x_wconf 92' lang='lat' dir='ltr'><strong>qui</strong></span> <span class='ocrx_word' id='word_1_4' title='bbox 266 604 403 670; x_wconf 86' lang='lat' dir='ltr'><strong>alteram</strong></span> <span class='ocrx_word' id='word_1_5' title='bbox 416 611 541 690; x_wconf 88' lang='lat' dir='ltr'><strong>partem</strong></span> <span class='ocrx_word' id='word_1_6' title='bbox 558 625 622 690; x_wconf 86' lang='lat' dir='ltr'><strong>qua</strong></span> <span class='ocrx_word' id='word_1_7' title='bbox 637 605 814 673; x_wconf 86' lang='lat' dir='ltr'><strong>christiana</strong></span> <span class='ocrx_word' id='word_1_8' title='bbox 829 605 976 672; x_wconf 86' lang='lat' dir='ltr'><strong>doctrina</strong></span> <span class='ocrx_word' id='word_1_9' title='bbox 990 615 1207 692; x_wconf 80' lang='lat' dir='ltr'><strong>exponeretur</strong></span> <span class='ocrx_word' id='word_1_10' title='bbox 1221 607 1423 674; x_wconf 74' lang='lat' dir='ltr'><strong>intercidisse</strong></span> <span class='ocrx_word' id='word_1_11' title='bbox 1438 613 1560 676; x_wconf 87' lang='lat' dir='ltr'><strong>temere</strong></span> 
     </span>
     <span class='ocr_line' id='line_1_3' title="bbox 201 707 1558 793; baseline 0 -19"><span class='ocrx_word' id='word_1_12' title='bbox 201 708 395 775; x_wconf 89' lang='lat' dir='ltr'><strong>conicerent.</strong></span> <span class='ocrx_word' id='word_1_13' title='bbox 439 709 526 775; x_wconf 91' lang='lat' dir='ltr'><strong>adde</strong></span> <span class='ocrx_word' id='word_1_14' title='bbox 547 707 652 792; x_wconf 88' lang='lat' dir='ltr'><strong>ipsum</strong></span> <span class='ocrx_word' id='word_1_15' title='bbox 675 707 805 774; x_wconf 86' lang='lat' dir='ltr'><strong>iocandi</strong></span> <span class='ocrx_word' id='word_1_16' title='bbox 826 727 929 792; x_wconf 84' lang='lat' dir='ltr'><strong>genus</strong></span> <span class='ocrx_word' id='word_1_17' title='bbox 951 730 1047 793; x_wconf 91' lang='lat' dir='ltr'><strong>quam</strong></span> <span class='ocrx_word' id='word_1_18' title='bbox 1069 731 1134 777; x_wconf 93' lang='lat' dir='ltr'><strong>non</strong></span> <span class='ocrx_word' id='word_1_19' title='bbox 1157 710 1365 793; x_wconf 81' lang='lat' dir='ltr'><strong>cultissimus,</strong></span> <span class='ocrx_word' id='word_1_20' title='bbox 1388 729 1484 793; x_wconf 90' lang='lat' dir='ltr'><strong>quam</strong></span> <span class='ocrx_word' id='word_1_21' title='bbox 1505 709 1558 774; x_wconf 88' lang='lat' dir='ltr'><strong>isti</strong></span> 
     </span>
     <span class='ocr_line' id='line_1_4' title="bbox 200 810 1559 898; baseline -0.001 -21"><span class='ocrx_word' id='word_1_22' title='bbox 200 813 324 898; x_wconf 83' lang='lat' dir='ltr'><strong>volunt,</strong></span> <span class='ocrx_word' id='word_1_23' title='bbox 346 812 447 878; x_wconf 84' lang='lat' dir='ltr'><strong>aetati</strong></span> <span class='ocrx_word' id='word_1_24' title='bbox 469 810 676 896; x_wconf 88' lang='lat' dir='ltr'><strong>respondeat.</strong></span> <span class='ocrx_word' id='word_1_25' title='bbox 704 811 814 878; x_wconf 88' lang='lat' dir='ltr'><strong>nescio</strong></span> <span class='ocrx_word' id='word_1_26' title='bbox 836 812 893 877; x_wconf 91' lang='lat' dir='ltr'><strong>alii</strong></span> <span class='ocrx_word' id='word_1_27' title='bbox 916 811 992 896; x_wconf 89' lang='lat' dir='ltr'><strong>quid</strong></span> <span class='ocrx_word' id='word_1_28' title='bbox 1014 812 1167 879; x_wconf 81' lang='lat' dir='ltr'><strong>sentiant:</strong></span> <span class='ocrx_word' id='word_1_29' title='bbox 1190 811 1268 877; x_wconf 95' lang='lat' dir='ltr'><strong>mihi</strong></span> <span class='ocrx_word' id='word_1_30' title='bbox 1289 811 1418 894; x_wconf 89' lang='lat' dir='ltr'><strong>quidem</strong></span> <span class='ocrx_word' id='word_1_31' title='bbox 1434 831 1559 877; x_wconf 90' lang='lat' dir='ltr'><strong>summa</strong></span> 
     </span>
     <span class='ocr_line' id='line_1_5' title="bbox 199 913 1559 1000; baseline -0.001 -21"><span class='ocrx_word' id='word_1_32' title='bbox 199 915 321 997; x_wconf 91' lang='lat' dir='ltr'><strong>ingenii</strong></span> <span class='ocrx_word' id='word_1_33' title='bbox 343 915 486 1000; x_wconf 88' lang='lat' dir='ltr'><strong>artisque</strong></span> <span class='ocrx_word' id='word_1_34' title='bbox 507 913 619 998; x_wconf 88' lang='lat' dir='ltr'><strong>inopia</strong></span> <span class='ocrx_word' id='word_1_35' title='bbox 640 913 674 977; x_wconf 92' lang='lat' dir='ltr'><strong>in</strong></span> <span class='ocrx_word' id='word_1_36' title='bbox 697 933 761 997; x_wconf 89' lang='lat' dir='ltr'><strong>qna</strong></span> <span class='ocrx_word' id='word_1_37' title='bbox 783 914 1015 981; x_wconf 87' lang='lat' dir='ltr'><strong>insulsissimus</strong></span> <span class='ocrx_word' id='word_1_38' title='bbox 1036 915 1092 982; x_wconf 93' lang='lat' dir='ltr'><strong>ille</strong></span> <span class='ocrx_word' id='word_1_39' title='bbox 1115 915 1194 981; x_wconf 87' lang='lat' dir='ltr'><strong>haro</strong></span> <span class='ocrx_word' id='word_1_40' title='bbox 1216 923 1381 998; x_wconf 89' lang='lat' dir='ltr'><strong>tamquam</strong></span> <span class='ocrx_word' id='word_1_41' title='bbox 1403 913 1559 998; x_wconf 85' lang='lat' dir='ltr'><strong>gloriatur·</strong></span> 
     </span>
     <span class='ocr_line' id='line_1_6' title="bbox 200 1016 1559 1101; baseline 0.002 -19"><span class='ocrx_word' id='word_1_42' title='bbox 200 1016 341 1082; x_wconf 87' lang='lat' dir='ltr'><strong>labentis</strong></span> <span class='ocrx_word' id='word_1_43' title='bbox 373 1017 491 1083; x_wconf 87' lang='lat' dir='ltr'><strong>aetatis</strong></span> <span class='ocrx_word' id='word_1_44' title='bbox 523 1016 742 1083; x_wconf 88' lang='lat' dir='ltr'><strong>testimoninm</strong></span> <span class='ocrx_word' id='word_1_45' title='bbox 776 1017 913 1084; x_wconf 83' lang='lat' dir='ltr'><strong>ridetur.</strong></span> <span class='ocrx_word' id='word_1_46' title='bbox 957 1037 1063 1101; x_wconf 88' lang='lat' dir='ltr'><strong>neque</strong></span> <span class='ocrx_word' id='word_1_47' title='bbox 1097 1017 1182 1084; x_wconf 91' lang='lat' dir='ltr'><strong>onim</strong></span> <span class='ocrx_word' id='word_1_48' title='bbox 1214 1019 1318 1101; x_wconf 85' lang='lat' dir='ltr'><strong>altero</strong></span> <span class='ocrx_word' id='word_1_49' title='bbox 1352 1019 1483 1084; x_wconf 88' lang='lat' dir='ltr'><strong>saeculo</strong></span> <span class='ocrx_word' id='word_1_50' title='bbox 1516 1039 1559 1085; x_wconf 93' lang='lat' dir='ltr'><strong>ne</strong></span> 
     </span>
     <span class='ocr_line' id='line_1_7' title="bbox 200 1117 1558 1203; baseline -0.001 -16"><span class='ocrx_word' id='word_1_51' title='bbox 200 1119 410 1187; x_wconf 89' lang='lat' dir='ltr'><strong>christianum</strong></span> <span class='ocrx_word' id='word_1_52' title='bbox 442 1119 572 1203; x_wconf 89' lang='lat' dir='ltr'><strong>quidem</strong></span> <span class='ocrx_word' id='word_1_53' title='bbox 602 1117 764 1186; x_wconf 90' lang='lat' dir='ltr'><strong>hominem</strong></span> <span class='ocrx_word' id='word_1_54' title='bbox 793 1126 860 1185; x_wconf 89' lang='lat' dir='ltr'><strong>tam</strong></span> <span class='ocrx_word' id='word_1_55' title='bbox 892 1119 1009 1203; x_wconf 82' lang='lat' dir='ltr'><strong>frigide</strong></span> <span class='ocrx_word' id='word_1_56' title='bbox 1042 1120 1182 1186; x_wconf 86' lang='lat' dir='ltr'><strong>iocatum</strong></span> <span class='ocrx_word' id='word_1_57' title='bbox 1216 1120 1323 1186; x_wconf 91' lang='lat' dir='ltr'><strong>credo.</strong></span> <span class='ocrx_word' id='word_1_58' title='bbox 1372 1120 1558 1203; x_wconf 90' lang='lat' dir='ltr'><strong>dogmatum</strong></span> 
     </span>
     <span class='ocr_line' id='line_1_8' title="bbox 200 1219 1559 1308; baseline 0 -18"><span class='ocrx_word' id='word_1_59' title='bbox 200 1223 285 1290; x_wconf 88' lang='lat' dir='ltr'><strong>enim</strong></span> <span class='ocrx_word' id='word_1_60' title='bbox 308 1221 470 1290; x_wconf 83' lang='lat' dir='ltr'><strong>enarratio</strong></span> <span class='ocrx_word' id='word_1_61' title='bbox 493 1227 560 1286; x_wconf 91' lang='lat' dir='ltr'><strong>tam</strong></span> <span class='ocrx_word' id='word_1_62' title='bbox 581 1219 695 1287; x_wconf 92' lang='lat' dir='ltr'><strong>inscite</strong></span> <span class='ocrx_word' id='word_1_63' title='bbox 717 1241 789 1287; x_wconf 91' lang='lat' dir='ltr'><strong>cum</strong></span> <span class='ocrx_word' id='word_1_64' title='bbox 816 1222 890 1307; x_wconf 84' lang='lat' dir='ltr'><strong>ipsa</strong></span> <span class='ocrx_word' id='word_1_65' title='bbox 916 1221 1124 1290; x_wconf 87' lang='lat' dir='ltr'><strong>cavillatione</strong></span> <span class='ocrx_word' id='word_1_66' title='bbox 1149 1223 1304 1308; x_wconf 87' lang='lat' dir='ltr'><strong>copulata</strong></span> <span class='ocrx_word' id='word_1_67' title='bbox 1330 1231 1393 1308; x_wconf 87' lang='lat' dir='ltr'><strong>est,</strong></span> <span class='ocrx_word' id='word_1_68' title='bbox 1421 1231 1456 1289; x_wconf 92' lang='lat' dir='ltr'><strong>ut</strong></span> <span class='ocrx_word' id='word_1_69' title='bbox 1484 1223 1559 1290; x_wconf 91' lang='lat' dir='ltr'><strong>hinc</strong></span> 
     </span>
     <span class='ocr_line' id='line_1_9' title="bbox 200 1323 1558 1410; baseline 0.001 -20"><span class='ocrx_word' id='word_1_70' title='bbox 200 1345 327 1410; x_wconf 86' lang='lat' dir='ltr'><strong>quoque</strong></span> <span class='ocrx_word' id='word_1_71' title='bbox 348 1323 455 1390; x_wconf 87' lang='lat' dir='ltr'><strong>discas</strong></span> <span class='ocrx_word' id='word_1_72' title='bbox 476 1343 542 1388; x_wconf 93' lang='lat' dir='ltr'><strong>non</strong></span> <span class='ocrx_word' id='word_1_73' title='bbox 565 1343 605 1390; x_wconf 85' lang='lat' dir='ltr'><strong>ex</strong></span> <span class='ocrx_word' id='word_1_74' title='bbox 628 1323 716 1389; x_wconf 84' lang='lat' dir='ltr'><strong>vitae</strong></span> <span class='ocrx_word' id='word_1_75' title='bbox 738 1324 849 1390; x_wconf 84' lang='lat' dir='ltr'><strong>vivida</strong></span> <span class='ocrx_word' id='word_1_76' title='bbox 864 1323 1047 1408; x_wconf 76' lang='lat' dir='ltr'><strong>cognitione</strong></span> <span class='ocrx_word' id='word_1_77' title='bbox 1069 1325 1128 1390; x_wconf 90' lang='lat' dir='ltr'><strong>sed</strong></span> <span class='ocrx_word' id='word_1_78' title='bbox 1143 1345 1184 1391; x_wconf 83' lang='lat' dir='ltr'><strong>ex</strong></span> <span class='ocrx_word' id='word_1_79' title='bbox 1200 1324 1361 1391; x_wconf 87' lang='lat' dir='ltr'><strong>umbratili</strong></span> <span class='ocrx_word' id='word_1_80' title='bbox 1377 1325 1558 1392; x_wconf 88' lang='lat' dir='ltr'><strong>eruditione</strong></span> 
     </span>
     <span class='ocr_line' id='line_1_10' title="bbox 201 1425 1558 1513; baseline 0 -20"><span class='ocrx_word' id='word_1_81' title='bbox 201 1426 466 1513; x_wconf 90' lang='lat' dir='ltr'><strong>philosophorum</strong></span> <span class='ocrx_word' id='word_1_82' title='bbox 492 1425 580 1492; x_wconf 88' lang='lat' dir='ltr'><strong>dicta</strong></span> <span class='ocrx_word' id='word_1_83' title='bbox 608 1426 642 1491; x_wconf 94' lang='lat' dir='ltr'><strong>in</strong></span> <span class='ocrx_word' id='word_1_84' title='bbox 669 1426 842 1492; x_wconf 91' lang='lat' dir='ltr'><strong>ludibrium</strong></span> <span class='ocrx_word' id='word_1_85' title='bbox 871 1447 943 1494; x_wconf 90' lang='lat' dir='ltr'><strong>esse</strong></span> <span class='ocrx_word' id='word_1_86' title='bbox 970 1447 1075 1493; x_wconf 88' lang='lat' dir='ltr'><strong>versa.</strong></span> <span class='ocrx_word' id='word_1_87' title='bbox 1118 1427 1177 1494; x_wconf 87' lang='lat' dir='ltr'><strong>sed</strong></span> <span class='ocrx_word' id='word_1_88' title='bbox 1205 1429 1318 1511; x_wconf 90' lang='lat' dir='ltr'><strong>loquor</strong></span> <span class='ocrx_word' id='word_1_89' title='bbox 1345 1427 1503 1494; x_wconf 79' lang='lat' dir='ltr'><strong>derebus</strong></span> <span class='ocrx_word' id='word_1_90' title='bbox 1525 1429 1558 1493; x_wconf 93' lang='lat' dir='ltr'><strong>in</strong></span> 
     </span>
     <span class='ocr_line' id='line_1_11' title="bbox 200 1527 1558 1615; baseline -0.003 -17"><span class='ocrx_word' id='word_1_91' title='bbox 200 1551 298 1598; x_wconf 86' lang='lat' dir='ltr'><strong>sensu</strong></span> <span class='ocrx_word' id='word_1_92' title='bbox 324 1529 452 1615; x_wconf 86' lang='lat' dir='ltr'><strong>positis,</strong></span> <span class='ocrx_word' id='word_1_93' title='bbox 482 1527 536 1611; x_wconf 85' lang='lat' dir='ltr'><strong>qni</strong></span> <span class='ocrx_word' id='word_1_94' title='bbox 563 1528 647 1595; x_wconf 88' lang='lat' dir='ltr'><strong>adeo</strong></span> <span class='ocrx_word' id='word_1_95' title='bbox 674 1528 866 1613; x_wconf 88' lang='lat' dir='ltr'><strong>quibusdam</strong></span> <span class='ocrx_word' id='word_1_96' title='bbox 893 1529 1044 1597; x_wconf 88' lang='lat' dir='ltr'><strong>occalluit</strong></span> <span class='ocrx_word' id='word_1_97' title='bbox 1071 1537 1106 1595; x_wconf 92' lang='lat' dir='ltr'><strong>ut</strong></span> <span class='ocrx_word' id='word_1_98' title='bbox 1128 1533 1295 1612; x_wconf 70' lang='lat' dir='ltr'><strong>elegantem</strong></span> <span class='ocrx_word' id='word_1_99' title='bbox 1317 1551 1356 1594; x_wconf 86' lang='grc' dir='ltr'><strong>οο</strong></span> <span class='ocrx_word' id='word_1_100' title='bbox 1375 1540 1558 1612; x_wconf 66' lang='lat' dir='ltr'><strong>peracutum</strong></span> 
     </span>
     <span class='ocr_line' id='line_1_12' title="bbox 199 1629 1555 1716; baseline 0.001 -18"><span class='ocrx_word' id='word_1_101' title='bbox 199 1633 365 1699; x_wconf 88' lang='lat' dir='ltr'><strong>Hermiam</strong></span> <span class='ocrx_word' id='word_1_102' title='bbox 387 1629 625 1716; x_wconf 88' lang='lat' dir='ltr'><strong>praedicarent.</strong></span> <span class='ocrx_word' id='word_1_103' title='bbox 668 1631 766 1714; x_wconf 87' lang='lat' dir='ltr'><strong>igitur</strong></span> <span class='ocrx_word' id='word_1_104' title='bbox 788 1633 996 1716; x_wconf 89' lang='lat' dir='ltr'><strong>quaerendae</strong></span> <span class='ocrx_word' id='word_1_105' title='bbox 1018 1641 1093 1699; x_wconf 88' lang='lat' dir='ltr'><strong>sunt</strong></span> <span class='ocrx_word' id='word_1_106' title='bbox 1115 1633 1268 1700; x_wconf 84' lang='lat' dir='ltr'><strong>certiores</strong></span> <span class='ocrx_word' id='word_1_107' title='bbox 1295 1652 1472 1700; x_wconf 73' lang='lat' dir='ltr'><strong>cadmeae</strong></span> <span class='ocrx_word' id='word_1_108' title='bbox 1492 1653 1555 1700; x_wconf 88' lang='lat' dir='ltr'><strong>non</strong></span> 
     </span>
     <span class='ocr_line' id='line_1_13' title="bbox 200 1735 390 1819; baseline 0 -19"><span class='ocrx_word' id='word_1_109' title='bbox 200 1735 390 1819; x_wconf 86' lang='lat' dir='ltr'><strong>opinabiles.</strong></span> 
     </span>
    </p>

    <p class='ocr_par' dir='ltr' id='par_1_3' title="bbox 198 1835 1558 2229">
     <span class='ocr_line' id='line_1_14' title="bbox 284 1835 1558 1918; baseline 0.002 -16"><span class='ocrx_word' id='word_1_110' title='bbox 284 1838 332 1902; x_wconf 92' lang='lat' dir='ltr'><strong>Ac</strong></span> <span class='ocrx_word' id='word_1_111' title='bbox 353 1835 530 1903; x_wconf 85' lang='lat' dir='ltr'><strong>Menzelius</strong></span> <span class='ocrx_word' id='word_1_112' title='bbox 558 1835 686 1918; x_wconf 91' lang='lat' dir='ltr'><strong>quidem</strong></span> <span class='ocrx_word' id='word_1_113' title='bbox 710 1837 1017 1904; x_wconf 84' lang='lat' dir='ltr'><strong>Pseudo-Iustinum</strong></span> <span class='ocrx_word' id='word_1_114' title='bbox 1039 1837 1226 1904; x_wconf 88' lang='lat' dir='ltr'><strong>Nemesium</strong></span> <span class='ocrx_word' id='word_1_115' title='bbox 1249 1838 1489 1904; x_wconf 83' lang='lat' dir='ltr'><strong>Theodoretum</strong></span> <span class='ocrx_word' id='word_1_116' title='bbox 1511 1845 1558 1904; x_wconf 88' lang='lat' dir='ltr'><strong>at-</strong></span> 
     </span>
     <span class='ocr_line' id='line_1_15' title="bbox 199 1937 1558 2024; baseline 0.001 -19"><span class='ocrx_word' id='word_1_117' title='bbox 199 1940 287 2024; x_wconf 84' lang='lat' dir='ltr'><strong>tulit,</strong></span> <span class='ocrx_word' id='word_1_118' title='bbox 310 1958 445 2022; x_wconf 90' lang='lat' dir='ltr'><strong>quorum</strong></span> <span class='ocrx_word' id='word_1_119' title='bbox 467 1939 579 2022; x_wconf 89' lang='lat' dir='ltr'><strong>copias</strong></span> <span class='ocrx_word' id='word_1_120' title='bbox 605 1937 662 2004; x_wconf 90' lang='lat' dir='ltr'><strong>ille</strong></span> <span class='ocrx_word' id='word_1_121' title='bbox 688 1938 919 2023; x_wconf 85' lang='lat' dir='ltr'><strong>compilaverit.</strong></span> <span class='ocrx_word' id='word_1_122' title='bbox 965 1938 1023 2005; x_wconf 88' lang='lat' dir='ltr'><strong>sed</strong></span> <span class='ocrx_word' id='word_1_123' title='bbox 1049 1939 1274 2022; x_wconf 88' lang='lat' dir='ltr'><strong>gravissimam</strong></span> <span class='ocrx_word' id='word_1_124' title='bbox 1297 1961 1364 2006; x_wconf 92' lang='lat' dir='ltr'><strong>rem</strong></span> <span class='ocrx_word' id='word_1_125' title='bbox 1387 1939 1443 2006; x_wconf 93' lang='lat' dir='ltr'><strong>ille</strong></span> <span class='ocrx_word' id='word_1_126' title='bbox 1465 1939 1558 2006; x_wconf 88' lang='lat' dir='ltr'><strong>levis-</strong></span> 
     </span>
     <span class='ocr_line' id='line_1_16' title="bbox 200 2040 1557 2126; baseline 0 -18"><span class='ocrx_word' id='word_1_127' title='bbox 200 2043 279 2108; x_wconf 86' lang='lat' dir='ltr'><strong>sime</strong></span> <span class='ocrx_word' id='word_1_128' title='bbox 304 2041 465 2108; x_wconf 87' lang='lat' dir='ltr'><strong>tractavit.</strong></span> <span class='ocrx_word' id='word_1_129' title='bbox 510 2059 587 2123; x_wconf 89' lang='lat' dir='ltr'><strong>ergo</strong></span> <span class='ocrx_word' id='word_1_130' title='bbox 615 2045 650 2104; x_wconf 91' lang='lat' dir='ltr'><strong>nt</strong></span> <span class='ocrx_word' id='word_1_131' title='bbox 677 2040 721 2106; x_wconf 85' lang='lat' dir='ltr'><strong>ad</strong></span> <span class='ocrx_word' id='word_1_132' title='bbox 750 2040 918 2108; x_wconf 86' lang='lat' dir='ltr'><strong>obrussam</strong></span> <span class='ocrx_word' id='word_1_133' title='bbox 948 2041 1023 2108; x_wconf 89' lang='lat' dir='ltr'><strong>illos</strong></span> <span class='ocrx_word' id='word_1_134' title='bbox 1049 2041 1165 2108; x_wconf 90' lang='lat' dir='ltr'><strong>iterum</strong></span> <span class='ocrx_word' id='word_1_135' title='bbox 1195 2061 1324 2126; x_wconf 86' lang='lat' dir='ltr'><strong>vocem,</strong></span> <span class='ocrx_word' id='word_1_136' title='bbox 1360 2041 1557 2126; x_wconf 85' lang='lat' dir='ltr'><strong>comparabo</strong></span> 
     </span>
     <span class='ocr_line' id='line_1_17' title="bbox 198 2142 656 2229; baseline -0.007 -19"><span class='ocrx_word' id='word_1_137' title='bbox 198 2145 334 2229; x_wconf 90' lang='lat' dir='ltr'><strong>primum</strong></span> <span class='ocrx_word' id='word_1_138' title='bbox 357 2142 656 2210; x_wconf 85' lang='lat' dir='ltr'><strong>Pseudolnetinum</strong></span> 
     </span>
    </p>

    <p class='ocr_par' dir='ltr' id='par_1_4' title="bbox 425 2246 1491 2434">
     <span class='ocr_line' id='line_1_18' title="bbox 425 2246 1491 2329; baseline 0 -17"><span class='ocrx_word' id='word_1_139' title='bbox 425 2247 534 2314; x_wconf 90' lang='lat' dir='ltr'><strong>Herm.</strong></span> <span class='ocrx_word' id='word_1_140' title='bbox 556 2247 618 2311; x_wconf 81' lang='lat' dir='ltr'><strong>c.2</strong></span> <span class='ocrx_word' id='word_1_141' title='bbox 878 2247 881 2316; x_wconf 89' lang='lat' dir='ltr'><strong>l</strong></span> <span class='ocrx_word' id='word_1_142' title='bbox 960 2247 1215 2314; x_wconf 87' lang='lat' dir='ltr'><strong>Pseudo-lustin.</strong></span> <span class='ocrx_word' id='word_1_143' title='bbox 1242 2246 1314 2312; x_wconf 93' lang='lat' dir='ltr'><strong>coh.</strong></span> <span class='ocrx_word' id='word_1_144' title='bbox 1338 2246 1381 2312; x_wconf 90' lang='lat' dir='ltr'><strong>ad</strong></span> <span class='ocrx_word' id='word_1_145' title='bbox 1404 2253 1491 2329; x_wconf 86' lang='lat' dir='ltr'><strong>gent.</strong></span> 
     </span>
     <span class='ocr_line' id='line_1_19' title="bbox 1121 2350 1333 2434; baseline -0.009 -20"><span class='ocrx_word' id='word_1_146' title='bbox 1121 2351 1182 2414; x_wconf 75' lang='lat' dir='ltr'><strong>cl</strong></span> <span class='ocrx_word' id='word_1_147' title='bbox 1207 2371 1239 2434; x_wconf 91' lang='lat' dir='ltr'><strong>p.</strong></span> <span class='ocrx_word' id='word_1_148' title='bbox 1255 2350 1333 2414; x_wconf 83' lang='grc' dir='ltr'><strong>8ου</strong></span> 
     </span>
    </p>

    <p class='ocr_par' dir='ltr' id='par_1_5' title="bbox 197 2451 1557 2641">
     <span class='ocr_line' id='line_1_20' title="bbox 197 2451 1557 2538; baseline -0.003 -20"><span class='ocrx_word' id='word_1_149' title='bbox 197 2458 224 2519; x_wconf 81' lang='grc' dir='ltr'><strong>οἱ</strong></span> <span class='ocrx_word' id='word_1_150' title='bbox 254 2457 305 2538; x_wconf 79' lang='grc' dir='ltr'><strong>μὲν</strong></span> <span class='ocrx_word' id='word_1_151' title='bbox 332 2457 386 2538; x_wconf 78' lang='grc' dir='ltr'><strong>γάρ</strong></span> <span class='ocrx_word' id='word_1_152' title='bbox 413 2475 500 2538; x_wconf 85' lang='grc' dir='ltr'><strong>φασιν</strong></span> <span class='ocrx_word' id='word_1_153' title='bbox 529 2454 626 2516; x_wconf 80' lang='grc' dir='ltr'><strong>αὐτῶν</strong></span> <span class='ocrx_word' id='word_1_154' title='bbox 654 2453 752 2538; x_wconf 84' lang='grc' dir='ltr'><strong>ψυχὴν</strong></span> <span class='ocrx_word' id='word_1_155' title='bbox 779 2453 852 2518; x_wconf 80' lang='grc' dir='ltr'><strong>εἶναι</strong></span> <span class='ocrx_word' id='word_1_156' title='bbox 904 2455 932 2515; x_wconf 92' lang='grc' dir='ltr'><strong>οί</strong></span> <span class='ocrx_word' id='word_1_157' title='bbox 960 2453 1012 2534; x_wconf 83' lang='grc' dir='ltr'><strong>μὲν</strong></span> <span class='ocrx_word' id='word_1_158' title='bbox 1040 2453 1094 2537; x_wconf 74' lang='grc' dir='ltr'><strong>γὰρ</strong></span> <span class='ocrx_word' id='word_1_159' title='bbox 1120 2453 1217 2516; x_wconf 82' lang='grc' dir='ltr'><strong>αὐτῶν</strong></span> <span class='ocrx_word' id='word_1_160' title='bbox 1239 2473 1310 2537; x_wconf 87' lang='grc' dir='ltr'><strong>φασι</strong></span> <span class='ocrx_word' id='word_1_161' title='bbox 1332 2457 1389 2536; x_wconf 80' lang='grc' dir='ltr'><strong>πῦρ</strong></span> <span class='ocrx_word' id='word_1_162' title='bbox 1411 2451 1482 2516; x_wconf 76' lang='grc' dir='ltr'><strong>εἶναι</strong></span> <span class='ocrx_word' id='word_1_163' title='bbox 1506 2455 1557 2536; x_wconf 78' lang='grc' dir='ltr'><strong>τὴν</strong></span> 
     </span>
     <span class='ocr_line' id='line_1_21' title="bbox 241 2558 1045 2641; baseline -0.001 -22"><span class='ocrx_word' id='word_1_164' title='bbox 241 2559 274 2620; x_wconf 85' lang='grc' dir='ltr'><strong>τὸ</strong></span> <span class='ocrx_word' id='word_1_165' title='bbox 297 2561 353 2640; x_wconf 85' lang='grc' dir='ltr'><strong>πῦρ</strong></span> <span class='ocrx_word' id='word_1_166' title='bbox 947 2558 1045 2641; x_wconf 81' lang='grc' dir='ltr'><strong>ψυχήν</strong></span> 
     </span>
    </p>

    <p class='ocr_par' dir='ltr' id='par_1_6' title="bbox 198 2658 1428 2744">
     <span class='ocr_line' id='line_1_22' title="bbox 198 2658 1428 2744; baseline -0.004 -19"><span class='ocrx_word' id='word_1_167' title='bbox 198 2665 224 2726; x_wconf 94' lang='grc' dir='ltr'><strong>οί</strong></span> <span class='ocrx_word' id='word_1_168' title='bbox 247 2663 280 2724; x_wconf 83' lang='grc' dir='ltr'><strong>δὲ</strong></span> <span class='ocrx_word' id='word_1_169' title='bbox 301 2663 349 2724; x_wconf 76' lang='grc' dir='ltr'><strong>τὸν</strong></span> <span class='ocrx_word' id='word_1_170' title='bbox 373 2661 457 2744; x_wconf 84' lang='grc' dir='ltr'><strong>ἀέρα,</strong></span> <span class='ocrx_word' id='word_1_171' title='bbox 480 2661 506 2720; x_wconf 91' lang='grc' dir='ltr'><strong>οί</strong></span> <span class='ocrx_word' id='word_1_172' title='bbox 529 2659 562 2722; x_wconf 82' lang='grc' dir='ltr'><strong>δὲ</strong></span> <span class='ocrx_word' id='word_1_173' title='bbox 584 2661 633 2723; x_wconf 87' lang='grc' dir='ltr'><strong>τὸν</strong></span> <span class='ocrx_word' id='word_1_174' title='bbox 655 2663 722 2721; x_wconf 83' lang='grc' dir='ltr'><strong>νοῦν</strong></span> <span class='ocrx_word' id='word_1_175' title='bbox 903 2660 931 2721; x_wconf 93' lang='grc' dir='ltr'><strong>υί</strong></span> <span class='ocrx_word' id='word_1_176' title='bbox 953 2659 986 2721; x_wconf 78' lang='grc' dir='ltr'><strong>δὲ</strong></span> <span class='ocrx_word' id='word_1_177' title='bbox 1007 2659 1057 2721; x_wconf 82' lang='grc' dir='ltr'><strong>τὸν</strong></span> <span class='ocrx_word' id='word_1_178' title='bbox 1080 2658 1162 2741; x_wconf 83' lang='grc' dir='ltr'><em>ἀέρα,</em></span> <span class='ocrx_word' id='word_1_179' title='bbox 1185 2660 1212 2721; x_wconf 81' lang='lat' dir='ltr'><strong>ol</strong></span> <span class='ocrx_word' id='word_1_180' title='bbox 1235 2659 1268 2720; x_wconf 82' lang='grc' dir='ltr'><strong>δὲ</strong></span> <span class='ocrx_word' id='word_1_181' title='bbox 1290 2659 1339 2720; x_wconf 88' lang='grc' dir='ltr'><strong>τὸν</strong></span> <span class='ocrx_word' id='word_1_182' title='bbox 1361 2662 1428 2720; x_wconf 86' lang='grc' dir='ltr'><strong>νοῦν</strong></span> 
     </span>
    </p>

    <p class='ocr_par' dir='ltr' id='par_1_7' title="bbox 198 2759 1556 2845">
     <span class='ocr_line' id='line_1_23' title="bbox 198 2759 1556 2845; baseline -0.004 -18"><span class='ocrx_word' id='word_1_183' title='bbox 198 2767 224 2827; x_wconf 80' lang='lat' dir='ltr'><strong>el</strong></span> <span class='ocrx_word' id='word_1_184' title='bbox 249 2765 281 2826; x_wconf 83' lang='grc' dir='ltr'><strong>δὲ</strong></span> <span class='ocrx_word' id='word_1_185' title='bbox 302 2763 423 2845; x_wconf 83' lang='grc' dir='ltr'><strong>κίνησιν,</strong></span> <span class='ocrx_word' id='word_1_186' title='bbox 446 2763 473 2824; x_wconf 91' lang='grc' dir='ltr'><strong>οί</strong></span> <span class='ocrx_word' id='word_1_187' title='bbox 496 2761 529 2823; x_wconf 83' lang='grc' dir='ltr'><strong>δὲ</strong></span> <span class='ocrx_word' id='word_1_188' title='bbox 551 2762 602 2845; x_wconf 82' lang='grc' dir='ltr'><strong>τὴν</strong></span> <span class='ocrx_word' id='word_1_189' title='bbox 626 2761 819 2843; x_wconf 83' lang='grc' dir='ltr'><strong>ἀναθυμίασιν</strong></span> <span class='ocrx_word' id='word_1_190' title='bbox 903 2762 930 2824; x_wconf 90' lang='grc' dir='ltr'><strong>οί</strong></span> <span class='ocrx_word' id='word_1_191' title='bbox 946 2761 978 2824; x_wconf 81' lang='grc' dir='ltr'><strong>δὲ</strong></span> <span class='ocrx_word' id='word_1_192' title='bbox 993 2761 1045 2844; x_wconf 82' lang='grc' dir='ltr'><strong>τὴν</strong></span> <span class='ocrx_word' id='word_1_193' title='bbox 1060 2762 1181 2845; x_wconf 81' lang='grc' dir='ltr'><strong>κίνησιν,</strong></span> <span class='ocrx_word' id='word_1_194' title='bbox 1201 2764 1228 2824; x_wconf 92' lang='grc' dir='ltr'><strong>οί</strong></span> <span class='ocrx_word' id='word_1_195' title='bbox 1244 2761 1277 2824; x_wconf 86' lang='grc' dir='ltr'><strong>δὲ</strong></span> <span class='ocrx_word' id='word_1_196' title='bbox 1292 2761 1344 2844; x_wconf 85' lang='grc' dir='ltr'><strong>τὴν</strong></span> <span class='ocrx_word' id='word_1_197' title='bbox 1361 2759 1556 2841; x_wconf 78' lang='grc' dir='ltr'><strong>ἀναθυμίασιν</strong></span> 
     </span>
    </p>

    <p class='ocr_par' dir='ltr' id='par_1_8' title="bbox 197 2861 1558 3051">
     <span class='ocr_line' id='line_1_24' title="bbox 197 2861 1558 2948; baseline -0.004 -19"><span class='ocrx_word' id='word_1_198' title='bbox 197 2868 225 2929; x_wconf 87' lang='lat' dir='ltr'><strong>cl</strong></span> <span class='ocrx_word' id='word_1_199' title='bbox 253 2867 285 2928; x_wconf 74' lang='lat' dir='ltr'><strong>et</strong></span> <span class='ocrx_word' id='word_1_200' title='bbox 311 2866 429 2946; x_wconf 85' lang='grc' dir='ltr'><strong>δύναμιν</strong></span> <span class='ocrx_word' id='word_1_201' title='bbox 458 2863 517 2926; x_wconf 84' lang='grc' dir='ltr'><strong>ἀπὸ</strong></span> <span class='ocrx_word' id='word_1_202' title='bbox 545 2867 604 2926; x_wconf 81' lang='grc' dir='ltr'><strong>τῶν</strong></span> <span class='ocrx_word' id='word_1_203' title='bbox 630 2862 745 2947; x_wconf 80' lang='grc' dir='ltr'><strong>ἄστρων</strong></span> <span class='ocrx_word' id='word_1_204' title='bbox 773 2864 851 2948; x_wconf 82' lang='grc' dir='ltr'><strong>ῥέου·</strong></span> <span class='ocrx_word' id='word_1_205' title='bbox 902 2863 984 2928; x_wconf 75' lang='grc' dir='ltr'><strong>ἄλλοι</strong></span> <span class='ocrx_word' id='word_1_206' title='bbox 1007 2863 1039 2927; x_wconf 84' lang='grc' dir='ltr'><strong>δέ</strong></span> <span class='ocrx_word' id='word_1_207' title='bbox 1061 2887 1133 2933; x_wconf 79' lang='grc' dir='ltr'><strong>τινες</strong></span> <span class='ocrx_word' id='word_1_208' title='bbox 1156 2864 1275 2946; x_wconf 85' lang='grc' dir='ltr'><strong>δύναμιν</strong></span> <span class='ocrx_word' id='word_1_209' title='bbox 1297 2865 1355 2926; x_wconf 85' lang='grc' dir='ltr'><strong>ἀπὸ</strong></span> <span class='ocrx_word' id='word_1_210' title='bbox 1370 2866 1429 2925; x_wconf 83' lang='grc' dir='ltr'><strong>τῶν</strong></span> <span class='ocrx_word' id='word_1_211' title='bbox 1444 2861 1558 2946; x_wconf 83' lang='grc' dir='ltr'><strong>ἄστρων</strong></span> 
     </span>
     <span class='ocr_line' id='line_1_25' title="bbox 240 2967 1068 3051; baseline -0.002 -19"><span class='ocrx_word' id='word_1_212' title='bbox 240 2990 292 3032; x_wconf 89' lang='grc' dir='ltr'><strong>σαν</strong></span> <span class='ocrx_word' id='word_1_213' title='bbox 947 2967 1068 3051; x_wconf 80' lang='grc' dir='ltr'><strong>ῥέουσαν</strong></span> 
     </span>
    </p>

    <p class='ocr_par' dir='ltr' id='par_1_9' title="bbox 197 3067 1300 3156">
     <span class='ocr_line' id='line_1_26' title="bbox 197 3067 1300 3156; baseline -0.005 -20"><span class='ocrx_word' id='word_1_214' title='bbox 197 3075 224 3136; x_wconf 86' lang='grc' dir='ltr'><strong>οἱ</strong></span> <span class='ocrx_word' id='word_1_215' title='bbox 246 3072 273 3135; x_wconf 83' lang='grc' dir='ltr'><strong>δ’</strong></span> <span class='ocrx_word' id='word_1_216' title='bbox 297 3071 421 3156; x_wconf 75' lang='grc' dir='ltr'><strong>ἀριθμὸν</strong></span> <span class='ocrx_word' id='word_1_217' title='bbox 445 3069 589 3152; x_wconf 81' lang='grc' dir='ltr'><strong>κινητικόν</strong></span> <span class='ocrx_word' id='word_1_218' title='bbox 903 3071 986 3134; x_wconf 70' lang='lat' dir='ltr'><strong>etot</strong></span> <span class='ocrx_word' id='word_1_219' title='bbox 1008 3070 1132 3154; x_wconf 77' lang='grc' dir='ltr'><strong>ἀριθμὸν</strong></span> <span class='ocrx_word' id='word_1_220' title='bbox 1155 3067 1300 3151; x_wconf 82' lang='grc' dir='ltr'><strong>κινητικόν</strong></span> 
     </span>
    </p>

    <p class='ocr_par' dir='ltr' id='par_1_10' title="bbox 196 3165 1330 3258">
     <span class='ocr_line' id='line_1_27' title="bbox 196 3165 1330 3258; baseline -0.004 -20"><span class='ocrx_word' id='word_1_221' title='bbox 196 3178 224 3238; x_wconf 83' lang='grc' dir='ltr'><strong>οἱ</strong></span> <span class='ocrx_word' id='word_1_222' title='bbox 247 3176 279 3238; x_wconf 83' lang='grc' dir='ltr'><strong>δὲ</strong></span> <span class='ocrx_word' id='word_1_223' title='bbox 303 3176 380 3258; x_wconf 79' lang='grc' dir='ltr'><strong>ὕδωρ</strong></span> <span class='ocrx_word' id='word_1_224' title='bbox 402 3165 551 3256; x_wconf 80' lang='grc' dir='ltr'><strong>γονοποιάν</strong></span> <span class='ocrx_word' id='word_1_225' title='bbox 890 3173 994 3258; x_wconf 72' lang='grc' dir='ltr'><strong>,ἕτεροι</strong></span> <span class='ocrx_word' id='word_1_226' title='bbox 1016 3173 1049 3237; x_wconf 80' lang='grc' dir='ltr'><strong>δὲ</strong></span> <span class='ocrx_word' id='word_1_227' title='bbox 1072 3173 1150 3256; x_wconf 78' lang='grc' dir='ltr'><strong>ὕδωρ</strong></span> <span class='ocrx_word' id='word_1_228' title='bbox 1172 3172 1330 3254; x_wconf 80' lang='grc' dir='ltr'><strong>γονοιτοιόν.</strong></span> 
     </span>
    </p>

    <p class='ocr_par' dir='ltr' id='par_1_11' title="bbox 197 3273 700 3361">
     <span class='ocr_line' id='line_1_28' title="bbox 197 3273 700 3361; baseline -0.012 -19"><span class='ocrx_word' id='word_1_229' title='bbox 197 3281 224 3342; x_wconf 82' lang='lat' dir='ltr'><strong>ol</strong></span> <span class='ocrx_word' id='word_1_230' title='bbox 247 3279 279 3341; x_wconf 86' lang='grc' dir='ltr'><strong>δὲ</strong></span> <span class='ocrx_word' id='word_1_231' title='bbox 302 3281 444 3361; x_wconf 80' lang='grc' dir='ltr'><strong>στοιχεῖον</strong></span> <span class='ocrx_word' id='word_1_232' title='bbox 465 3276 524 3338; x_wconf 79' lang='grc' dir='ltr'><strong>ἀπὸ</strong></span> <span class='ocrx_word' id='word_1_233' title='bbox 547 3273 700 3358; x_wconf 81' lang='grc' dir='ltr'><strong>στοιχείων</strong></span> 
     </span>
    </p>

    <p class='ocr_par' dir='ltr' id='par_1_12' title="bbox 198 3375 707 3464">
     <span class='ocr_line' id='line_1_29' title="bbox 198 3375 707 3464; baseline -0.01 -19"><span class='ocrx_word' id='word_1_234' title='bbox 198 3385 225 3444; x_wconf 83' lang='lat' dir='ltr'><strong>ot</strong></span> <span class='ocrx_word' id='word_1_235' title='bbox 248 3381 281 3444; x_wconf 81' lang='grc' dir='ltr'><strong>δὲ</strong></span> <span class='ocrx_word' id='word_1_236' title='bbox 302 3380 452 3464; x_wconf 84' lang='grc' dir='ltr'><strong>ἁρμονίαν,</strong></span> <span class='ocrx_word' id='word_1_237' title='bbox 475 3379 501 3441; x_wconf 91' lang='grc' dir='ltr'><strong>οί</strong></span> <span class='ocrx_word' id='word_1_238' title='bbox 523 3378 611 3440; x_wconf 81' lang='grc' dir='ltr'><strong>δὲτὸ</strong></span> <span class='ocrx_word' id='word_1_239' title='bbox 634 3375 707 3458; x_wconf 83' lang='grc' dir='ltr'><strong>αἷμα</strong></span> 
     </span>
    </p>

    <p class='ocr_par' dir='ltr' id='par_1_13' title="bbox 197 3479 803 3566">
     <span class='ocr_line' id='line_1_30' title="bbox 197 3479 803 3566; baseline -0.017 -20"><span class='ocrx_word' id='word_1_240' title='bbox 197 3486 224 3546; x_wconf 87' lang='lat' dir='ltr'><strong>ol</strong></span> <span class='ocrx_word' id='word_1_241' title='bbox 247 3485 280 3546; x_wconf 77' lang='grc' dir='ltr'><strong>δὲ</strong></span> <span class='ocrx_word' id='word_1_242' title='bbox 299 3486 333 3548; x_wconf 85' lang='grc' dir='ltr'><strong>τὸ</strong></span> <span class='ocrx_word' id='word_1_243' title='bbox 355 3488 479 3566; x_wconf 74' lang='grc' dir='ltr'><strong>πνεῦμα,</strong></span> <span class='ocrx_word' id='word_1_244' title='bbox 502 3484 529 3545; x_wconf 84' lang='lat' dir='ltr'><strong>ol</strong></span> <span class='ocrx_word' id='word_1_245' title='bbox 552 3482 585 3544; x_wconf 72' lang='grc' dir='ltr'><strong>δὲ</strong></span> <span class='ocrx_word' id='word_1_246' title='bbox 606 3481 658 3563; x_wconf 86' lang='grc' dir='ltr'><strong>τὴν</strong></span> <span class='ocrx_word' id='word_1_247' title='bbox 682 3479 803 3561; x_wconf 81' lang='grc' dir='ltr'><strong>μονάδα.</strong></span> 
     </span>
    </p>

    <p class='ocr_par' dir='ltr' id='par_1_14' title="bbox 196 3579 1560 4906">
     <span class='ocr_line' id='line_1_31' title="bbox 284 3579 1558 3670; baseline -0.005 -18"><span class='ocrx_word' id='word_1_248' title='bbox 284 3586 398 3658; x_wconf 82' lang='lat' dir='ltr'><strong>Priora</strong></span> <span class='ocrx_word' id='word_1_249' title='bbox 421 3585 511 3670; x_wconf 89' lang='lat' dir='ltr'><strong>apud</strong></span> <span class='ocrx_word' id='word_1_250' title='bbox 535 3589 706 3664; x_wconf 87' lang='lat' dir='ltr'><strong>utrumque</strong></span> <span class='ocrx_word' id='word_1_251' title='bbox 727 3600 793 3646; x_wconf 91' lang='lat' dir='ltr'><strong>non</strong></span> <span class='ocrx_word' id='word_1_252' title='bbox 815 3579 947 3664; x_wconf 87' lang='lat' dir='ltr'><strong>similia,</strong></span> <span class='ocrx_word' id='word_1_253' title='bbox 970 3581 1029 3646; x_wconf 91' lang='lat' dir='ltr'><strong>sed</strong></span> <span class='ocrx_word' id='word_1_254' title='bbox 1050 3580 1119 3647; x_wconf 86' lang='lat' dir='ltr'><strong>lere</strong></span> <span class='ocrx_word' id='word_1_255' title='bbox 1142 3581 1267 3647; x_wconf 84' lang='lat' dir='ltr'><strong>eadem.</strong></span> <span class='ocrx_word' id='word_1_256' title='bbox 1291 3581 1377 3646; x_wconf 90' lang='lat' dir='ltr'><strong>unde</strong></span> <span class='ocrx_word' id='word_1_257' title='bbox 1399 3581 1558 3646; x_wconf 89' lang='lat' dir='ltr'><strong>lustinum</strong></span> 
     </span>
     <span class='ocr_line' id='line_1_32' title="bbox 196 3683 1556 3774; baseline -0.004 -20"><span class='ocrx_word' id='word_1_258' title='bbox 196 3689 318 3774; x_wconf 84' lang='lat' dir='ltr'><strong>optimo</strong></span> <span class='ocrx_word' id='word_1_259' title='bbox 341 3689 410 3755; x_wconf 90' lang='lat' dir='ltr'><strong>iure</strong></span> <span class='ocrx_word' id='word_1_260' title='bbox 433 3687 643 3772; x_wconf 87' lang='lat' dir='ltr'><strong>compilatum</strong></span> <span class='ocrx_word' id='word_1_261' title='bbox 667 3683 814 3750; x_wconf 89' lang='lat' dir='ltr'><strong>credunt.</strong></span> <span class='ocrx_word' id='word_1_262' title='bbox 859 3683 917 3748; x_wconf 89' lang='lat' dir='ltr'><strong>sed</strong></span> <span class='ocrx_word' id='word_1_263' title='bbox 940 3683 1053 3749; x_wconf 87' lang='lat' dir='ltr'><strong>ultima</strong></span> <span class='ocrx_word' id='word_1_264' title='bbox 1075 3683 1161 3750; x_wconf 90' lang='lat' dir='ltr'><strong>unde</strong></span> <span class='ocrx_word' id='word_1_265' title='bbox 1184 3683 1341 3768; x_wconf 82' lang='lat' dir='ltr'><strong>sumpsit?</strong></span> <span class='ocrx_word' id='word_1_266' title='bbox 1374 3686 1401 3747; x_wconf 84' lang='grc' dir='ltr'><strong>οἱ</strong></span> <span class='ocrx_word' id='word_1_267' title='bbox 1427 3685 1460 3748; x_wconf 83' lang='grc' dir='ltr'><strong>δὲ</strong></span> <span class='ocrx_word' id='word_1_268' title='bbox 1483 3707 1556 3749; x_wconf 82' lang='grc' dir='ltr'><strong>στοι-</strong></span> 
     </span>
     <span class='ocr_line' id='line_1_33' title="bbox 196 3785 1560 3878; baseline -0.004 -21"><span class='ocrx_word' id='word_1_269' title='bbox 196 3798 276 3878; x_wconf 80' lang='grc' dir='ltr'><strong>χεῖον</strong></span> <span class='ocrx_word' id='word_1_270' title='bbox 305 3793 363 3858; x_wconf 86' lang='grc' dir='ltr'><strong>ἀπὸ</strong></span> <span class='ocrx_word' id='word_1_271' title='bbox 392 3793 425 3875; x_wconf 89' lang='lat' dir='ltr'><strong>[l.</strong></span> <span class='ocrx_word' id='word_1_272' title='bbox 454 3792 523 3876; x_wconf 81' lang='grc' dir='ltr'><strong>πρὸ]</strong></span> <span class='ocrx_word' id='word_1_273' title='bbox 552 3789 706 3874; x_wconf 76' lang='grc' dir='ltr'><strong>στοιχείων</strong></span> <span class='ocrx_word' id='word_1_274' title='bbox 730 3785 817 3870; x_wconf 91' lang='lat' dir='ltr'><strong>quod</strong></span> <span class='ocrx_word' id='word_1_275' title='bbox 839 3788 1023 3868; x_wconf 78' lang='grc' dir='ltr'><strong>υουίρωαίίι</strong></span> <span class='ocrx_word' id='word_1_276' title='bbox 1050 3790 1152 3850; x_wconf 80' lang='lat' dir='ltr'><strong>tortor</strong></span> <span class='ocrx_word' id='word_1_277' title='bbox 1179 3785 1356 3852; x_wconf 91' lang='lat' dir='ltr'><strong>editoribus</strong></span> <span class='ocrx_word' id='word_1_278' title='bbox 1389 3785 1560 3852; x_wconf 85' lang='lat' dir='ltr'><strong>videbatur</strong></span> 
     </span>
     <span class='ocr_line' id='line_1_34' title="bbox 196 3883 1558 3980; baseline -0.006 -18"><span class='ocrx_word' id='word_1_279' title='bbox 196 3896 451 3980; x_wconf 83' lang='lat' dir='ltr'><strong>Empedocleum</strong></span> <span class='ocrx_word' id='word_1_280' title='bbox 475 3900 524 3960; x_wconf 90' lang='lat' dir='ltr'><strong>est</strong></span> <span class='ocrx_word' id='word_1_281' title='bbox 547 3892 600 3976; x_wconf 88' lang='lat' dir='ltr'><strong>[cf.</strong></span> <span class='ocrx_word' id='word_1_282' title='bbox 627 3891 746 3958; x_wconf 77' lang='lat' dir='ltr'><strong>Plani</strong></span> <span class='ocrx_word' id='word_1_283' title='bbox 763 3890 804 3955; x_wconf 89' lang='lat'><strong>13</strong></span> <span class='ocrx_word' id='word_1_284' title='bbox 826 3899 837 3950; x_wconf 96' lang='lat'>1</span> <span class='ocrx_word' id='word_1_285' title='bbox 864 3891 902 3955; x_wconf 79' lang='lat'><strong>17</strong></span> <span class='ocrx_word' id='word_1_286' title='bbox 923 3891 953 3974; x_wconf 81' lang='lat'><strong>3]</strong></span> <span class='ocrx_word' id='word_1_287' title='bbox 975 3895 1033 3956; x_wconf 87' lang='lat' dir='ltr'><strong>aut</strong></span> <span class='ocrx_word' id='word_1_288' title='bbox 1055 3883 1294 3956; x_wconf 82' lang='lat' dir='ltr'><strong>Democriteum</strong></span> <span class='ocrx_word' id='word_1_289' title='bbox 1318 3887 1369 3975; x_wconf 82' lang='lat' dir='ltr'><strong>[cl.</strong></span> <span class='ocrx_word' id='word_1_290' title='bbox 1391 3887 1558 3955; x_wconf 88' lang='lat' dir='ltr'><strong>lamblich.</strong></span> 
     </span>
     <span class='ocr_line' id='line_1_35' title="bbox 198 3989 1558 4082; baseline -0.006 -18"><span class='ocrx_word' id='word_1_291' title='bbox 198 3999 286 4082; x_wconf 93' lang='lat' dir='ltr'><strong>apud</strong></span> <span class='ocrx_word' id='word_1_292' title='bbox 310 3997 400 4064; x_wconf 89' lang='lat' dir='ltr'><strong>Stob.</strong></span> <span class='ocrx_word' id='word_1_293' title='bbox 424 3998 483 4063; x_wconf 85' lang='lat' dir='ltr'><strong>ecl.</strong></span> <span class='ocrx_word' id='word_1_294' title='bbox 499 3998 569 4062; x_wconf 77' lang='lat'><strong>141</strong></span> <span class='ocrx_word' id='word_1_295' title='bbox 592 4005 608 4058; x_wconf 79' lang='lat'><strong>2</strong></span> <span class='ocrx_word' id='word_1_296' title='bbox 630 4016 662 4078; x_wconf 93' lang='lat' dir='ltr'><strong>p.</strong></span> <span class='ocrx_word' id='word_1_297' title='bbox 679 3994 744 4059; x_wconf 86' lang='grc'><strong>680</strong></span> <span class='ocrx_word' id='word_1_298' title='bbox 755 3989 818 4078; x_wconf 83' lang='grc' dir='ltr'><strong>Η.],</strong></span> <span class='ocrx_word' id='word_1_299' title='bbox 842 3993 869 4054; x_wconf 83' lang='lat' dir='ltr'><strong>ot</strong></span> <span class='ocrx_word' id='word_1_300' title='bbox 891 3993 924 4057; x_wconf 76' lang='lat' dir='ltr'><strong>et</strong></span> <span class='ocrx_word' id='word_1_301' title='bbox 950 3994 1089 4076; x_wconf 80' lang='grc' dir='ltr'><strong>ἁρμονίαν</strong></span> <span class='ocrx_word' id='word_1_302' title='bbox 1112 3999 1238 4078; x_wconf 90' lang='lat' dir='ltr'><strong>spectat</strong></span> <span class='ocrx_word' id='word_1_303' title='bbox 1259 3992 1303 4058; x_wconf 90' lang='lat' dir='ltr'><strong>ad</strong></span> <span class='ocrx_word' id='word_1_304' title='bbox 1324 3989 1558 4056; x_wconf 87' lang='lat' dir='ltr'><strong>Dicaearchum</strong></span> 
     </span>
     <span class='ocr_line' id='line_1_36' title="bbox 199 4093 1559 4185; baseline -0.006 -18"><span class='ocrx_word' id='word_1_305' title='bbox 199 4101 251 4185; x_wconf 85' lang='lat' dir='ltr'><strong>[of.</strong></span> <span class='ocrx_word' id='word_1_306' title='bbox 275 4103 362 4167; x_wconf 86' lang='lat' dir='ltr'><strong>Plau.</strong></span> <span class='ocrx_word' id='word_1_307' title='bbox 379 4101 459 4166; x_wconf 75' lang='lat' dir='ltr'><strong>ivn</strong></span> <span class='ocrx_word' id='word_1_308' title='bbox 479 4101 508 4183; x_wconf 79' lang='lat'><strong>7]</strong></span> <span class='ocrx_word' id='word_1_309' title='bbox 536 4106 592 4165; x_wconf 89' lang='lat' dir='ltr'><strong>aut</strong></span> <span class='ocrx_word' id='word_1_310' title='bbox 621 4096 848 4182; x_wconf 86' lang='lat' dir='ltr'><strong>Pythagoreos</strong></span> <span class='ocrx_word' id='word_1_311' title='bbox 876 4095 928 4177; x_wconf 86' lang='lat' dir='ltr'><strong>[cf.</strong></span> <span class='ocrx_word' id='word_1_312' title='bbox 952 4114 1051 4179; x_wconf 88' lang='lat' dir='ltr'><strong>supra</strong></span> <span class='ocrx_word' id='word_1_313' title='bbox 1077 4115 1108 4179; x_wconf 91' lang='lat' dir='ltr'><strong>p.</strong></span> <span class='ocrx_word' id='word_1_314' title='bbox 1125 4097 1218 4178; x_wconf 84' lang='lat'><strong>213]‚</strong></span> <span class='ocrx_word' id='word_1_315' title='bbox 1248 4097 1274 4158; x_wconf 84' lang='lat' dir='ltr'><strong>ot</strong></span> <span class='ocrx_word' id='word_1_316' title='bbox 1302 4096 1334 4158; x_wconf 86' lang='grc' dir='ltr'><strong>δὲ</strong></span> <span class='ocrx_word' id='word_1_317' title='bbox 1360 4095 1394 4156; x_wconf 87' lang='grc' dir='ltr'><strong>τὸ</strong></span> <span class='ocrx_word' id='word_1_318' title='bbox 1417 4093 1490 4176; x_wconf 81' lang='grc' dir='ltr'><strong>αἷμα</strong></span> <span class='ocrx_word' id='word_1_319' title='bbox 1516 4095 1559 4159; x_wconf 87' lang='lat' dir='ltr'><strong>ad</strong></span> 
     </span>
     <span class='ocr_line' id='line_1_37' title="bbox 200 4195 1560 4286; baseline -0.006 -16"><span class='ocrx_word' id='word_1_320' title='bbox 200 4203 333 4270; x_wconf 80' lang='lat' dir='ltr'><strong>Critiam</strong></span> <span class='ocrx_word' id='word_1_321' title='bbox 356 4203 409 4270; x_wconf 90' lang='lat' dir='ltr'><strong>vel</strong></span> <span class='ocrx_word' id='word_1_322' title='bbox 430 4201 661 4286; x_wconf 86' lang='lat' dir='ltr'><strong>Empedoclem</strong></span> <span class='ocrx_word' id='word_1_323' title='bbox 685 4197 738 4282; x_wconf 81' lang='lat' dir='ltr'><strong>[es.</strong></span> <span class='ocrx_word' id='word_1_324' title='bbox 762 4215 861 4280; x_wconf 90' lang='lat' dir='ltr'><strong>supra</strong></span> <span class='ocrx_word' id='word_1_325' title='bbox 883 4217 914 4280; x_wconf 93' lang='lat' dir='ltr'><strong>p.</strong></span> <span class='ocrx_word' id='word_1_326' title='bbox 930 4195 1019 4284; x_wconf 81' lang='lat'><strong>213]‚</strong></span> <span class='ocrx_word' id='word_1_327' title='bbox 1047 4200 1074 4261; x_wconf 85' lang='lat' dir='ltr'><strong>ct</strong></span> <span class='ocrx_word' id='word_1_328' title='bbox 1102 4200 1135 4262; x_wconf 82' lang='grc' dir='ltr'><strong>δὲ</strong></span> <span class='ocrx_word' id='word_1_329' title='bbox 1160 4200 1194 4261; x_wconf 84' lang='grc' dir='ltr'><strong>τὸ</strong></span> <span class='ocrx_word' id='word_1_330' title='bbox 1220 4202 1334 4280; x_wconf 77' lang='grc' dir='ltr'><strong>πνεῦμα</strong></span> <span class='ocrx_word' id='word_1_331' title='bbox 1363 4195 1406 4260; x_wconf 89' lang='lat' dir='ltr'><strong>ad</strong></span> <span class='ocrx_word' id='word_1_332' title='bbox 1433 4195 1560 4263; x_wconf 90' lang='lat' dir='ltr'><strong>Stoicos</strong></span> 
     </span>
     <span class='ocr_line' id='line_1_38' title="bbox 200 4299 1559 4394; baseline -0.004 -22"><span class='ocrx_word' id='word_1_333' title='bbox 200 4305 299 4394; x_wconf 84' lang='lat' dir='ltr'><strong>[Plau.</strong></span> <span class='ocrx_word' id='word_1_334' title='bbox 322 4306 366 4372; x_wconf 92' lang='lat' dir='ltr'><strong>IV</strong></span> <span class='ocrx_word' id='word_1_335' title='bbox 383 4307 403 4372; x_wconf 85' lang='lat'><strong>3</strong></span> <span class='ocrx_word' id='word_1_336' title='bbox 422 4303 461 4392; x_wconf 72' lang='lat' dir='ltr'><strong>al.</strong></span> <span class='ocrx_word' id='word_1_337' title='bbox 506 4305 588 4387; x_wconf 78' lang='lat' dir='ltr'><strong>baeu</strong></span> <span class='ocrx_word' id='word_1_338' title='bbox 617 4322 683 4368; x_wconf 93' lang='lat' dir='ltr'><strong>non</strong></span> <span class='ocrx_word' id='word_1_339' title='bbox 711 4321 752 4368; x_wconf 84' lang='lat' dir='ltr'><strong>ex</strong></span> <span class='ocrx_word' id='word_1_340' title='bbox 779 4318 864 4364; x_wconf 83' lang='lat' dir='ltr'><strong>vano</strong></span> <span class='ocrx_word' id='word_1_341' title='bbox 891 4299 1023 4366; x_wconf 85' lang='lat' dir='ltr'><strong>finxisse</strong></span> <span class='ocrx_word' id='word_1_342' title='bbox 1047 4299 1211 4365; x_wconf 87' lang='lat' dir='ltr'><strong>Hermiam</strong></span> <span class='ocrx_word' id='word_1_343' title='bbox 1239 4299 1272 4364; x_wconf 94' lang='lat' dir='ltr'><strong>in</strong></span> <span class='ocrx_word' id='word_1_344' title='bbox 1299 4300 1471 4384; x_wconf 91' lang='lat' dir='ltr'><strong>propatulo</strong></span> <span class='ocrx_word' id='word_1_345' title='bbox 1500 4307 1559 4366; x_wconf 82' lang='lat' dir='ltr'><strong>est</strong></span> 
     </span>
     <span class='ocr_line' id='line_1_39' title="bbox 200 4401 1559 4492; baseline -0.006 -18"><span class='ocrx_word' id='word_1_346' title='bbox 200 4427 306 4492; x_wconf 89' lang='lat' dir='ltr'><strong>neque</strong></span> <span class='ocrx_word' id='word_1_347' title='bbox 328 4415 437 4475; x_wconf 86' lang='lat' dir='ltr'><strong>tamen</strong></span> <span class='ocrx_word' id='word_1_348' title='bbox 461 4409 531 4474; x_wconf 89' lang='lat' dir='ltr'><strong>sine</strong></span> <span class='ocrx_word' id='word_1_349' title='bbox 554 4423 663 4472; x_wconf 87' lang='lat' dir='ltr'><strong>errore</strong></span> <span class='ocrx_word' id='word_1_350' title='bbox 684 4401 889 4470; x_wconf 88' lang='lat' dir='ltr'><strong>transtulisse</strong></span> <span class='ocrx_word' id='word_1_351' title='bbox 909 4402 1048 4486; x_wconf 87' lang='lat' dir='ltr'><strong>videtur,</strong></span> <span class='ocrx_word' id='word_1_352' title='bbox 1071 4423 1143 4468; x_wconf 91' lang='lat' dir='ltr'><strong>cum</strong></span> <span class='ocrx_word' id='word_1_353' title='bbox 1163 4408 1309 4468; x_wconf 85' lang='lat' dir='ltr'><strong>extrema</strong></span> <span class='ocrx_word' id='word_1_354' title='bbox 1330 4405 1358 4466; x_wconf 86' lang='lat' dir='ltr'><strong>ot</strong></span> <span class='ocrx_word' id='word_1_355' title='bbox 1380 4403 1486 4486; x_wconf 79' lang='grc' dir='ltr'><strong>δὲτὴν</strong></span> <span class='ocrx_word' id='word_1_356' title='bbox 1510 4427 1559 4486; x_wconf 85' lang='grc' dir='ltr'><strong>μο-</strong></span> 
     </span>
     <span class='ocr_line' id='line_1_40' title="bbox 200 4503 1560 4598; baseline -0.003 -23"><span class='ocrx_word' id='word_1_357' title='bbox 200 4515 273 4577; x_wconf 85' lang='grc' dir='ltr'><strong>νάδα</strong></span> <span class='ocrx_word' id='word_1_358' title='bbox 295 4533 367 4578; x_wconf 90' lang='lat' dir='ltr'><strong>cum</strong></span> <span class='ocrx_word' id='word_1_359' title='bbox 389 4512 674 4598; x_wconf 85' lang='lat' dir='ltr'><strong>Pythagoreorum</strong></span> <span class='ocrx_word' id='word_1_360' title='bbox 705 4506 747 4572; x_wconf 91' lang='lat' dir='ltr'><strong>de</strong></span> <span class='ocrx_word' id='word_1_361' title='bbox 774 4504 978 4570; x_wconf 90' lang='lat' dir='ltr'><strong>elementis</strong></span> <span class='ocrx_word' id='word_1_362' title='bbox 1000 4504 1169 4571; x_wconf 91' lang='lat' dir='ltr'><strong>doetrina¹</strong></span> <span class='ocrx_word' id='word_1_363' title='bbox 1197 4503 1332 4571; x_wconf 84' lang='lat' dir='ltr'><strong>confusa</strong></span> <span class='ocrx_word' id='word_1_364' title='bbox 1353 4503 1426 4570; x_wconf 89' lang='lat' dir='ltr'><strong>sint.</strong></span> <span class='ocrx_word' id='word_1_365' title='bbox 1472 4511 1560 4571; x_wconf 90' lang='lat' dir='ltr'><strong>certe</strong></span> 
     </span>
     <span class='ocr_line' id='line_1_41' title="bbox 199 4605 1560 4691; baseline -0.004 -11"><span class='ocrx_word' id='word_1_366' title='bbox 199 4615 241 4682; x_wconf 90' lang='lat' dir='ltr'><strong>de</strong></span> <span class='ocrx_word' id='word_1_367' title='bbox 272 4615 382 4680; x_wconf 86' lang='lat' dir='ltr'><strong>anima</strong></span> <span class='ocrx_word' id='word_1_368' title='bbox 409 4613 490 4680; x_wconf 88' lang='lat' dir='ltr'><strong>talia</strong></span> <span class='ocrx_word' id='word_1_369' title='bbox 504 4611 628 4686; x_wconf 59' lang='lat' dir='ltr'><strong>„doceri</strong></span> <span class='ocrx_word' id='word_1_370' title='bbox 657 4629 723 4675; x_wconf 93' lang='lat' dir='ltr'><strong>non</strong></span> <span class='ocrx_word' id='word_1_371' title='bbox 752 4605 893 4672; x_wconf 93' lang='lat' dir='ltr'><strong>memini.</strong></span> <span class='ocrx_word' id='word_1_372' title='bbox 937 4605 1013 4672; x_wconf 88' lang='lat' dir='ltr'><strong>hinc</strong></span> <span class='ocrx_word' id='word_1_373' title='bbox 1048 4607 1144 4691; x_wconf 91' lang='lat' dir='ltr'><strong>igitur</strong></span> <span class='ocrx_word' id='word_1_374' title='bbox 1180 4625 1323 4674; x_wconf 89' lang='lat' dir='ltr'><strong>consona</strong></span> <span class='ocrx_word' id='word_1_375' title='bbox 1351 4625 1391 4672; x_wconf 85' lang='lat' dir='ltr'><strong>en</strong></span> <span class='ocrx_word' id='word_1_376' title='bbox 1418 4611 1560 4677; x_wconf 92' lang='lat' dir='ltr'><strong>Pseudo-</strong></span> 
     </span>
     <span class='ocr_line' id='line_1_42' title="bbox 199 4707 1559 4802; baseline -0.004 -20"><span class='ocrx_word' id='word_1_377' title='bbox 199 4717 323 4783; x_wconf 89' lang='lat' dir='ltr'><strong>lustino</strong></span> <span class='ocrx_word' id='word_1_378' title='bbox 346 4716 519 4802; x_wconf 80' lang='lat' dir='ltr'><strong>descripta,</strong></span> <span class='ocrx_word' id='word_1_379' title='bbox 543 4714 652 4781; x_wconf 88' lang='lat' dir='ltr'><strong>aliena</strong></span> <span class='ocrx_word' id='word_1_380' title='bbox 675 4733 716 4779; x_wconf 83' lang='lat' dir='ltr'><strong>ex</strong></span> <span class='ocrx_word' id='word_1_381' title='bbox 738 4729 799 4776; x_wconf 90' lang='lat' dir='ltr'><strong>sua</strong></span> <span class='ocrx_word' id='word_1_382' title='bbox 823 4707 964 4775; x_wconf 88' lang='lat' dir='ltr'><strong>lectione</strong></span> <span class='ocrx_word' id='word_1_383' title='bbox 978 4709 1067 4776; x_wconf 84' lang='lat' dir='ltr'><strong>velut</strong></span> <span class='ocrx_word' id='word_1_384' title='bbox 1082 4709 1348 4794; x_wconf 92' lang='lat' dir='ltr'><strong>philosophorum</strong></span> <span class='ocrx_word' id='word_1_385' title='bbox 1371 4711 1559 4796; x_wconf 85' lang='lat' dir='ltr'><strong>enchiridio,</strong></span> 
     </span>
     <span class='ocr_line' id='line_1_43' title="bbox 201 4811 1560 4906; baseline -0.005 -21"><span class='ocrx_word' id='word_1_386' title='bbox 201 4842 263 4904; x_wconf 90' lang='lat' dir='ltr'><strong>quo</strong></span> <span class='ocrx_word' id='word_1_387' title='bbox 287 4827 402 4906; x_wconf 89' lang='lat' dir='ltr'><strong>postea</strong></span> <span class='ocrx_word' id='word_1_388' title='bbox 424 4840 501 4886; x_wconf 89' lang='lat' dir='ltr'><strong>usus</strong></span> <span class='ocrx_word' id='word_1_389' title='bbox 529 4825 579 4886; x_wconf 91' lang='lat' dir='ltr'><strong>est</strong></span> <span class='ocrx_word' id='word_1_390' title='bbox 600 4815 714 4882; x_wconf 82' lang='lat' dir='ltr'><strong>addita</strong></span> <span class='ocrx_word' id='word_1_391' title='bbox 737 4831 811 4880; x_wconf 89' lang='lat' dir='ltr'><strong>esse</strong></span> <span class='ocrx_word' id='word_1_392' title='bbox 836 4811 1007 4880; x_wconf 92' lang='lat' dir='ltr'><strong>contendo.</strong></span> <span class='ocrx_word' id='word_1_393' title='bbox 1051 4831 1128 4878; x_wconf 86' lang='lat' dir='ltr'><strong>nam</strong></span> <span class='ocrx_word' id='word_1_394' title='bbox 1150 4832 1222 4878; x_wconf 92' lang='lat' dir='ltr'><strong>cum</strong></span> <span class='ocrx_word' id='word_1_395' title='bbox 1244 4811 1351 4880; x_wconf 84' lang='lat' dir='ltr'><strong>fontes</strong></span> <span class='ocrx_word' id='word_1_396' title='bbox 1374 4833 1450 4878; x_wconf 94' lang='lat' dir='ltr'><strong>suos</strong></span> <span class='ocrx_word' id='word_1_397' title='bbox 1471 4833 1560 4878; x_wconf 92' lang='lat' dir='ltr'><strong>num·</strong></span> 
     </span>
    </p>
   </div>
   <div class='ocr_carea' id='block_1_3' title="bbox 173 5040 1206 5110">
    <p class='ocr_par' dir='ltr' id='par_1_15' title="bbox 173 5040 1206 5110">
     <span class='ocr_line' id='line_1_44' title="bbox 173 5040 1206 5110; baseline -0.001 -17"><span class='ocrx_word' id='word_1_398' title='bbox 173 5043 176 5048; x_wconf 83' lang='lat'>&#39;</span> <span class='ocrx_word' id='word_1_399' title='bbox 270 5042 277 5074; x_wconf 88' lang='lat'>¹</span> <span class='ocrx_word' id='word_1_400' title='bbox 297 5045 333 5093; x_wconf 84' lang='lat' dir='ltr'><strong>sic</strong></span> <span class='ocrx_word' id='word_1_401' title='bbox 350 5045 417 5095; x_wconf 79' lang='lat' dir='ltr'><strong>infre</strong></span> <span class='ocrx_word' id='word_1_402' title='bbox 434 5046 489 5109; x_wconf 88' lang='lat' dir='ltr'><strong>ipse</strong></span> <span class='ocrx_word' id='word_1_403' title='bbox 508 5059 529 5093; x_wconf 89' lang='grc' dir='ltr'><strong>ο.</strong></span> <span class='ocrx_word' id='word_1_404' title='bbox 545 5041 576 5094; x_wconf 87' lang='grc'><strong>16</strong></span> <span class='ocrx_word' id='word_1_405' title='bbox 594 5045 626 5096; x_wconf 87' lang='lat' dir='ltr'><strong>de</strong></span> <span class='ocrx_word' id='word_1_406' title='bbox 645 5045 796 5109; x_wconf 76' lang='lat' dir='ltr'><strong>Pythagora</strong></span> <span class='ocrx_word' id='word_1_407' title='bbox 814 5041 880 5110; x_wconf 73' lang='grc' dir='ltr'><strong>ἀρχὴ</strong></span> <span class='ocrx_word' id='word_1_408' title='bbox 899 5047 950 5093; x_wconf 83' lang='grc' dir='ltr'><strong>τῶν</strong></span> <span class='ocrx_word' id='word_1_409' title='bbox 969 5042 1068 5093; x_wconf 81' lang='grc' dir='ltr'><strong>πάντων</strong></span> <span class='ocrx_word' id='word_1_410' title='bbox 1087 5040 1103 5108; x_wconf 78' lang='grc' dir='ltr'><strong>ἡ</strong></span> <span class='ocrx_word' id='word_1_411' title='bbox 1122 5041 1206 5108; x_wconf 82' lang='grc' dir='ltr'><strong>μονάς.</strong></span> 
     </span>
    </p>
   </div>
   <div class='ocr_carea' id='block_1_4' title="bbox 0 0 1882 5736">
    <p class='ocr_par' dir='ltr' id='par_1_16' title="bbox 0 0 1882 5736">
     <span class='ocr_line' id='line_1_45' title="bbox 0 0 1882 5736; baseline 0 0"><span class='ocrx_word' id='word_1_412' title='bbox 0 0 1882 5736; x_wconf 95' lang='lat' dir='ltr'><strong> </strong></span> 
     </span>
    </p>
   </div>
  </div>
 </body>
</html>
