3708 5732
685 437 977 515 4νιτοιιιιιοιιτιοι
1476 433 1517 497 89

625 605 739 690 ἄλληλα
752 607 904 689 ἀναλογίας
917 607 964 668 καὶ
977 609 1043 689 κρά-
1096 608 1226 690 κράσεως
1249 602 1514 688 ἐναπεργαζομένης

626 731 699 780 σεως
722 709 988 792 έναπεργαζομένης
1010 710 1043 772 τὸ
1095 710 1127 772 τδ
1143 712 1200 772 πᾶν
1216 709 1264 772 καὶ
1281 706 1443 792 μεταβολὰς
1461 707 1513 789 μὲν

625 816 682 874 πᾶν
713 813 762 875 καλ
796 811 958 895 μεταβολὰς
992 812 1043 894 μὲν
1096 811 1214 894 μερικάς
1229 811 1439 892 ὑπομενούσης,
1460 813 1512 871 τού

625 913 743 996 μερικάς
762 913 972 995 ὑπομενούσης,
992 918 1044 976 τοῦ
1097 912 1511 998 δέπαντδςλύσινμὴέπιδεχο-

625 1017 658 1078 δὲ
679 1018 785 1085 παντὸς
799 1017 879 1078 λύσιν
896 1017 937 1098 μὴ
953 1015 1044 1078 ἐπιδε-
1097 1017 1195 1099 μένης,
1206 999 1446 1098 Ἐμπεδοκλῆς
1457 1012 1515 1097 ἔφη

593 1116 595 1249 ψ
625 1119 762 1203 χομένου.
792 1118 868 1199 λέγει
883 1117 936 1200 γάρ
952 1118 1044 1187 ούτως
1097 1120 1132 1181 τά
1152 1119 1206 1181 ὅλα
1227 1117 1393 1181 συνεστάναι
1409 1117 1515 1184 οὕτως·

645 1221 749 1284 ἄλλοτε
767 1221 818 1302 μὲν
834 1221 966 1304 φιλότητι
983 1241 1043 1284 συν·
1118 1219 1221 1284 ἄλλοτε
1238 1221 1289 1302 μέν
1306 1221 1438 1305 φιλότητι
1453 1239 1515 1282 συν-

667 1323 813 1407 ερχόμενα
835 1323 904 1386 τάδε
926 1325 1030 1401 πάντα,
1139 1321 1273 1408 ερχόμεν’
1294 1324 1335 1392 εἰς
1354 1323 1385 1385 ἓν
1401 1322 1514 1384 ἅπαντα

643 1423 779 1488 ἀλλοτεδ
797 1423 868 1488 αὖτε
877 1425 986 1488 ἕκαστα
994 1449 1044 1509 φο·
1118 1423 1257 1488 ἀλλοτεδ
1279 1423 1359 1493 αὖτις
1374 1424 1483 1486 έκαστα
1539 1467 1541 1477 ·

667 1528 792 1611 ρούρενα
814 1527 921 1597 νείκεος
948 1525 1043 1612 ἔχθει.
1136 1525 1514 1611 φορεύμενανείκεοςέχδει.

618 1625 769 1712 ’Όμηρος
797 1629 830 1690 δέ
863 1631 915 1713 τὴν
948 1631 1044 1714 φιλίαν
1119 1651 1146 1695 c.
1164 1631 1234 1694 100.
1269 1632 1324 1712 πρδ
1352 1631 1385 1692 δὲ
1413 1629 1515 1691 τούτου

635 1731 682 1792 καὶ
716 1732 749 1792 τὸ
779 1735 871 1800 νεῖκος
904 1735 963 1794 τῶν
992 1737 1043 1796 τοῦ
1112 1730 1268 1816 Ὅμηρος
1317 1733 1370 1816 τὴν
1418 1729 1513 1816 φιλίαν

634 1833 740 1900 παντὸς
757 1836 853 1915 μερῶν
877 1834 906 1896 έν
933 1833 1044 1903 τούτοις
1118 1835 1166 1898 καὶ
1187 1835 1221 1896 τδ
1244 1837 1336 1903 νεῖκος
1353 1832 1511 1896 αἰνίσσεται

634 1933 785 1997 αἰνίττεται
818 1935 849 1998 ἐν
882 1936 924 2005 οἷς
957 1958 1043 2020 φησιν
1118 1938 1148 2000 ἐν
1183 1937 1227 2005 οἷς
1263 1957 1349 2020 φησιν
1383 1939 1402 2018 ἡ
1430 1932 1509 2018 Ἥρα

592 2037 596 2150 ψ
626 2031 754 2118 ιἠἭρα·
1118 2036 1181 2122 παρ’
1210 2037 1311 2122 αότιβ·

645 2137 704 2218 είμι
727 2138 781 2221 γάρ
804 2138 934 2223 ὀψομένη
959 2143 1043 2202 πολυ-
1117 2141 1176 2224 εἶμι
1198 2143 1252 2224 γὰρ
1275 2141 1405 2224 ὀψομένη
1428 2144 1513 2205 πολυ-

666 2240 777 2325 φόρβου
802 2242 923 2325 πείρατα
950 2243 1043 2325 γαίης,
1139 2244 1249 2327 φόρβου
1272 2244 1393 2327 πείρατα
1415 2243 1498 2328 γαίης

643 2341 776 2406 Ὠκεανόν
805 2367 836 2406 τε
865 2345 943 2407 θεῶν
970 2345 1044 2426 γένε·
1114 2345 1247 2408 Ὠκεανόν
1274 2369 1306 2408 τε
1333 2347 1411 2409 θεῶν
1438 2347 1513 2429 γένε-

667 2465 710 2506 σιν
734 2445 780 2507 καὶ
797 2447 908 2530 μητέρα
924 2445 1042 2530 Τηθύν·
1139 2469 1182 2510 σιν
1204 2449 1252 2511 καί
1276 2448 1387 2532 μητέρα
1410 2447 1510 2531 Τηδύν

646 2548 712 2616 τοὺς
744 2546 796 2628 εἶμ’
834 2548 964 2632 ὀψομένη
996 2550 1045 2612 καί
1117 2549 1183 2618 τοὺς
1213 2548 1267 2632 εἶμ’
1302 2551 1431 2635 ὀψομένη
1465 2551 1514 2614 καί

592 2621 595 2724 t
668 2647 712 2734 σφ’
730 2649 832 2735 ἄκριτα
844 2651 940 2714 νείκεα
952 2652 1044 2715 λύσω.
1069 2627 1072 2729 t
1140 2652 1184 2737 σφ’
1201 2653 1304 2736 ἄκριτα
1315 2653 1411 2716 νείκεα
1422 2653 1513 2716 λύσω.

243 2753 438 2820 Placitorum
459 2753 723 2821 consuetudinem
738 2759 846 2819 tuetur
861 2753 1055 2818 Plutarchus
1070 2753 1276 2838 Empedoclis
1290 2761 1382 2838 patre
1397 2755 1514 2838 patria·

151 2879 220 2941 que
242 2856 442 2942 praemissis,
475 2876 559 2940 quae
585 2857 693 2922 omisit
715 2877 786 2922 cnm
810 2855 933 2938 reliqua
957 2855 1173 2939 explicatione
1195 2857 1317 2942 τέτταρα
1331 2857 1459 2940 -φησὶ
1481 2857 1515 2919 δὲ

153 2962 250 3028 οὕτως
271 2957 441 3024 Stobaeus.
486 2963 658 3042 praeterea
673 2979 713 3024 ex
730 2958 921 3042 placitorum
937 2957 1020 3023 serie
1036 2960 1166 3024 evulsos
1181 2959 1386 3044 Empedoclis
1402 2978 1514 3024 versus

153 3083 229 3127 cum
244 3059 511 3143 interpretatione
526 3059 649 3126 addere
663 3061 785 3126 maluit.
824 3060 882 3126 sed
898 3059 973 3125 hinc
986 3060 1067 3125 nihil
1083 3063 1283 3146 suspicionis,
1306 3083 1377 3127 cum
1393 3067 1515 3143 quanta

151 3164 211 3228 ille
234 3181 312 3227 usus
328 3162 418 3227 sitin
435 3161 623 3227 ordinandis
639 3163 800 3247 excerptis
813 3161 944 3228 licentia
958 3171 1093 3229 constet.
1131 3165 1189 3230 sed
1205 3164 1266 3230 hoc
1281 3163 1514 3230 dubitationem

151 3266 250 3332 tollit.
267 3263 460 3329 Plutarchus
468 3262 562 3350 Ἥρην
574 3265 724 3351 φερέσβιον
737 3265 914 3331 rectissime
925 3265 1065 3348 explicat
1079 3286 1185 3352 aera,
1200 3266 1350 3331 Aidonea
1365 3272 1467 3330 terra
1473 3285 1513 3328 m.

151 3375 270 3434 contra
295 3365 455 3432 Stobaeus
475 3365 570 3452 Ἥρην
592 3370 625 3431 δὲ
646 3369 797 3453 φερέσβιον
820 3369 872 3451 τὴν
894 3373 962 3451 γῆν,
992 3370 1065 3452 ἀέρα
1087 3369 1120 3431 δὲ
1142 3371 1189 3432 τὸν
1214 3369 1366 3440 Ἀιδωνέα,
1392 3369 1513 3450 ἐπειδὴ

150 3475 228 3556 φῶς
249 3470 379 3533 οἰκεῖον
402 3469 463 3532 οόκ
486 3467 562 3554 ἔχει
586 3469 660 3533 ἀλλ’
684 3472 750 3534 ύπδ
777 3470 956 3554 ἡλίουκαὶ
987 3473 1134 3553 σελήνης
1164 3472 1220 3534 καὶ
1246 3471 1380 3554 ἄστρων
1411 3492 1513 3531 κατα·

150 3575 339 3654 λάμπεται.
363 3571 526 3636 contraria
541 3578 577 3635 ut
592 3572 788 3656 conciliaret,
810 3572 888 3636 lusit
902 3573 978 3638 olim
994 3571 1170 3638 Krischeus
1185 3572 1383 3653 Forschnng.
1407 3592 1437 3654 p.
1452 3572 1514 3635 126

151 3673 289 3740 Stobaei
312 3673 420 3739 verbis
442 3673 647 3758 transpositis
667 3669 761 3759 Ἥρην
785 3676 817 3737 δὲ
838 3677 989 3761 φερέσβιον
1011 3677 1060 3738 τὸν
1082 3675 1164 3758 ἀέρα,
1187 3675 1239 3758 τὴν
1261 3675 1294 3737 δὲ
1315 3679 1368 3758 γῆν
1391 3676 1439 3736 τὸν
1459 3671 1513 3736 Ἀι-

152 3778 263 3841 δωνέο.
307 3776 426 3840 frustra
441 3776 507 3840 ille.
551 3796 626 3840 nam
643 3777 729 3861 quod
744 3777 898 3860 defendit,
921 3784 1144 3860 argumentum
1159 3777 1242 3842 istuc
1257 3778 1357 3860 ἐπειδὴ
1372 3813 1415 3820 -
1430 3799 1513 3838 κατα·

153 3883 302 3962 λάμπεται
325 3877 386 3943 nisi
405 3878 447 3943 de
469 3884 556 3942 terra
577 3878 819 3962 intellegeretur
841 3901 938 3946 sensu
961 3900 1082 3965 carere,
1104 3879 1185 3962 fugit
1200 3899 1272 3944 eum
1287 3877 1514 3960 allegoriamm

152 3983 349 4066 scriptorum
372 3979 557 4064 similitudo,
581 3981 634 4063 qni
657 3983 700 4046 ad
722 3981 834 4047 Iliadis
857 3979 963 4048 0189
973 4003 1041 4065 sqq.
1064 3982 1145 4047 talia
1166 3982 1321 4065 produnt:

312 4081 466 4147 Heraclit.
488 4081 585 4165 alleg.
609 4085 648 4148 41
978 4085 1064 4149 Plut.
1092 4084 1153 4149 Vit.
1176 4083 1270 4148 Hom.
1287 4085 1337 4147 97.
1354 4084 1395 4146 98

151 4189 211 4256 πᾶς
244 4187 297 4269 γὰρ
330 4189 345 4249 ὁ
383 4185 476 4266 μῦθος
509 4188 705 4270 ἠλληγόρηται
743 4189 807 4272 περὶ
860 4189 907 4251 καὶ
935 4187 978 4252 δτι
1005 4189 1034 4251 ἐν
1061 4191 1097 4270 τῆ
1125 4191 1176 4249 τοῦ
1204 4187 1309 4254 παντὸς
1335 4191 1411 4266 νομῇ
1440 4183 1513 4253 Ζεύς

151 4292 213 4350 τῶν
235 4286 282 4350 ἀπ’
307 4289 403 4372 ἀρχῆς
423 4290 566 4372 τεττάρων
587 4289 808 4375 στοιχείων
861 4291 912 4371 μὲν
935 4289 1027 4374 ἔλαχε
1041 4291 1093 4372 τὴν
1108 4294 1159 4352 τού
1176 4290 1264 4372 πυρδς
1280 4288 1390 4364 οὐσίαν,
1415 4287 1513 4350 Ιίοσει-

152 4392 203 4453 καί
232 4397 268 4472 τῇ
299 4391 351 4472 μὲν
374 4391 500 4473 πυρώδει
527 4393 611 4474 φύσει
633 4391 720 4454 τόπον
740 4388 807 4454 ένει-
860 4393 918 4454 δῶν
941 4392 973 4453 δέ
995 4392 1047 4474 τὴν
1070 4396 1121 4454 τοῦ
1147 4391 1264 4467 ύδατος,
1286 4387 1384 4472 Ἅιδης
1407 4391 1439 4451 δὲ
1460 4389 1512 4471 τὴν

152 4517 206 4576 μεν
223 4493 354 4576 ούρανύν,
376 4493 428 4576 τὴν
444 4493 469 4554 δ’
486 4494 572 4576 ὑγράν
588 4494 687 4557 οόσίαν
710 4493 807 4557 Ποσει-
860 4498 911 4555 τοῦ
938 4493 1033 4577 ἀέρος.
1082 4499 1183 4556 τοῦτον
1210 4493 1264 4576 γάρ
1291 4492 1367 4574 λέγει
1391 4491 1512 4574 (ζόφον

150 4598 224 4657 δῖονι
246 4595 428 4678 προσέθηκε,
448 4595 540 4679 τρίτον
563 4596 588 4659 δ’
613 4594 724 4679 Ἀίδην
748 4599 807 4660 τὸν
860 4595 1037 4679 ηἐρύεντά
1076 4593 1114 4680 [O
1147 4593 1234 4681 191],
1275 4595 1398 4676 ἐπειδὴ
1440 4598 1513 4676 φῶς

150 4699 348 4780 ἀφώτιστον
380 4697 465 4780 ἀέρα
497 4701 607 4781 δηλοῖ.
651 4701 745 4760 κοινδν
775 4699 808 4761 δέ
859 4699 987 4761 οἰκεῖον
1015 4698 1076 4761 ούκ
1105 4696 1182 4782 ἔχει
1211 4697 1286 4761 ἀλλ’
1318 4698 1383 4760 ὑπὸ
1411 4694 1512 4777 ἡλίου

150 4799 268 4861 πάντων
312 4801 360 4862 καὶ
405 4800 589 4882 ἑδραιύτατον
637 4803 806 4884 ἀπεφήνατο
859 4801 915 4864 καὶ
933 4803 1082 4884 σελήνης
1098 4801 1234 4863 καὶτῶν
1251 4800 1363 4863 ἄλλων
1379 4797 1512 4878 ἀστρων

151 4906 296 4988 στοιχεῖον
319 4901 391 4966 εἶναι
414 4904 466 4987 τὴν
489 4909 551 4988 γῆν.
858 4906 1131 4986 καταλάμπεται.
1150 4905 1271 4986 τετάρτη
1288 4901 1321 4964 δέ
1336 4897 1512 4980 κατελείφθη

859 5006 906 5068 καὶ
930 5007 1011 5090 κοινὴ
1035 5007 1149 5068 πάντων
1172 5008 1191 5090 ἡ
1214 5011 1261 5088 γῆ.
