3710 5730
342 417 384 480 66
809 417 848 464 rv
883 415 932 464 nn
953 413 1054 464 nuru
1072 411 1239 463 runcinus

345 584 496 666 Apollod.
513 583 660 649 biblioth.
678 583 771 650 1873.
795 582 834 647 cl.
858 583 939 646 Mus.
955 580 1057 646 Rhen.
1074 579 1231 645 XXXIII.
1251 578 1289 644 II.
1310 578 1351 644 de
1373 577 1510 643 Rohden
1530 577 1573 643 de
1594 581 1705 645 mundi

341 687 504 752 miraculis
529 685 629 751 Bonn.
649 685 731 749 1875
755 706 786 768 p.
802 681 866 770 46].
901 683 974 747 huic
995 683 1206 766 impostorum
1228 687 1337 746 sectae
1359 681 1554 746 Placitorum
1576 702 1705 765 quoque

341 789 535 874 epitomator
556 787 726 856 addendus
750 795 809 870 est,
833 806 928 868 quem
951 784 1084 850 calculis
1098 783 1141 849 ad
1156 781 1423 848 verlsimilitatem
1438 782 1603 850 subductis
1619 784 1706 850 circa

341 891 481 956 medium
504 891 641 955 alterurn
664 889 829 954 saeculum
854 887 1081 972 compilavisse
1103 885 1247 951 didimus.

427 991 619 1059 Stobaeus
642 991 770 1057 Aetium
793 990 839 1055 ita
864 990 974 1056 diuisit
995 989 1079 1054 inter
1102 995 1253 1070 quattuor
1275 987 1453 1070 anthologii
1476 988 1526 1052 sui
1548 989 1648 1054 libros
1671 995 1707 1054 ut
1826 1057 1827 1078 ,

341 1095 445 1180 primo
469 1094 604 1180 physico
627 1113 733 1178 paene
756 1093 876 1176 omnia,
899 1091 993 1157 alteri
1016 1091 1121 1156 ethico
1143 1109 1242 1154 unum
1263 1089 1403 1155 fortasse
1424 1084 1606 1158 alterumve
1620 1093 1706 1176 capi-

340 1199 456 1282 tulum,
484 1198 579 1262 tertio
604 1195 764 1282 (florilegii
793 1195 891 1278 priori
914 1191 1012 1278 parti)
1039 1192 1134 1274 nihil,
1161 1199 1275 1274 quarto
1298 1191 1459 1278 (florilegii
1486 1193 1580 1258 alteri
1606 1194 1706 1279 parti)

340 1319 461 1384 paucas
490 1301 621 1381 eclogas
647 1297 811 1362 tribueret.
863 1296 1005 1380 physicis
1032 1295 1229 1360 Placitornm
1259 1293 1374 1359 librum
1407 1316 1465 1378 pro
1492 1293 1705 1361 fundamento

340 1402 477 1468 subiecit
498 1401 636 1466 servatis
665 1401 762 1466 etiam
786 1399 928 1482 capitum
952 1399 1140 1480 plerumque
1162 1397 1279 1480 titulis,
1309 1397 1367 1462 sed
1389 1397 1513 1482 ordine,
1535 1405 1570 1462 ut
1591 1399 1708 1464 antho-

325 1505 418 1587 'logii
440 1505 523 1570 ratio
546 1502 683 1586 ferebat,
706 1522 806 1586 saepe
829 1507 962 1566 mutato.
998 1501 1085 1582 qnod
1099 1507 1135 1564 nt
1149 1499 1331 1564 accuratius
1346 1499 1533 1584 perspicias,
1557 1501 1707 1567 conferas

340 1607 438 1673 uelim
461 1606 595 1689 indices,
619 1625 700 1687 quos
722 1603 807 1668 aetii
828 1603 909 1667 libro
937 1601 1152 1685 praefiximus.
1188 1601 1264 1667 inde
1286 1609 1424 1685 apparet
1444 1601 1589 1668 ordinem
1605 1623 1706 1688 saepe

339 1715 496 1774 mutatum
521 1728 603 1792 esse,
626 1707 680 1771 ubi
708 1725 839 1772 causam
861 1703 981 1770 frustra
1003 1703 1211 1785 quaesiveris.
1246 1723 1321 1768 narn
1343 1704 1507 1770 Plutarchi
1529 1705 1607 1771 ordo
1630 1707 1708 1774 licet

339 1811 475 1877 subinde
498 1811 646 1876 turbatus
674 1809 725 1893 sit,
749 1807 781 1872 in
798 1807 982 1872 universnm
1004 1813 1114 1872 tamen
1137 1827 1197 1890 pro
1211 1805 1349 1870 Attiano
1370 1813 1458 1873 recte
1479 1806 1626 1874 adhiberi
1650 1831 1708 1895 po-

338 1913 423 1979 terit.
469 1913 523 1979 vix
556 1910 756 1996 vituperabis
784 1909 892 1993 capita
914 1910 978 1993 περὶ
1002 1909 1073 1971 θεοῦ
1097 1915 1129 1973 et
1156 1906 1273 1972 similia
1300 1907 1475 1991 praecipuo
1501 1909 1573 1976 loco
1599 1914 1709 1995 posita

340 2034 421 2081 esse.
455 2035 530 2080 nam
554 2023 587 2082 et
609 2015 680 2098 ipse
702 2012 857 2093 antiquae
872 2009 946 2076 fidei
964 2009 1108 2076 studiose
1123 2008 1272 2072 addictus
1287 2015 1357 2073 erat
1372 2007 1533 2076 Stobaeus
1556 2012 1706 2080 etlilium

339 2115 539 2202 Septimium,
556 2117 606 2182 cui
623 2114 846 2196 anthologiam
861 2113 1095 2194 destinaverat,
1111 2110 1294 2196 praeceptis
1310 2117 1342 2176 et
1353 2109 1501 2177 doctrina
1511 2113 1555 2178 ad
1566 2114 1704 2182 similem

339 2217 494 2300 pietatem
523 2219 642 2284 ducere
671 2218 831 2302 cupiebat.
883 2236 943 2282 nec
972 2217 1053 2280 latet
1080 2234 1180 2279 eausa
1208 2233 1266 2278 cur
1293 2218 1441 2293 quartum
1471 2215 1556 2280 Attii
1587 2217 1705 2283 librum

340 2318 452 2402 quinto
476 2319 704 2402 postposuerit,
727 2321 847 2404 quippe
869 2318 955 2383 unde
982 2317 1024 2382 ad
1047 2317 1172 2383 ethicas
1199 2334 1276 2380 suas
1303 2315 1434 2397 eclogas
1460 2315 1585 2382 facili0r
1612 2317 1706 2385 fieret

338 2420 502 2486 transitus.

424 2523 462 2588 In
484 2521 564 2607 ipsis
587 2521 746 2606 capitibus
768 2523 1002 2590 concinnandis
1025 2523 1147 2588 maiore
1169 2519 1301 2586 licentia
1323 2527 1490 2602 grassatus
1513 2529 1570 2589 est.
1615 2526 1704 2607 quod

337 2626 369 2690 in
394 2625 550 2708 florilegio
575 2625 781 2692 Bernhardtii
805 2623 948 2712 [Quaest
973 2625 1062 2690 Stob.
1086 2647 1118 2708 p.
1135 2624 1272 2706 24-31,
1295 2621 1377 2689 Mus.
1398 2623 1501 2690 Rhen.
1517 2626 1611 2692 XVII
1626 2627 1704 2716 465]

337 2735 370 2793 et
392 2727 513 2793 Hensei
541 2725 719 2814 [Ritschelii
742 2730 812 2794 Act.
836 2728 896 2794 Ph.
919 2727 956 2794 L.
978 2729 1010 2794 11
1034 2725 1145 2812 lsqq.]
1173 2745 1274 2811 opera
1301 2727 1481 2793 luculenter
1501 2730 1701 2812 patefactum

338 2835 388 2896 est
411 2829 587 2896 Stobaeum
611 2837 781 2914 poetarum
804 2831 899 2897 flores
923 2830 1101 2896 omittendo
1123 2829 1300 2895 traiciendo
1316 2829 1543 2914 interpolando
1566 2832 1608 2897 ad
1631 2834 1706 2898 titu-

294 2913 301 2926 ’
337 2933 440 2996 lorum
464 2931 704 2998 similitudinem
732 2939 898 3015 totumque
926 2932 999 3000 libri
1025 2933 1206 2998 institutum
1233 2929 1482 2998 transformasse
1499 2934 1524 3018 ¹,
1552 2934 1639 3001 idem
1667 2936 1704 3001 in
1825 2944 1826 2947 ’

337 3033 482 3119 physicis
504 3035 604 3099 multo
627 3035 783 3100 audacius
804 3041 836 3102 et
859 3033 1060 3101 constantius
1082 3041 1272 3118 persecutus
1294 3041 1353 3100 est.
1397 3034 1535 3119 primum
1563 3057 1634 3102 cum
1657 3039 1704 3104 ad

336 3135 421 3202 hanc
442 3155 588 3201 normam
605 3143 759 3220 excerpta
775 3137 940 3204 ordinaret
955 3145 990 3204 ut
1006 3137 1109 3222 primo
1125 3135 1280 3221 poeticas,
1303 3143 1370 3202 tum
1386 3139 1554 3221 pedestres
1569 3139 1705 3223 eclogas
1826 3183 1827 3200 ι

336 3244 535 3321 excerperet,
557 3259 623 3302 non
645 3241 746 3305 semel
767 3239 887 3306 iactum
911 3247 970 3324 est,
994 3245 1029 3304 ut
1050 3259 1163 3305 versus
1185 3237 1228 3304 ab
1244 3239 1339 3304 Aeco
1361 3239 1479 3306 citatos
1502 3260 1543 3306 ex
1565 3241 1705 3326 pristina

27 3359 306 3438 f*
334 3340 413 3406 sede
429 3340 559 3406 evulsos
574 3340 710 3423 poeticis
725 3341 890 3409 insereret.
914 3342 961 3408 ita
975 3361 1017 3406 ex
1031 3341 1117 3407 Attii
1132 3343 1179 3407 13
1195 3351 1211 3403 2
1230 3341 1362 3407 Homeri
1378 3362 1506 3408 versum
1520 3351 1553 3410 et
1570 3363 1610 3410 ex
1626 3347 1645 3425 ξ
1660 3349 1700 3410 11

335 3442 491 3509 Heracliti
520 3441 704 3526 opinionem
734 3444 826 3528 quasi
848 3465 978 3511 versum
1001 3443 1109 3510 alieno
1132 3445 1203 3510 leco
1226 3445 1406 3528 proposuit.
1451 3445 1568 3512 accidit
1591 3455 1703 3514 tamen
1825 3476 1826 3479 ¹

335 3544 496 3610 interdum
518 3551 553 3609 ut
575 3545 618 3611 ab
640 3544 786 3612 instituto
809 3567 867 3612 suo
882 3547 1058 3612 recederet.
1093 3553 1160 3612 tum
1184 3568 1260 3613 vero
1283 3547 1457 3613 maximam
1477 3547 1703 3616 difficultatem

334 3645 429 3712 nobis
457 3648 593 3733 peperit,
620 3649 706 3730 quod
729 3647 858 3731 singula
887 3648 1152 3732 philosophorum
1179 3650 1299 3733 placita
1326 3669 1391 3714 non
1419 3649 1560 3732 genuino
1586 3651 1704 3719 ordine

334 3749 393 3814 sed
428 3767 526 3815 caeco
555 3749 693 3833 quodam
721 3771 799 3816 casu
820 3751 935 3816 ductus
958 3752 1148 3818 collocabat.
1183 3752 1259 3836 quid
1282 3752 1366 3817 enirn
1389 3753 1512 3837 retulit,
1541 3773 1597 3818 cur
1618 3752 1704 3820 lva

334 3860 369 3918 ut
397 3853 459 3918 hoc
486 3858 559 3917 utar
590 3853 759 3936 opiniones
786 3853 832 3919 sic
861 3861 1060 3938 perverteret
1084 3867 1106 3918 1.
1126 3865 1150 3918 3.
1169 3867 1194 3917 4.
1214 3863 1238 3916 2.
1257 3867 1282 3918 7.
1302 3865 1326 3918 8.
1346 3855 1385 3920 6?
1407 3875 1450 3921 an
1472 3855 1526 3938 qui
1553 3855 1611 3921 illa
1638 3857 1705 3940 pri-

335 3975 405 4020 mus
433 3955 612 4038 composuit
640 3975 712 4020 eum
741 3962 862 4023 temere
888 3963 987 4040 atque
1009 3956 1221 4040 incomposite
1245 3962 1398 4042 tanquam
1421 3959 1507 4024 talos
1530 3956 1704 4041 opiniones

334 4057 507 4141 proiecisse
536 4057 711 4123 arbitratus
741 4057 814 4123 est?
843 4057 948 4124 fateor
972 4077 1023 4124 me
1046 4058 1245 4142 aliquamdiu
1266 4059 1300 4124 in
1324 4061 1439 4127 eodem
1461 4067 1569 4128 errato
1588 4060 1704 4128 fuisse.

334 4180 411 4224 mox
433 4158 614 4225 accuratius
636 4159 774 4226 intuenti
797 4160 965 4225 eonsilium
988 4161 1101 4245 patuit.
1129 4161 1170 4228 de
1192 4161 1354 4246 prioribus
1368 4162 1528 4246 capitibus
1543 4164 1704 4230 velutl3

331 4259 418 4326 infra
448 4261 630 4327 accuratius
662 4262 786 4328 videro.
832 4263 890 4328 sed
917 4263 1031 4328 Aetius
1059 4263 1135 4328 dum
1164 4263 1311 4348 procedit
1339 4283 1378 4330 ao
1401 4264 1505 4347 magis
1531 4263 1704 4349 magisque

334 4383 450 4448 purum
473 4363 670 4430 Placitorum
693 4363 815 4430 fontem
843 4365 1001 4449 sequitur,
1027 4364 1183 4448 paulatim
1211 4373 1300 4432 certa
1327 4365 1487 4449 quaedam
1514 4367 1597 4432 ratio
1625 4387 1704 4434 con-

331 4465 423 4531 stitit.
463 4465 642 4532 rectissime
665 4467 751 4532 enim
774 4487 839 4532 non
862 4487 902 4532 ex
926 4465 1193 4551 philosophorum
1214 4468 1408 4552 nominibus,
1432 4469 1491 4534 sed
1513 4489 1554 4534 ex
1576 4469 1705 4553 opinio-

332 4587 409 4631 num
433 4567 625 4650 cognatione
647 4569 921 4637 continuationem
944 4569 1107 4654 quandam
1129 4569 1276 4636 instituit.
1313 4591 1492 4655 proponam
1517 4572 1703 4654 e.g.ll13

329 4671 394 4754 aspi
418 4670 518 4740 οὐσίας
540 4669 662 4756 ἄστρων.

415 4775 432 4836 1
471 4771 571 4858 Θαλῆς
592 4776 689 4857 γεώδη
713 4822 771 4838 ...
795 4775 930 4862 ἔμπυρα

402 4995 409 5022 ¹
430 4997 556 5046 nonnulla
575 5000 652 5047 etlam
671 4999 732 5046 olim
752 4999 908 5062 interpolata
925 5001 1025 5048 invenlt
1044 5001 1075 5048 cs.
1097 4999 1164 5049 Mus.
1183 5001 1265 5060 ltheq.
1285 5001 1365 5052 XXX
1388 4997 1460 5052 180¹.
