3756 5736
311 344 373 408 184
579 350 641 398 XVI
679 350 728 398 DE
749 350 850 399 nuru
869 311 1106 400 PirACl'l'ORUM
1126 349 1397 402 COMPOSITIONE

310 532 429 578 nomen
452 513 587 580 inditum
610 523 691 600 erat,
714 537 771 582 sex
793 517 835 582 de
856 516 1124 600 philosophorum
1148 517 1353 600 opinionibus
1375 517 1475 584 libros
1496 519 1503 550 ¹
1527 517 1671 606 infuisse,

310 635 444 698 quornm
473 624 698 700 argumentum
724 617 923 700 Augustinus
954 618 1056 702 praef.
1080 619 1124 684 ad
1151 618 1277 686 haeres.
1300 619 1343 684 ad
1371 618 1671 697 Quoddeusvultum
1752 617 1756 622 ’

311 715 357 782 sie
379 717 597 784 adumbravit:
633 721 800 802 Opiniones
823 723 957 784 omnium
978 723 1230 802 pbilosophorum
1252 725 1305 804 qni
1318 731 1420 786 aeolos
1434 725 1543 788 nomas
1558 727 1671 790 eondi-

271 879 292 914 ·
311 819 421 882 derunt
447 840 542 903 nsque
569 824 612 885 nd
639 833 778 904 temporo
806 843 865 886 ena
892 829 1005 906 (neque
1034 826 1113 886 enirn
1133 825 1205 904 plne
1225 830 1363 905 poterat)
1390 843 1447 887 aaa
1473 845 1536 890 non
1562 832 1672 910 perois

310 924 516 986 voluminibus
539 925 663 1005 qnidam
679 927 785 989 Celsus
808 926 949 989 absolvit.
984 946 1041 989 nee
1061 927 1223 1007 redorqne't
1241 929 1376 1009 aliquem
1396 928 1452 990 sed
1466 937 1583 993 tantan
1598 932 1674 1012 qnid

310 1029 437 1090 sentiret
460 1028 583 1107 apernit
605 1047 643 1090 ea
665 1029 814 1092 brevitate
836 1031 988 1094 sermonis
1017 1039 1049 1095 nt
1071 1037 1188 1091 tantum
1210 1029 1368 1094 adhiberet
1390 1031 1505 1112 eloquii
1525 1041 1673 1113 qnantum

311 1132 358 1192 rei
385 1149 441 1193 nee
464 1131 645 1194 laudandae
666 1151 722 1194 nea
744 1131 971 1212 vituperandae
997 1150 1054 1193 nee
1076 1132 1285 1212 affirmandae
1307 1142 1360 1196 ant
1383 1133 1596 1214 defendendae
1617 1135 1673 1198 sed

312 1233 501 1314 aperiendae
522 1233 771 1315 indicandaeque
793 1234 961 1314 nnffieeret,
991 1253 1060 1296 anm
1078 1235 1176 1314 ferme
1198 1243 1317 1298 eentum
1341 1235 1542 1316 philosophos
1570 1239 1671 1300 nomi-

311 1346 415 1398 nasset
438 1356 566 1418 qnorum
588 1355 651 1399 non
671 1355 775 1398 omnes
790 1338 985 1399 instituerunt
1007 1336 1150 1399 barrem
1170 1338 1335 1418 propriae:
1358 1338 1504 1420 qnoniam
1525 1359 1582 1402 nea
1602 1341 1674 1402 illae

314 1440 462 1503 tenendos
483 1439 614 1520 pnloon't,
637 1441 689 1520 qni
710 1458 785 1502 enos
805 1441 971 1520 mnqiatros
992 1439 1058 1501 sine
1079 1440 1145 1502 nlla
1168 1439 1358 1504 annaniae
1379 1441 1476 1530 secuti
1496 1451 1577 1504 ennt.

398 1540 472 1606 Non
496 1561 592 1605 ovum
616 1560 677 1606 ovo
701 1539 836 1604 similius
858 1559 954 1622 quam
972 1537 1085 1604 Celsus
1107 1540 1244 1606 uetustis
1266 1539 1408 1606 Planitis.
1442 1540 1595 1608 librorum
1618 1565 1674 1608 nu-

313 1662 431 1726 moms‚
453 1648 598 1707 nostram
620 1641 779 1708 rationem
802 1641 829 1707 si
852 1641 1007 1726 sequaris,
1030 1641 1127 1726 idem,
1149 1642 1265 1708 eadem
1279 1641 1443 1708 iudieandi
1465 1642 1583 1725 nautio,
1605 1645 1675 1712 bro

303 1733 397 1812 'ritas
419 1745 575 1812 sermonis
597 1745 722 1829 eadem,
745 1743 813 1809 fere
834 1743 920 1810 idem
943 1743 1083 1827 donique
1105 1742 1371 1828 philosophorum
1393 1765 1554 1812 numerus.
1597 1767 1672 1814 nam

313 1869 353 1914 ex
375 1847 470 1912 Aetio
497 1867 582 1913 nune
609 1852 781 1932 supersunt
810 1845 853 1910 ad
873 1844 948 1930 XO,
978 1847 1088 1930 plures
1116 1846 1191 1911 olim
1221 1845 1322 1914 inisse
1352 1847 1462 1930 utique
1492 1847 1671 1932 probabile.

312 1970 419 2034 noque
439 1969 606 2015 numerum
629 1948 695 2013 alia
717 1949 843 2014 ratione
865 1947 960 2014 iaoile
982 1947 1166 2032 assequaris
1189 1948 1251 2014 nisi
1267 1967 1331 2032 qua
1346 1948 1473 2015 Planita
1487 1949 1673 2036 abutuntur,

313 2058 348 2117 ut
374 2073 440 2116 non
469 2050 654 2137 philosophi
682 2050 792 2136 modo,
824 2051 883 2117 sed
905 2051 1003 2116 etiam
1026 2049 1245 2116 mathematioi
1267 2050 1383 2118 merlini
1406 2052 1608 2134 grammatioi
1628 2053 1674 2119 in·

314 2153 458 2224 eredibili
481 2151 650 2236 diligentia
677 2153 710 2216 in
736 2171 867 2218 censum
888 2159 1046 2218 vooentur
1067 2170 1128 2216 neo
1149 2151 1276 2220 nobiles
1299 2153 1395 2220 modo
1418 2153 1476 2219 sed
1499 2153 1597 2220 etiem
1619 2155 1675 2220 mi·

313 2277 427 2322 norum
450 2256 594 2339 gentium
617 2261 650 2320 et
673 2272 753 2336 quos
776 2255 844 2318 alta
867 2253 987 2320 obliuio
1010 2252 1128 2338 premit
1149 2261 1347 2340 premetque.
1384 2255 1471 2322 Celsi
1494 2276 1576 2340 opus
1597 2277 1673 2322 num

311 2357 418 2440 logion
439 2365 472 2424 et
494 2357 602 2424 ethiea
623 2355 767 2438 attigerit
789 2354 973 2437 ambiguum
997 2355 1155 2422 rideatur.
1200 2355 1258 2422 sed
1281 2357 1309 2422 si
1330 2357 1527 2426 Plaeitorum
1549 2366 1674 2426 tantam

312 2459 555 2526 similitudinem
580 2456 776 2540 adgnoveris
798 2455 953 2541 physieos
975 2457 1062 2524 solos
1084 2477 1218 2540 quorum
1241 2459 1417 2543 praeeipue
1438 2459 1515 2526 iude
1536 2460 1675 2528 aTheo·

312 2563 447 2648 phrasto
462 2561 495 2626 in
511 2561 601 2626 libris
613 2558 797 2643 agitabatur
808 2557 990 2642 diversitas,
1005 2563 1163 2624 tractatos
1174 2560 1324 2628 aonieies.
1348 2560 1446 2644 quid?
1461 2561 1490 2628 si
1501 2561 1674 2645 Augustini

312 2665 486 2748 desumptio
509 2663 552 2728 ad
567 2662 720 2728 amussim
735 2661 779 2726 ad
794 2660 935 2743 genuina
949 2659 1078 2726 Planita
1092 2699 1134 2709 -
1148 2680 1224 2727 nam
1243 2661 1329 2728 Astii
1352 2657 1586 2748 supplementa
1600 2665 1675 2733 hina

313 2787 442 2852 qaoque
459 2767 590 2832 diversa
604 2763 696 2830 vides
712 2799 754 2810 -
770 2763 917 2847 quadrat,
940 2782 1048 2829 nonne
1065 2761 1194 2828 Celsum
1209 2763 1324 2829 eadem
1340 2767 1478 2832 materia
1493 2787 1586 2832 usum
1601 2787 1675 2834 esse

310 2859 508 2938 uerisimile?
529 2866 703 2934 absurdum
727 2865 812 2930 enim
836 2870 885 2930 est
908 2864 1043 2929 latinum
1060 2864 1249 2948 scriptorem
1265 2885 1305 2932 ae
1319 2869 1510 2952 praesertim
1525 2871 1675 2934 mediam

312 2977 411 3036 airum
426 2973 548 3054 inqenio
564 2965 682 3056 [Quint.
695 2969 760 3034 XII
773 2969 812 3033 11
826 2963 871 3054 24]
887 2987 944 3032 suo
961 2965 1022 3032 sibi
1037 2965 1155 3033 sudoro
1170 2967 1250 3032 talia
1266 2970 1499 3054 eoaquisiuisse
1513 2970 1672 3037 arbitrari.

398 3075 536 3138 Tantum
566 3069 778 3156 probabiliter
805 3069 962 3154 suspicari
991 3068 1076 3134 lieet.
1120 3068 1162 3134 de
1191 3076 1300 3138 aetate
1335 3077 1443 3138 autem
1472 3079 1673 3139 vetustorum

312 3175 507 3241 Plneitorum
530 3193 610 3241 cave
633 3192 676 3239 ne
700 3191 740 3236 ex
763 3170 860 3237 (laiso
883 3170 1058 3254 quidquam
1081 3170 1266 3237 eoueludas.
1304 3175 1394 3239 velut
1416 3174 1443 3240 si
1465 3169 1674 3241 Xenarchum

311 3278 456 3344 ultimum
479 3277 512 3342 in
527 3276 621 3341 Aetio
644 3272 872 3359 philosophum
895 3273 928 3337 in
951 3271 1170 3339 testimonium
1192 3292 1300 3358 voees,
1325 3274 1379 3358 qui
1400 3274 1484 3342 iusto
1500 3275 1673 3343 intervallo

311 3401 332 3446 a
354 3380 447 3446 latini
469 3378 634 3462 seriptoris
656 3383 766 3443 aemio
788 3375 895 3441 distat.
929 3374 1014 3441 herii
1038 3375 1167 3458 quidem
1190 3375 1310 3441 mentio
1330 3377 1578 3459 agenuinorum
1603 3379 1674 3444 Pla-

311 3483 446 3548 eitorum
471 3480 575 3546 forma
602 3479 690 3544 haud
717 3476 851 3544 recedit:
885 3476 930 3542 IV
951 3478 970 3542 3
994 3486 1025 3538 10
1055 3478 1202 3564 Ξέναρχος
1230 3481 1246 3541 ὁ
1270 3477 1497 3564 Περιπατητικὸς
1526 3481 1576 3544 καί
1601 3503 1673 3552 τινες

311 3586 404 3670 ἕτερον
426 3589 478 3668 τῆς
501 3583 590 3668 αὐτῆς
612 3580 752 3666 αἱρέσεως
778 3581 831 3663 τὴν
863 3579 936 3643 κατὰ
962 3581 995 3641 τὸ
1018 3577 1093 3649 εἶδος
1120 3581 1287 3664 τελειότητα
1316 3582 1364 3645 καὶ
1391 3582 1570 3667 ἐντελέχειαν
1598 3581 1668 3646 καθ’

310 3688 416 3772 ἑαυτὴν
440 3685 528 3750 οὖσαν
551 3685 612 3767 ἅμα
635 3686 682 3748 καὶ
706 3684 779 3767 μετὰ
800 3687 852 3746 τοῦ
875 3685 1011 3766 σώματος
1033 3681 1269 3766 συντεταγμένην.
1313 3689 1348 3747 at
1374 3681 1459 3748 subit
1485 3683 1595 3748 mirari
1618 3704 1674 3749 our

312 3808 352 3854 ea
374 3787 493 3870 opinio,
516 3805 601 3871 quae
622 3785 664 3850 ab
681 3784 878 3852 Aristotelea
900 3783 945 3850 IV
961 3787 980 3850 2
998 3796 1013 3849 6
1032 3785 1200 3869 proposita
1221 3805 1287 3849 non
1310 3786 1445 3850 multum
1468 3785 1674 3870 diversant,

311 3888 508 3956 adversariis
529 3888 617 3952 illius
639 3887 852 3971 adgregetur,
880 3885 996 3970 quibus
1026 3885 1150 3969 priores
1178 3885 1319 3966 dilucide
1347 3887 1483 3971 seriptor
1512 3887 1673 3972 opposuit.

311 4011 386 4056 nem
403 3994 422 4057 3
446 4001 457 4054 l
482 3989 572 4069 οὗτοι,
594 3989 707 4074 inquit,
723 3992 827 4060 πάντες
843 3991 870 4054 αἱ
886 3989 1109 4074 προτεταγμένοι
1132 3987 1172 4073 (o.
1189 3991 1208 4054 2
1225 3985 1306 4072 1—8)
1330 3991 1485 4074 ἀσώματον
1507 3991 1559 4074 τὴν
1575 3991 1672 4076 ψυχὴν

311 4093 494 4158 ὑποτίθενται
516 4093 601 4178 φύσιν
624 4091 753 4175 λέγοντες
775 4091 961 4174 αὐτοκίνητον
983 4091 1031 4154 καὶ
1054 4089 1153 4156 οὐσίαν
1176 4095 1282 4179 νοητὴν
1305 4093 1353 4156 καὶ
1375 4097 1426 4156 τοῦ
1448 4097 1572 4178 φυσικοῦ
1591 4093 1673 4178 ὄργα-

311 4199 391 4258 νικοῦ
415 4196 493 4279 ζωὴν
516 4193 635 4280 ἔχοντος
657 4195 847 4279 ἐντελέχειαν.
883 4212 960 4275 ergo
976 4191 1122 4275 suspicor
1136 4193 1344 4262 Xenarohum
1363 4213 1404 4260 ex
1419 4193 1504 4259 Aonii
1519 4195 1675 4260 memoria

310 4295 456 4362 additum
489 4317 561 4364 esso
591 4316 696 4380 neque
729 4295 782 4380 qui
816 4315 947 4362 oausam
981 4293 1260 4380 oireumspexerit,
1293 4295 1455 4380 probabili
1482 4301 1673 4379 argumento

310 4399 503 4464 destituetur
518 4399 571 4482 [of.
589 4419 688 4484 supra
709 4421 740 4482 p.
758 4399 843 4481 1351.
866 4417 942 4464 nam
958 4395 1195 4480 Peripatetieae
1210 4397 1420 4464 institutionis
1435 4403 1564 4464 exstant
1579 4416 1675 4479 quao-

310 4501 385 4566 dam
408 4501 547 4585 vestigia
569 4508 667 4586 atque
688 4499 818 4568 omnino
841 4499 899 4565 illa
921 4499 961 4566 de
977 4499 1125 4566 sensibus
1147 4497 1255 4584 nepita
1269 4499 1314 4564 IV
1329 4501 1435 4564 8-18
1455 4499 1488 4564 in
1510 4497 1672 4566 ranarum

385 4740 392 4771 ¹
415 4743 484 4807 apud
502 4743 609 4794 Suidam
632 4752 671 4794 est
693 4737 811 4800 Κτλαῖνας
834 4739 956 4811 Εὔδώραα
980 4737 1162 4812 Κασταβαλτὺς
1187 4740 1319 4812 φιλόσοφος
1343 4742 1435 4812 ἔγραψε
1463 4739 1609 4810 συναγωγὴν
1633 4738 1672 4790 δα-

309 4831 411 4898 γμ.άτων
424 4830 504 4898 πάσης
517 4828 634 4897 αἱρέσεως
647 4827 790 4898 φιλοσόφον.
816 4832 935 4882 Celsinus
954 4834 996 4894 qni
1017 4833 1095 4882 bomo
1114 4834 1190 4882 luerit
1209 4835 1329 4882 nescitur.
1356 4834 1451 4884 frustra
1470 4833 1576 4884 vexavit
1592 4844 1671 4900 'quos-

310 4919 369 4967 dam
389 4917 457 4967 Celsi
477 4919 626 4970 similitudo.
