3648 5736
358 376 422 441 568
687 377 882 428 HIPPOLYTI
901 376 1264 430 PHILOSOPHUMENON
1287 375 1318 428 19
1330 385 1401 424 σ-ισ

372 557 387 608 1
406 547 455 609 τὸν
479 549 527 612 διὰ
548 550 663 612 πάντων
684 547 876 633 κεχωρηκότα
891 547 1090 630 ἀποφαίνεται.
1220 549 1247 609 οἱ
1263 547 1295 610 δὲ
1311 548 1358 611 καὶ
1376 548 1501 616 πολλοὺς
1516 546 1674 630 ἀορίστους,

409 650 478 714 όταν
501 651 588 733 λέγῃ·
618 649 697 713 (θεοὶ
721 650 813 728 θεῶν,
843 651 884 713 ἀιν
912 650 971 732 ἐγὼ
998 651 1170 734 δημιουργός
1196 673 1228 713 τε
1256 651 1305 713 ιιαί
1335 647 1458 734 πατήρ.
1502 651 1528 712 oi
1564 651 1599 712 δὲ
1630 651 1674 712 καὶ

411 752 601 836 ὡρισμένους,
631 753 699 817 όταν
726 753 813 834 λέγῃ·
838 751 870 816 ‘i
894 753 946 834 μέν
970 753 1007 836 δὴ
1032 753 1120 835 μέγας
1150 752 1181 816 έν
1211 751 1326 837 οόρανῷ
1355 750 1430 822 zebe
1459 753 1568 838 πτηνδν
1599 752 1675 836 ἅρμα

377 864 394 918 8
412 853 551 920 έλαύνων’
585 855 633 918 καὶ
657 854 725 918 όταν
746 855 904 937 γενεαλογῇ
924 857 991 925 τοῦς
1014 853 1148 940 Οὐρανοῦ
1170 855 1276 924 παῖδας
1298 856 1345 919 καί
1369 853 1440 938 Γῆς.
1596 858 1624 918 οἱ
1646 857 1675 918 δὲ

410 959 609 1042 συστήσασθαι
632 959 684 1040 μέν
706 957 794 1022 αὐτόν
817 957 903 1028 θεοδς
925 959 1060 1044 γενητοὺς
1082 959 1130 1021 καί
1153 957 1201 1020 διὰ
1224 957 1275 1039 μδν
1298 959 1331 1020 τδ
1353 956 1526 1040 γεγενῆσθαι
1561 961 1700 1028 πάνταςι

414 1062 519 1130 αὐτοὺς
541 1061 689 1146 φθαρῆναι
712 1061 839 1144 ἀνάγκην
863 1058 957 1147 ἔχειν,
984 1061 1031 1124 διὰ
1054 1061 1087 1124 δὲ
1108 1059 1161 1143 τὴν
1185 1058 1321 1144 βοίιλησιν
1343 1063 1394 1122 τοῦ
1418 1059 1489 1122 θεοῦ
1512 1061 1675 1130 ἀθανάτους

412 1163 495 1241 εἶναι,
517 1163 589 1249 ένῷ
613 1163 750 1248 προσθείς
773 1162 865 1246 λέγει·
883 1164 962 1228 (θεοὶ
985 1164 1079 1241 θεῶν,
1104 1163 1144 1225 ὦν
1168 1162 1226 1244 ἐγὼ
1249 1160 1423 1246 δημιουργός
1444 1184 1476 1224 τε
1498 1164 1546 1226 καί
1571 1168 1676 1248 πατήρ,

415 1267 506 1332 ἀλυτα
529 1268 602 1350 ἐμοῦ
625 1290 658 1350 γε
680 1265 844 1344 θέλοντυς’,
867 1270 908 1336 ιθς
923 1267 957 1330 ἀν
972 1265 998 1329 εἰ
1013 1265 1138 1349 λυθῆναι
1152 1265 1227 1328 αῦτόι
1243 1263 1333 1342 θέλει,
1357 1265 1464 1348 ῥηιδίως
1478 1267 1676 1350 λυθησόμενα.

379 1379 394 1432 9
457 1369 602 1452 δαιμόνων
625 1369 658 1431 δὲ
679 1369 779 1454 φύσεις
801 1368 989 1454 ἀποδέχεται,
1011 1369 1059 1432 καί
1081 1369 1148 1438 τοδς
1164 1369 1216 1450 μὲν
1232 1365 1360 1449 ἀγαθοὺς
1375 1365 1449 1432 εἶναί
1463 1391 1551 1452 φησιν
1569 1371 1676 1442 αὐτῶν,

363 1481 394 1534 10
413 1473 480 1542 τοὺς
496 1473 528 1534 δέ
544 1471 682 1555 φαύλους.
812 1472 860 1536 καί
883 1473 935 1555 τὴν
958 1473 1056 1556 ψυχὴν
1079 1473 1106 1534 οἱ
1130 1471 1181 1554 μέν
1203 1491 1290 1554 φασιν
1312 1469 1400 1533 αἰντδν
1423 1469 1561 1555 ἀγένητον
1585 1474 1674 1556 λέγειν
1692 1495 1709 1532 ιι

409 1575 457 1638 καὶ
473 1573 633 1658 ἄφθαρτον,
649 1573 717 1636 ὅταν
732 1574 817 1658 λέγῃ·
837 1574 933 1658 ιψυχὴ
949 1577 1030 1637 πᾶσα
1045 1574 1200 1650 ἀθάνατος,
1222 1574 1255 1636 τό
1270 1575 1324 1656 γάρ
1340 1573 1500 1656 ἀεικίνητον
1515 1573 1672 1638 ἀθάνατοά

412 1678 461 1741 καὶ
485 1679 553 1741 όταν
578 1675 764 1759 αὐτοκίνητον
787 1675 877 1758 αὐτὴν
900 1677 1077 1760 ἀποδεικνύῃ
1100 1677 1149 1740 καί
1165 1676 1260 1761 ἀρχὴν
1278 1677 1426 1758 κινήσεως.
1465 1678 1491 1739 οἱ
1508 1678 1541 1740 δὲ
1556 1680 1676 1762 γενητὴν

415 1779 478 1862 μέν,
501 1778 651 1864 ἄφθαρτον
674 1779 707 1841 δὲ
728 1779 776 1842 διὰ
797 1779 850 1861 τὴν
872 1783 923 1842 τοῦ
947 1779 1017 1843 θεοῦ
1041 1779 1189 1865 βούλησιν.
1226 1780 1253 1842 οἱ
1275 1778 1308 1841 δέ
1330 1777 1467 1842 σύνθετον
1488 1781 1536 1842 καὶ
1556 1783 1677 1864 γενητὴν

411 1883 460 1946 καί
482 1881 630 1967 φθαρτήν·
653 1881 701 1944 καὶ
724 1881 778 1965 γὰρ
801 1886 931 1966 κρατῆρα
952 1883 1042 1967 αὐτῆς
1065 1881 1256 1946 ὑποτίθεσθαι
1288 1881 1337 1943 καὶ
1367 1885 1454 1964 σῶμα
1481 1883 1574 1966 αὐτὴν
1599 1881 1674 1968 ἔχειν

363 1997 392 2048 11
414 1983 571 2068 αἰιγοειδές,
603 1984 637 2047 τδ
668 1984 701 2047 δὲ
731 1985 882 2068 γενόμενον
911 1989 968 2048 πᾶν
998 1986 1124 2069 ἀνάγκην
1154 1983 1233 2071 ἔχειν
1264 1983 1422 2068 φθαρῆναι.
1584 1988 1612 2049 oi
1645 1988 1675 2050 δὲ
1691 2007 1709 2042 ιι

410 2088 555 2152 ἀθάνατον
578 2087 669 2170 αὐτὴν
692 2085 764 2150 εἶναι
786 2087 916 2171 λέγοντες
939 2089 1063 2171 μαλιστα
1086 2087 1204 2157 ἐκείνοις
1228 2085 1432 2171 ἰσχυρίζονται,
1454 2086 1511 2170 (έν)
1526 2088 1608 2158 όσοις
1630 2090 1674 2152 καὶ

410 2191 516 2274 κρίσεις
538 2189 626 2274 φησὶν
649 2187 721 2252 εἶναι
745 2189 818 2271 μετὰ
839 2191 974 2274 τελευτὴν
1001 2193 1049 2254 καὶ
1080 2191 1110 2254 ἐν
1132 2187 1230 2254 Ἅιδου
1257 2191 1444 2272 δικαστήρια,
1473 2191 1521 2254 καί
1543 2192 1599 2262 τάς
1626 2191 1674 2273 μέν

413 2292 526 2375 ἀγαθὰς
560 2292 673 2374 ἀγαθοῦ
708 2291 816 2374 μισθοῦ
849 2296 1014 2380 τυγχάνειν,
1051 2295 1102 2365 τοίς
1135 2294 1168 2356 δέ
1204 2293 1332 2376 πονηρὰς
1368 2292 1540 2356 ἀκολούθοιν
1579 2295 1675 2358 δικῶν.

363 2405 394 2458 12
455 2396 528 2464 τινές
550 2395 601 2478 μὲν
625 2392 675 2458 οῦν
697 2417 768 2480 φασι
791 2397 840 2460 καὶ
863 2398 1121 2480 μετενσωμάτιοσιν
1144 2396 1231 2460 αὐτὸν
1247 2397 1397 2477 ὁμολογεῖν
1424 2396 1472 2460 καί
1496 2395 1675 2483 μεταβαίνειν

409 2499 460 2568 τὰς
488 2498 584 2584 ψυχὰς
611 2497 773 2582 ὡρισμένας
802 2496 890 2568 οῦσας
917 2499 1007 2570 ἄλλας
1033 2499 1074 2570 εἰς
1100 2499 1175 2562 άλλα
1203 2501 1326 2580 σώματα
1351 2496 1413 2562 κατ’
1441 2498 1523 2568 ἀέίαν
1550 2501 1673 2582 ἑκάστην
1688 2516 1707 2554 τι

410 2602 464 2666 καί
482 2603 557 2665 κατά
578 2624 655 2672 τινας
677 2603 828 2685 περιόδους
855 2603 1018 2686 ὡρισμένας
1040 2601 1265 2684 ἀναπέμπεσθαι
1293 2601 1334 2670 εἰς
1360 2606 1461 2665 τοῦτον
1488 2604 1538 2667 τδν
1568 2604 1673 2685 κόσμον

361 2712 393 2766 13
412 2706 497 2768 πολιν
520 2709 620 2788 πεῖραν
642 2702 836 2789 παρεξομένας
857 2709 910 2789 τῆς
932 2706 1043 2768 ἑαυτῶν
1066 2705 1272 2788 προαιρέσεως.
1428 2707 1456 2767 oi
1479 2707 1511 2768 δὲ
1534 2704 1581 2782 οῦ,
1603 2705 1674 2770 ἀλλά

411 2809 499 2872 τόπον
521 2807 674 2892 λαγχάνειν
697 2805 762 2870 κατ’
790 2805 871 2876 ἀξίαν
894 2807 1099 2890 ἑκάστην,καί
1122 2812 1250 2892 χριῖινται
1274 2809 1432 2892 μαρτυρίιρ,
1456 2808 1499 2872 ότι
1515 2810 1589 2893 φησί
1606 2809 1674 2892 μετά

411 2911 479 2980 Διός
501 2933 578 2979 τινας
600 2909 683 2988 εἰναι,
705 2909 810 2980 ἀλλους
832 2910 865 2973 δὲ
888 2911 961 2992 μετὰ
975 2910 1072 2982 ἀλλων
1089 2912 1166 2974 θεῶν
1182 2913 1465 2994 συμπεριπολυῦντας
1479 2915 1538 2975 τῶν
1555 2913 1673 2996 ἀγαθῶν

411 3015 539 3097 ἀνδρῶν,
569 3012 636 3082 τοὺς
665 3013 698 3075 δὲ
727 3012 757 3074 έν
784 3013 935 3076 κολάσεσιν
958 3014 1097 3098 ὑπάρχειν
1123 3013 1265 3091 αἰωνίοις,
1292 3013 1355 3077 ὅσοι
1382 3013 1495 3096 πονηρὰ
1517 3015 1566 3078 καὶ
1589 3015 1672 3078 ἄδικα
1687 3031 1706 3068 τε

363 3127 394 3178 11
415 3116 494 3202 παρὰ
519 3119 619 3178 τοῦτον
647 3116 696 3178 τδν
723 3116 784 3200 βίον
813 3115 884 3178 εἰσὶν
915 3113 1135 3200 ἐξειργασμένοι.
1288 3117 1358 3200 φασί
1387 3117 1420 3178 δέ
1447 3115 1536 3180 αῦτδν
1563 3117 1601 3181 τὰ
1628 3117 1675 3198 μὲν

414 3219 510 3302 άμεσα
533 3217 635 3301 λέγειν,
657 3217 694 3280 τὰ
716 3217 749 3280 δὲ
771 3215 895 3301 έμμεσα,
918 3217 954 3280 τό
976 3219 1009 3282 δὲ
1032 3218 1107 3300 μέσα
1128 3223 1187 3282 τῶν
1209 3221 1396 3302 πραγμάτων.
1440 3219 1611 3305 ἐγρήγορσιν
1626 3220 1674 3302 μὲν

414 3324 462 3388 καί
485 3323 572 3386 ῦπνον
594 3319 689 3402 ἀμασα
711 3319 759 3383 καί
782 3321 837 3385 ὅσα
858 3325 989 3385 τοιαῦτα·
1020 3319 1135 3404 έμμεσα
1163 3321 1196 3384 δέ
1224 3321 1284 3385 οἷον
1314 3321 1412 3403 ἀγαθά
1435 3323 1483 3386 καὶ
1505 3325 1598 3388 κακά·
1628 3322 1672 3384 καί

362 3435 395 3491 15
415 3427 500 3512 μέσα,
522 3425 583 3489 οίον
605 3428 656 3487 τοῦ
679 3426 784 3487 λευκοῦ
806 3425 855 3488 καί
879 3423 1001 3507 μέλανος
1016 3425 1048 3488 τδ
1063 3423 1149 3508 φαιόν
1165 3422 1185 3508 ἥ
1199 3447 1226 3486 τι
1241 3422 1312 3488 ἄλλο
1328 3429 1446 3510 χρῶμα.
1579 3425 1673 3510 ἀγαθὰ

360 3585 483 3594 ».----
495 3583 560 3590 ....-—-
1069 3581 1162 3588 ——-0--
1174 3581 1271 3588 --0-——0

363 3669 374 3722 1
404 3667 532 3736 ἀορίστους
557 3667 647 3717 eodm
675 3663 795 3732 ἀορίστως
817 3659 908 3730 librili
928 3661 944 3714 2
963 3657 1017 3712 θεολ
1069 3665 1145 3716 Οεάτ.
1170 3659 1185 3732 11
1208 3662 1239 3715 1⁶2
1257 3665 1376 3734 γεννητὴν
1398 3665 1443 3716 καὶ
1465 3661 1597 3734 ἄφθαρτον
1619 3666 1687 3718 Οαάι.
1704 3657 1714 3724 11

360 3759 436 3809 Plato
449 3757 517 3806 Tim.
530 3753 605 3816 411,
625 3754 714 3804 eodm
733 3747 790 3809 θεός
808 3763 834 3802 ετ
852 3753 894 3803 hio
912 3753 1017 3802 etiaim
1072 3751 1103 3804 13
1120 3752 1240 3822 γεννητὴν
1258 3753 1301 3805 καὶ
1319 3749 1434 3823 φθαρτὴν
1452 3753 1496 3804 καί
1514 3750 1590 3805 πάλιν
1607 3750 1714 3806 ἀθάνατον

360 3863 374 3894 v
404 3844 419 3896 ‘i
446 3843 504 3894 libri
528 3843 559 3892 ei.
582 3839 686 3905 [Philo]
715 3841 746 3890 de
769 3843 910 3905 incorrupt.
928 3839 1016 3890 mund.
1069 3841 1158 3891 Gedm
1181 3836 1344 3893 ὑποτίθεσθαι
1366 3842 1426 3894 ΒΤι
1450 3838 1597 3894 ὑποτίθεται
1620 3836 1713 3906 01114

359 3949 384 3998 ρ.
394 3928 460 3992 223,
482 3928 514 3980 10
532 3929 610 3979 Bem.
630 3924 644 3995 11
665 3924 832 3978 2ι1ινοαι1ι.ι
852 3943 904 3976 om.
923 3926 981 3977 iibri
1002 3922 1014 3994 ΙΙ
1069 3930 1183 3997 κρατῆρα
1201 3929 1268 3980 Tim.
1281 3928 1312 3980 41
1325 3945 1342 3980 υ
1358 3927 1371 3996 11
1388 3929 1420 3982 15
1439 3933 1488 3980 πᾶν
1498 3931 1582 3982 οια.Β
1594 3927 1713 3998 ”Mum

359 4015 376 4070 3
404 4015 464 4085 λέγῃ
493 4014 697 4068 Ρ1ιιιει1ι.246ιτ
723 4016 766 4066 υθέ
791 4023 878 4066 nostra
897 4017 1016 4081 exempla
1068 4013 1129 4067 εἶναι
1144 4018 1167 4067 Τ
1181 4018 1211 4068 cf.
1233 4018 1284 4070 πθ
1305 4013 1318 4083 11
1341 4017 1373 4072 16
1388 4015 1476 4070 ἰκτῖνοι
1495 4016 1656 4087 ἰσχυρίζονται
1672 4011 1714 4062 όσοι

359 4103 461 4172 ἡγιμθιν
471 4113 529 4170 post
541 4103 618 4170 μέγας
631 4104 762 4154 exhibent.
776 4106 852 4153 etiam
861 4103 1016 4154 Plutarchus
1069 4105 1140 4155 iibri:
1159 4119 1224 4154 corr.
1235 4106 1344 4170 Βοερει,
1360 4103 1386 4156 έν
1395 4108 1455 4156 αδδ.
1471 4105 1571 4158 Usener
1582 4101 1596 4170 11
1613 4099 1712 4167 Παρίου

359 4188 478 4258 ρ.11θθα
489 4193 630 4242 omiserunt
639 4191 760 4256 efflusi]
769 4192 826 4241 coh.
837 4191 896 4241 adv.
907 4189 1012 4255 gentil
1069 4193 1144 4242 Cedr.
1168 4191 1180 4257 11
1206 4190 1280 4260 φησὶν
1303 4192 1380 4242 Gedr.
1405 4195 1519 4259 Roepor:
1543 4193 1618 4260 φασὶν
1635 4186 1705 4246 111ιι11

358 4281 389 4330 τί.
403 4279 513 4329 Krische
526 4281 558 4330 de
571 4281 610 4331 Pl.
622 4281 734 4331 Phaedr.
747 4297 771 4344 ρ.
783 4275 841 4346 5811
853 4283 955 4347 πτηνῶν
968 4279 990 4330 Β
1001 4273 1014 4344 11
1069 4279 1132 4346 μιτά
1144 4277 1191 4347 τὴν
1203 4276 1321 4347 τελευτὴν
1334 4281 1411 4331 Οσότ.
1428 4276 1441 4343 11
1455 4277 1615 4348 δικαστήριον
1624 4277 1691 4329 Cedr-
1701 4267 1711 4335 11

358 4367 374 4418 4
402 4363 534 4435 γενεαλογῃ
570 4368 628 4418 Tim
664 4383 689 4432 p.
711 4365 772 4416 40⁸
803 4361 816 4432 11
845 4364 862 4418 ό
894 4364 1016 4434 συστήσας
1071 4365 1102 4417 18
1125 4371 1177 4416 τῶν
1201 4361 1349 4417 ἀκολοθθων
1368 4367 1444 4417 Cedr.
1470 4363 1483 4433 11
1510 4367 1541 4418 19
1565 4361 1712 4433 μεταβάλλειν

358 4451 385 4505 δέ
406 4450 450 4504 τὸν
473 4451 515 4504 ένα
538 4449 596 4506 θεὸν
618 4453 707 4521 εἰσάγει
730 4453 773 4505 καὶ
796 4449 868 4510 θεοὺς
885 4451 1016 4522 γιννητοῦς
1068 4453 1091 4504 Ο
1115 4449 1128 4519 11
1152 4449 1290 4520 ὡρισμένας
1311 4449 1386 4511 οθσας
1404 4449 1480 4509 ἄλλας
1499 4468 1549 4504 om.
1563 4455 1639 4506 Oedr.
1656 4449 1667 4516 11
1685 4443 1711 4498 10

358 4543 434 4594 Cedr·
449 4539 462 4609 11
478 4541 523 4610 μέν
536 4539 579 4592 οῦν
592 4537 664 4599 θεοὺς
683 4544 706 4593 Τ
721 4537 734 4609 11
748 4540 792 4591 καὶ
804 4538 844 4592 διὰ
862 4538 907 4607 μὲν
919 4543 964 4591 τοῦ
977 4557 1015 4616 γε·
1067 4540 1111 4591 καὶ
1120 4536 1220 4600 ἀξίανΒ
1232 4537 1246 4609 11
1259 4540 1367 4610 έιιάστην
1377 4543 1512 4592 Phaedon.
1526 4540 1611 4592 113⁸:
1621 4539 1711 4598 έκάστης

357 4625 475 4700 γινῆσθαι
503 4627 593 4686 αἰντοῦς
617 4630 717 4687 πάντως
740 4628 850 4696 ἀνάγκην
875 4625 941 4697 ἰχιιν
963 4626 1015 4678 καὶ
1068 4629 1156 4679 θαῦμα
1180 4628 1274 4698 ἑκάστῃ
1299 4629 1355 4680 iibri
1383 4626 1396 4696 11
1420 4627 1452 4680 21
1478 4627 1511 4686 εἰς
1533 4629 1612 4680 Oedr.
1637 4627 1667 4678 B:
1691 4618 1710 4674 11

357 4715 483 4787 φθαρῆναι
489 4712 756 4782 Οεάι.116ἀθανάτους
764 4713 838 4768 πάλιν
847 4713 907 4766 εἶναι
914 4715 991 4766 Gedr.
1000 4711 1014 4781 11
1069 4715 1090 4765 G
1105 4712 1118 4781 11
1133 4713 1167 4767 13
1180 4714 1275 4785 ἑκάστῃ
1290 4719 1367 4782 vulgo
1381 4718 1412 4766 ci.
1427 4735 1450 4766 v.
1464 4713 1499 4766 20
1512 4717 1596 4776 (deest
1609 4711 1685 4771 Cedr.)
1697 4701 1707 4770 11

357 4799 441 4862 ’ίθιδς
453 4805 511 4856 iibri
524 4806 555 4855 ci.
567 4801 708 4872 πθΙΙθγι
721 4801 757 4871 μὴ
771 4799 900 4861 ἰθέλοντος
912 4805 988 4854 Plato
1000 4800 1014 4870 11
1068 4802 1127 4872 φασὶ
1149 4812 1209 4856 κατε
1235 4805 1357 4857 Woiiium
1386 4801 1399 4870 11
1423 4801 1458 4856 24
1481 4801 1545 4870 μετὰ
1566 4807 1619 4854 τῶν
1640 4795 1708 4850 ίλλινι

358 4888 550 4960 θπαραδέχιται
563 4889 805 4959 (1ει1ι.ρ.280,1511
819 4887 1014 4943 1οαἰιτῦννιιαια
1067 4892 1143 4943 Οοάτ.
1164 4888 1177 4956 11
1198 4890 1232 4944 25
1256 4890 1391 4949 αἰωνιαίως
1410 4893 1446 4944 Οι
1473 4889 1585 4948 αἰωνίαις
1604 4891 1636 4942 C:
1658 4883 1706 4934 αἰω-

358 4979 482 5030 Woifium
492 4980 580 5034 (distat
587 4980 675 5041 Cedr.)
686 4977 700 5048 11
714 4979 746 5031 11
760 4978 803 5030 καὶ
817 4987 877 5030 anto
890 4973 1014 5030 ἀθάνατον
1066 4977 1125 5036 νέοις
1143 4980 1231 5032 Miiier
1251 4977 1265 5048 11
1285 4977 1317 5032 27
1337 4977 1403 5048 λέγει
1420 4981 1442 5032 L
1463 4977 1476 5046 11
1497 4977 1530 5032 29
1549 4973 1588 5030 ότι
1605 4973 1660 5052 ἄλλο
1676 4969 1694 5021 Τ
