3708 5738
370 424 433 487 512
756 412 1013 467 πιινιονιιιιεετι
1031 409 1171 463 rnrsrc.
1190 407 1350 460 ουιιιιυιι.

421 591 469 653 καὶ
498 590 551 673 τὴν
581 589 724 670 γλῶτταν·
755 584 789 648 οὐ
819 577 873 666 ηάρ
903 579 1044 645 δύνασθαι
1074 582 1197 644 συνεῖναι
1227 575 1372 658 ἀλλήλων.
1416 568 1453 631 τὰ
1481 568 1515 630 δὲ
1535 565 1617 652 φυτὰ
1638 564 1684 628 διά

420 692 454 755 τὸ
479 691 520 775 μή
543 689 616 752 εἶναι
638 690 723 752 κοῖλα
756 686 832 769 μηδὲ
862 680 1058 767 ἀναδέχεσθαι
1088 681 1137 744 τὸν
1167 680 1240 763 ἀέρα
1269 677 1418 742 παντελῶς
1447 669 1624 756 ἀφῃρῆσθαι
1653 668 1684 729 τὸ

371 803 405 856 45
422 797 548 878 φρονεῖν.
700 787 804 852 ταύτὸν
834 784 859 848 δ’
887 783 978 849 αἴτιον
1008 783 1080 847 εἶναι
1110 783 1158 846 καὶ
1191 781 1234 843 ὅτι
1262 777 1299 840 τὰ
1320 775 1422 840 παιδία
1442 773 1567 858 ἀφρονα.
1612 771 1684 834 πολθ

420 897 475 981 γὰρ
496 893 575 980 ἔχειν
596 894 629 956 τὸ
653 891 752 975 θηρύν,
782 891 859 955 ὥστε
887 890 928 972 μὴ
958 887 1099 951 δύνασθαι
1127 885 1175 948 διὰ
1204 881 1311 952 παντὸς
1340 878 1440 942 διιέναι
1462 881 1514 940 τοῦ
1536 879 1685 958 σώματος,

426 998 501 1064 ἀλλά
523 997 704 1082 ἐκκρίνεσθαι
726 994 791 1077 περὶ
813 991 849 1055 td
872 992 987 1076 στήθη,
1016 992 1061 1054 διὸ
1083 988 1166 1071 νωθῆ
1194 1009 1226 1050 τε
1246 983 1318 1048 εἶναι
1341 983 1390 1047 καὶ
1412 980 1534 1066 ἄφρονα.
1580 977 1681 1064 ὀργίλα
1710 1006 1720 1042 ι

422 1102 455 1165 δὲ
484 1101 532 1164 καὶ
563 1101 638 1168 ύλως
670 1097 814 1182 ὀξύρροπον
843 1095 891 1158 καὶ
914 1094 1123 1176 εῦμετοίπτωτα
1152 1088 1200 1152 διὰ
1221 1089 1255 1152 τὸ
1277 1087 1311 1150 ἐκ
1333 1089 1443 1171 μικρῶν
1466 1081 1619 1168 κρίνεσθαι
1641 1082 1688 1144 τὸν

426 1203 499 1288 ἀέρα
528 1201 634 1266 πολύν·
667 1203 738 1285 ὅπερ
768 1199 816 1262 καὶ
845 1203 898 1282 τῆς
929 1197 1024 1281 λήθης
1046 1193 1136 1258 αἴτιον
1159 1191 1247 1256 εἶναι·
1278 1189 1327 1255 διὰ
1347 1190 1402 1274 γὰρ
1423 1190 1457 1252 τὸ
1480 1187 1521 1270 μὴ
1544 1185 1621 1250 ἰέναι
1643 1185 1689 1248 διὰ

424 1306 529 1374 παντὸς
550 1311 602 1370 τοῦ
625 1307 760 1384 σώματος
782 1303 816 1366 οῦ
838 1299 979 1366 δύνασθαι
1003 1302 1141 1363 συνεῖναι·
1171 1298 1291 1380 σημεῖον
1313 1293 1362 1358 δέ·
1393 1291 1441 1355 καὶ
1463 1289 1517 1374 γάρ
1539 1293 1602 1358 τοῖς
1625 1288 1689 1350 ἀνα-

424 1410 667 1492 μιμνησκομένοις
688 1409 740 1492 τήν
764 1406 885 1490 ἀπορίαν
908 1403 979 1468 εἶναι
1003 1403 1067 1488 περὶ
1085 1402 1118 1464 τὸ
1141 1398 1268 1482 στῆθος,
1298 1398 1366 1462 ύταν
1389 1396 1422 1458 δὲ
1442 1395 1578 1478 εὕρωσιν,
1596 1391 1690 1454 ιθια-

422 1509 642 1576 exserenda?
670 1511 719 1573 καλ
741 1506 985 1593 ἀνακουφίζεσθαι
1007 1511 1060 1590 τῆς
1080 1506 1182 1587 λύπης.
1713 1523 1733 1559 ιι

372 1625 407 1678 46
532 1612 704 1695 Διογένης
726 1612 778 1694 μὲν
800 1609 851 1674 οῦν
872 1611 965 1673 πάντα
988 1609 1161 1695 βουλόμενος
1183 1607 1317 1669 ἀνάπτειν
1339 1609 1382 1688 τῷ
1406 1601 1469 1687 ἀέρι
1484 1603 1604 1664 πολλῶν
1620 1598 1689 1662 ἀπο

424 1715 551 1778 λείπεται
575 1715 647 1798 πρὸς
669 1713 772 1777 πίστιν.
817 1713 884 1777 ούτε
905 1712 959 1798 ηάρ
980 1713 1033 1797 πἠν
1055 1711 1192 1795 αἴσθησιν
1215 1708 1283 1772 οὔτε
1303 1707 1355 1790 τὴν
1371 1704 1508 1790 φρόνησιν
1524 1700 1599 1766 ἴθιον
1614 1705 1691 1765 ποιεῖ

425 1823 483 1880 τῶν
513 1811 665 1901 ἐμψύχων.
710 1813 780 1885 ἴσως
810 1816 865 1900 γὰρ
897 1816 945 1879 καλ
974 1815 1048 1899 ἀέρα
1075 1819 1204 1879 τοιοῦτον
1234 1811 1282 1874 καὶ
1312 1812 1414 1894 κρᾶσιν
1439 1807 1488 1870 καὶ
1511 1803 1689 1890 συμμετρίαν

427 1919 574 2005 ἐνδέχεται
597 1923 748 2002 πανταχοῦ
769 1919 817 1982 καὶ
839 1921 926 1982 πᾶσιν
949 1918 1104 2003 ὑπάρχειν,
1133 1917 1159 1980 εί
1189 1917 1222 1979 δὲ
1252 1916 1312 1998 μή,
1341 1915 1426 1974 τοῦτο
1456 1909 1528 1975 αὐτὸ
1558 1907 1685 1971 λεκτέον.

424 2021 466 2086 ἔτι
490 2022 522 2084 δὲ
544 2021 592 2084 καὶ
614 2020 644 2083 ἐν
675 2021 776 2090 αὐτοῖς
804 2023 866 2089 ταῖς
888 2019 1036 2105 διαφόροις
1055 2019 1244 2103 αἰσθήσεσιν,
1274 2016 1351 2079 ὥστε
1380 2012 1554 2098 ἐνδέχεσθαι
1577 2010 1615 2073 τά
1637 2013 1687 2091 τῆς
1704 2035 1724 2072 ιι

427 2123 523 2209 ὄψεως
545 2124 597 2207 τἠν
620 2124 712 2206 ἀκοήν
735 2123 839 2208 κρίνειν
862 2123 910 2186 καὶ
933 2124 1006 2207 ἅπερ
1029 2124 1114 2206 ἡμεῖς
1134 2145 1170 2204 τη
1195 2121 1347 2205 ὀσφρήσει,
1368 2121 1459 2180 ταῦτα
1481 2114 1553 2178 ἄλλο
1568 2137 1596 2177 τι
1613 2113 1688 2199 ζῶον

426 2227 512 2313 ἑτέρα
541 2225 590 2290 διὰ
618 2227 652 2288 τὸ
682 2226 734 2308 τήν
764 2226 854 2309 αὐτὴν
884 2223 963 2310 ἔχειν
993 2229 1110 2310 κρᾶσιν·
1142 2224 1219 2288 ὥστε
1248 2225 1296 2288 καλ
1326 2221 1364 2302 κη’
1394 2220 1459 2304 περὶ
1486 2219 1535 2282 τὸν
1564 2217 1688 2300 θώρακα

427 2330 560 2412 ἀναπνοή
589 2329 692 2414 κρίνειν
722 2328 788 2392 τότε
817 2327 868 2398 τάς
898 2329 1007 2410 ὀσμάς·
1038 2327 1187 2413 ἐνδέχεται
1216 2328 1270 2411 γὰρ
1300 2325 1392 2390 ἐνίοτε
1421 2322 1583 2406 σύμμετρον
1616 2317 1685 2382 εἶναι

376 2445 410 2497 47
429 2434 554 2502 ταύταις.
707 2431 804 2514 εὐήθη
834 2432 867 2494 δὲ
895 2431 944 2494 καί
973 2429 1010 2493 τά
1039 2430 1104 2514 περὶ
1133 2431 1186 2514 τὴν
1209 2427 1285 2514 ὄψιν,
1315 2432 1355 2498 ῶς
1384 2427 1429 2512 τηῖ
1459 2426 1524 2510 ἀέρι
1544 2425 1590 2509 τῷ
1613 2421 1690 2490 ἐντὸς

432 2541 562 2623 ὁρῶμεν·
597 2533 673 2598 ἀλλὰ
711 2533 824 2618 ἐλέγχει
860 2532 912 2614 μέν
940 2554 1003 2603 πως
1028 2533 1095 2602 τοῦς
1122 2532 1175 2616 τὴν
1209 2529 1333 2617 ἔμφασιν
1365 2534 1533 2606 ποιοῦντας,
1567 2527 1603 2592 ού
1637 2525 1691 2609 μὴν
1707 2555 1728 2593 ει

424 2641 511 2708 αὐτὸς
545 2637 621 2720 λέχει
653 2637 706 2720 τὴν
738 2635 842 2698 αἰτίαν.
887 2631 987 2698 ἔπειτα
1022 2635 1055 2696 τὸ
1096 2636 1149 2718 μὲν
1180 2633 1371 2720 αἰσθάνεσθαι
1400 2635 1448 2698 καὶ
1478 2634 1605 2719 ἥδεσθαι
1642 2632 1687 2696 καὶ

426 2745 539 2828 φρονεῖν
563 2739 602 2822 τῇ
625 2761 657 2802 τε
686 2737 820 2820 ἀναπνοή
849 2737 897 2800 καὶ
926 2759 964 2820 τη
994 2736 1067 2820 μίξει
1096 2741 1149 2800 τοῦ
1177 2737 1298 2819 αἵματος
1326 2737 1495 2802 ἀποδίδωσι.
1539 2735 1689 2800 πολλὰδὲ

428 2849 486 2908 τῶν
511 2841 595 2927 ζῴων
617 2839 654 2904 τά
677 2841 728 2923 μὲν
750 2839 869 2922 ἄναιμα,
891 2841 927 2904 τὰ
949 2841 982 2903 δέ
1005 2841 1081 2910 ύλως
1103 2839 1156 2904 οὐκ
1179 2841 1312 2904 ἀναπνεῖ·
1335 2841 1383 2904 καὶ
1406 2841 1432 2904 εί
1454 2843 1498 2904 δεῖ
1519 2839 1569 2903 διὰ
1584 2837 1688 2906 παντὸς

426 2951 477 3012 τοῦ
505 2947 639 3026 σώματος
666 2942 766 3006 διιέναι
793 2943 845 3027 τὴν
872 2943 1028 3027 ἀναπνοήν,
1051 2942 1126 3007 ἀλλὰ
1147 2941 1217 3027 (μὴ)
1248 2944 1356 3029 μορίων
1377 2948 1463 3006 τινῶν
1493 2940 1614 3029 (μικροῦ
1634 2939 1686 3024 γὰρ

429 3051 514 3115 ἕνεκα
535 3044 613 3110 τοῦτ’
649 3043 754 3131 ἔστιν),
783 3045 870 3108 ούθὲν
898 3044 933 3108 ἀν
955 3045 1063 3110 κωλύοι
1085 3047 1134 3110 διοί
1155 3069 1188 3128 γε
1209 3051 1294 3110 τοῦτο
1324 3048 1373 3110 καὶ
1394 3046 1431 3109 τὰ
1452 3047 1546 3110 πάντα
1569 3045 1619 3110 καὶ
1643 3065 1687 3127 με-
1704 3067 1724 3106 ιι

429 3152 557 3238 μνῆσθαι
579 3151 628 3214 καὶ
651 3153 773 3234 φρονεῖν.
793 3153 854 3188 ‘⁸'
887 3145 929 3210 έτι
952 3148 984 3210 δὲ
1006 3148 1032 3210 εί
1053 3149 1101 3212 καὶ
1123 3152 1208 3211 τοῦτο
1231 3147 1409 3236 συνέβαινεν,
1439 3149 1493 3212 οὐκ
1522 3147 1557 3212 ἀν
1579 3147 1618 3232 ήν
1641 3145 1686 3230 ἐμ

427 3258 536 3320 ποθῶν.
574 3252 608 3315 ού
630 3251 684 3336 γὰρ
706 3249 735 3313 ἐν
758 3250 848 3316 ἅπασι
870 3255 930 3320 τοῖς
952 3249 1067 3334 μέρεσιν
1090 3253 1106 3316 ύ
1128 3255 1204 3332 νοῦς,
1227 3251 1287 3316 οἷον
1310 3253 1340 3316 ἐν
1355 3255 1414 3320 τοῖς
1431 3249 1544 3316 σκέλεσι
1560 3251 1612 3316 καλ
1631 3253 1688 3318 τοῖς

426 3357 527 3434 ποσίν,
557 3356 632 3419 ἀλλά
661 3355 691 3418 ἐν
722 3354 907 3439 ὡρισμένοις,
940 3351 976 3416 δι’
1005 3353 1046 3416 ῶν
1076 3355 1124 3416 καὶ
1155 3355 1183 3417 οί
1212 3353 1242 3418 ἐν
1265 3353 1364 3439 ἡλικίᾳ
1386 3355 1435 3419 καλ
1459 3353 1619 3438 μέμνηνται
1642 3351 1687 3416 καὶ

378 3490 470 3498 .----
478 3486 577 3495 ...ι-...-

379 3549 514 3602 1συνιῐναι
526 3547 583 3599 PF:
602 3543 708 3596 συνιέναι
716 3545 860 3598 Schneider
872 3552 899 3594 et
911 3545 942 3595 ci.
959 3541 1033 3611 ν.θΗ
1087 3543 1119 3596 18
1141 3543 1197 3596 τύτι
1221 3547 1269 3596 fuit
1286 3547 1330 3610 qni
1347 3559 1407 3596 ποτε
1426 3547 1554 3610 corrigere
1572 3549 1659 3598 vellet.
1693 3545 1732 3596 ecd
1808 3589 1809 3596 ,

378 3631 557 3706 θάναιρεῖσθαι
569 3635 627 3686 Ρθι
647 3649 713 3684 corr.
725 3633 867 3686 Schneider
886 3627 900 3699 ΙΙ
920 3629 1033 3696 idcirce,
1084 3633 1218 3698 intellegor
1236 3633 1261 3684 ei
1278 3631 1731 3702 enumenetccdencerhycnm
1808 3613 1809 3646 ³

377 3728 470 3776 sedin
488 3738 552 3787 σοις.
566 3739 632 3773 corr.
645 3737 685 3786 pr.
703 3722 732 3771 F.
751 3730 813 3787 pute
825 3739 911 3772 eerem
929 3721 1032 3774 cini.
1085 3709 1729 3792 omnincentirici.p.5115‚ll1119efinde<Ste-
1808 3747 1809 3778 ι

378 3812 412 3864 24
426 3831 450 3878 p.
464 3809 524 3874 511,
534 3809 568 3862 29
589 3805 601 3876 Η
621 3809 666 3859 τοῦ
680 3806 858 3875 σώματος-5
873 3808 969 3877 ἄφρονα
982 3826 1032 3860 om.
1085 3809 1184 3875 phenne
1196 3819 1221 3860 et
1232 3806 1261 3860 τὸ
1273 3809 1327 3878 περὶ
1341 3809 1483 3862 Schneider
1499 3812 1531 3862 cf.
1543 3809 1558 3874 ξ
1571 3809 1608 3863 48
1625 3807 1639 3879 ΙΙ
1657 3807 1731 3876 ἀστέρι

379 3919 416 3967 pr.
429 3901 463 3962 1e3
477 3899 535 3949 edd.
549 3907 575 3948 et
587 3899 654 3948 inter
666 3913 754 3947 verene
769 3899 832 3948 etin
845 3913 908 3962 τοις.
922 3913 972 3948 ecc.
985 3897 1006 3948 F
1018 3891 1033 3964 ΙΙ
1085 3897 1106 3946 θ’
1124 3898 1170 3948 sed
1188 3895 1255 3966 οτίρι
1277 3900 1426 3962 rescriptum
1447 3893 1460 3965 ΙΙ
1479 3896 1514 3952 20
1532 3895 1668 3967 ἐλέγχομέν
1684 3915 1731 3954 πως
1808 3883 1809 3948 J

379 3990 394 4042 6
414 3981 533 4038 κινεῖσθαι
552 3987 586 4037 Ρι
611 3985 757 4035 oblitterata
780 3993 838 4050 poet
859 3982 888 4034 τὸ
906 3986 984 4035 θείνει
1000 3983 1033 4051 iij:
1085 3985 1142 4036 PF:
1162 4001 1226 4035 corr.
1248 3986 1394 4052 Stephanus
1414 3981 1428 4054 ΙΙ
1453 3985 1487 4038 θθ
1505 4004 1537 4058 τη
1555 4005 1582 4040 τε
1601 3995 1729 4045 wimmer:
1808 4013 1809 4036 ι

380 4078 479 4126 correxi
504 4075 534 4124 cf.
553 4071 608 4124 nh
627 4081 653 4122 ei
675 4069 807 4138 p.511,2.
842 4069 867 4123 ἐν
890 4078 973 4143 μικρῷ
996 4089 1033 4124 κι-
1086 4069 1122 4122 ἔτι
1141 4068 1166 4122 δέ
1185 4073 1228 4125 PF
1248 4071 1262 4142 ΙΙ
1282 4071 1316 4126 θθ
1334 4071 1378 4124 καλ
1397 4073 1418 4124 εί
1435 4071 1473 4126 δεῖ
1490 4079 1511 4128 Ρ
1530 4095 1569 4143 pr.
1588 4081 1624 4131 F:
1644 4077 1685 4128 καλ
1701 4074 1732 4126 θεῖ

378 4157 471 4213 νεῖσθαι
498 4163 565 4211 coni.
584 4160 727 4212 Schneider
746 4155 760 4228 ΙΙ
780 4160 796 4212 8
815 4165 919 4211 συνεῖναι
937 4163 970 4212 P:
990 4161 1034 4212 καὶ
1085 4175 1162 4211 reecr.
1180 4161 1201 4211 F
1221 4157 1236 4228 ΙΙ
1255 4158 1289 4213 24
1307 4163 1394 4212 addidi
1414 4161 1459 4232 μή.
1478 4174 1560 4216 verce:
1580 4173 1604 4218 ει
1620 4163 1729 4227 eieceri-

380 4252 483 4301 συνεῐναι
496 4249 530 4300 F:
550 4247 655 4300 συνιέναι
668 4247 810 4299 Schneider
829 4243 843 4316 ΙΙ
864 4247 878 4300 9
898 4245 1035 4299 θιασκίθνα·
1083 4248 1212 4300 rationem
1223 4263 1324 4302 necem
1339 4260 1378 4302 εει
1391 4263 1442 4316 per
1456 4257 1534 4302 totum
1551 4267 1661 4320 eorpus,
1682 4264 1730 4300 αοιι

379 4333 434 4389 σθαι
456 4353 491 4388 ec.
523 4351 591 4388 ecre.
611 4338 724 4387 servavit
741 4337 857 4386 Ionicum
876 4337 985 4386 formem
1004 4337 1034 4387 ci.
1082 4351 1132 4405 per
1148 4346 1238 4402 partes
1258 4344 1360 4389 tantem
1375 4353 1515 4404 permeare
1532 4344 1605 4394 velut
1627 4357 1671 4408 per
1689 4353 1728 4390 σε·

377 4424 446 4490 555.
461 4423 494 4479 56
515 4420 528 4492 ΙΙ
552 4419 583 4474 13
602 4426 654 4474 τῶν
673 4419 756 4490 ὄψεων
768 4425 826 4474 PF:
845 4427 897 4473 τῶν
913 4419 1035 4491 ἐμψύχων
1084 4442 1124 4476 ree
1143 4427 1216 4490 (nam
1232 4441 1331 4494 parram
1348 4426 1396 4479 hcc
1408 4428 1524 4496 efficitur
1537 4433 1607 4482 reiut
1620 4425 1728 4484 olfactus)

378 4516 480 4580 scripsit
490 4515 616 4564 Wimmer
628 4510 687 4575 τάξ
704 4507 735 4561 12
750 4507 763 4571 Η
778 4508 820 4562 τὸν
832 4507 907 4561 αὺτὸν
920 4515 951 4562 ci.
967 4531 990 4562 ν.
1004 4511 1034 4563 17
1085 4523 1173 4565 tamen
1204 4529 1254 4580 per
1284 4515 1331 4567 hcc
1357 4514 1400 4567 cel
1425 4517 1516 4568 omnic
1549 4520 1670 4570 animalia
1694 4527 1728 4564 ιν·

378 4620 432 4654 non
446 4603 616 4652 neceesarium
629 4609 668 4650 eet
687 4595 701 4666 ΙΙ
724 4597 755 4650 15
774 4595 849 4648 inei
862 4615 895 4648 ec.
911 4595 1035 4667 ἐνδέχεται
1082 4602 1170 4667 ριίανε
1192 4601 1259 4653 nihil
1280 4613 1318 4654 εει
1336 4601 1406 4670 qued
1420 4604 1563 4670 prohibeat.
1600 4609 1652 4657 iem
1674 4615 1728 4653 vero
1808 4637 1809 4640 ι

376 4688 419 4742 τὸν
436 4691 548 4740 τοιοῦτον
567 4685 628 4756 ἀέρα
645 4684 764 4754 θπάρχειν
784 4681 796 4753 ΙΙ
821 4687 853 4740 16
876 4683 959 4754 ὥσπερ
977 4688 1033 4738 PF:
1085 4707 1162 4742 censa
1184 4693 1312 4744 intercidit
1335 4695 1405 4744 velut
1428 4687 1503 4744 οθθθν
1521 4691 1567 4761 γάρ
1592 4689 1621 4744 ἀν
1644 4683 1727 4740 κωλύοι

378 4779 487 4828 correxi.
516 4791 576 4826 nam
594 4784 620 4824 et
638 4771 678 4825 θιά
695 4771 724 4824 τὸ
741 4771 788 4841 τὴν
806 4769 885 4842 αὐτὴν
903 4776 990 4842 κρᾶσιν
1008 4783 1035 4825 et
1085 4775 1227 4835 διαπαντὸς
1240 4777 1354 4830 ἀναπνεῖν
1367 4777 1381 4847 ΙΙ
1396 4776 1582 4832 inimiculi:
1601 4773 1727 4844 κωλθηΡι

378 4867 525 4930 proximum
547 4863 693 4927 exemplum
716 4877 835 4912 sensuum
859 4865 1033 4927 promiscuum
1086 4879 1151 4936 corr.
1174 4866 1320 4930 Stephanus
1345 4862 1359 4934 ΙΙ
1384 4865 1418 4919 28
1436 4864 1650 4936 ῶρισμίνσιςΡθι
1668 4876 1725 4914 corr·

378 4967 452 5002 usum
469 4951 574 5016 probari
592 4950 667 5000 docet
686 4945 699 5015 Η
721 4947 753 5001 17
772 4945 842 5017 ίτερα
861 4949 917 5000 PF:
941 4953 1033 5016 ncripei
1085 4951 1218 5004 Ccmctiue
1231 4951 1398 5023 (ὡρισμαίνοις
1411 4953 1590 5025 veniarum}
1606 4947 1726 5018 011³:ss

378 5038 451 5108 ίτέρφ
469 5055 504 5088 ιιυΔ
524 5031 636 5106 αἰσθήσει
655 5038 686 5086 ci.
707 5055 729 5087 v.
746 5035 777 5090 15
797 5032 810 5104 ΙΙ
830 5040 862 5107 τῆ
880 5040 915 5089 P:
935 5035 964 5088 τθ
981 5039 1001 5089 F
1018 5031 1032 5106 Η
